3825 5759
687 678 837 745 OPERA
860 679 1026 745 OMNIA.
1354 682 1411 745 aiii

307 846 403 905 aucta
416 845 478 919 est,
494 848 532 904 ut
548 846 752 923 aegrotorum
767 842 849 908 vires
868 843 974 909 eidem
988 843 1197 928 perferendae
1210 844 1300 909 haud
1317 864 1411 927 pares
1425 856 1567 938 Q

307 950 427 1009 essent.
452 942 690 1027 Sydenbamius
701 965 784 1023 vero,
797 944 852 1028 qui
866 953 1059 1029 cognoverat
1072 946 1158 1011 illins
1168 946 1268 1011 febris
1279 948 1412 1031 genium

309 1046 684 1125 esseinflammatorium,
694 1054 780 1112 recte
790 1049 1012 1133 perspiciebat,
1019 1050 1177 1133 ejusmodi
1185 1051 1299 1117 morbo
1309 1072 1412 1115 reme·

310 1149 364 1213 dia
377 1149 517 1213 maxime
531 1150 750 1215 calefacientia
769 1172 939 1235 opponere,
954 1152 1041 1217 idem
1057 1174 1126 1217 esse
1140 1155 1220 1218 acsi
1234 1156 1307 1239 quis
1320 1155 1412 1219 flam·

310 1274 399 1317 mam
410 1252 481 1317 oleo
491 1253 680 1337 extinguere
694 1254 798 1318 vellet.
822 1253 930 1325 Quam
941 1255 983 1319 ob
993 1277 1074 1336 rem,
1085 1256 1149 1320 nisi
1160 1258 1229 1341 jam
1239 1256 1412 1341 parotides,

311 1354 469 1435 bubones,
484 1356 654 1421 anthraces
668 1364 701 1421 et
716 1356 905 1421 carbunculi
915 1378 1099 1441 comparere
1110 1361 1300 1444 coepissent,
1311 1362 1412 1445 larga,

311 1480 414 1543 eaque
437 1460 476 1542 (si
498 1461 671 1525 necessitas
692 1460 846 1544 urgeret)
871 1460 1041 1545 aliquoties
1061 1465 1209 1547 repetita,
1230 1486 1412 1530 venae-sec-

312 1563 403 1627 tione
427 1563 566 1627 nimium
588 1564 755 1647 sanguinis
779 1564 939 1649 impetum
962 1572 1039 1629 ante
1063 1567 1173 1629 omnia
1201 1590 1412 1651 compescere,

313 1665 390 1730 dein
405 1673 438 1730 et
451 1667 528 1731 lecti
542 1668 647 1732 calore
662 1674 695 1732 et
704 1667 854 1733 remediis
869 1667 1055 1733 sudorit'eris
1070 1668 1221 1732 sudorem
1231 1692 1411 1752 provocare,

313 1770 461 1852 sequenti
486 1776 596 1835 autem
619 1770 670 1835 die
694 1770 801 1835 aluam
825 1792 963 1849 movere,
986 1770 1123 1835 studuit.
1167 1770 1261 1838 Quae
1282 1773 1413 1855 quidem

312 1872 466 1937 medendi
485 1872 666 1953 methodus,
682 1896 721 1939 ex
743 1881 892 1939 accurata
910 1874 1009 1940 febris
1030 1895 1113 1960 quae
1133 1896 1209 1940 cum
1229 1874 1292 1939 hac
1308 1875 1413 1940 Pestis

313 1974 471 2059 epidemia
492 1977 666 2061 conjuncta
686 1984 757 2041 erat
781 1977 1037 2043 consideratione
1060 1977 1208 2058 deducta,
1231 1998 1355 2056 omnes,
1377 1978 1414 2041 in

314 2078 431 2161 quibus
446 2099 485 2143 ea
498 2086 624 2143 mature
639 2088 672 2145 et
686 2080 846 2164 intrepide
863 2080 950 2165 (nam
972 2102 992 2145 a
1004 2081 1144 2165 repetita
1156 2082 1414 2146 venaeaectione

313 2181 420 2260 multi,
439 2181 730 2265 praejudicatarum
752 2184 941 2267 opinionum
963 2184 1099 2249 vincula
1120 2184 1247 2263 irretiti,
1262 2184 1412 2251 abhorre-

312 2282 417 2365 bant)
434 2283 657 2365 adhibebatur,
672 2287 785 2351 mortis
807 2286 954 2351 faucibus
972 2286 1155 2351 felicissime
1174 2286 1302 2370 eripuit.
1346 2287 1414 2351 Ne-

314 2408 377 2470 que
391 2387 574 2454 infelicior
565 2411 601 2453 ιιι
614 2390 676 2454 boc
694 2390 806 2455 morbo
823 2390 967 2455 curando
982 2397 1059 2455 ante
1075 2389 1332 2481 Sidenhamium
1346 2390 1414 2453 vul·

314 2491 400 2574 garis
426 2492 557 2575 quidam
583 2492 762 2577 Chirurgus
787 2494 859 2572 fuit,
883 2495 939 2578 qui
962 2515 1001 2559 ex
1024 2493 1144 2557 dissitis
1168 2493 1389 2576 regionibus
1379 2516 1414 2557 m

314 2594 519 2659 Britanniam
532 2596 635 2661 redux
649 2618 724 2662 cum
738 2598 831 2662 aliis
822 2620 857 2662 ιιι
871 2596 1030 2681 praesidio
1045 2596 1176 2661 Castelli
1191 2596 1338 2661 Dunatar
1352 2596 1416 2659 col·

314 2698 439 2763 locatim
455 2698 550 2764 arath
583 2700 696 2779 Pestis,
712 2722 794 2785 quae
808 2701 904 2765 tum'
895 2722 930 2764 m
945 2699 1062 2763 vicinia
1075 2698 1315 2782 grassabatur,
1305 2720 1342 2763 m
1356 2698 1417 2763 hoo

315 2822 444 2885 quoque
458 2802 609 2867 Castrum
623 2804 748 2869 invecta
762 2803 936 2869 nonnullos
950 2802 1070 2865 milites
1083 2801 1305 2884 praesidiarios
1316 2802 1414 2865 truci·

315 2902 457 2984 daverat,
473 2912 506 2969 et
520 2906 608 2971 haud
622 2907 691 2971 leve
704 2906 883 2991 periculum
902 2902 1093 2966 imminebat
1112 2922 1155 2965 ne
1174 2908 1282 2965 totum
1296 2902 1415 2984 praesi-

315 3006 407 3071 dium
421 3008 534 3074 morbo
548 3009 781 3075 succumberet.
815 3006 994 3088 Chirurgus
1005 3010 1115 3068 autem
1129 3004 1183 3067 ille
1198 3002 1303 3067 Castri
1319 3004 1415 3066 Prae·

315 3108 438 3174 fectirm
451 3113 575 3195 rogavit
595 3120 634 3177 ιιι
653 3112 715 3197 ipsi
732 3112 842 3175 boaret
860 3128 992 3172 suonam
1009 3105 1266 3171 commilitonum
1285 3104 1417 3169 sanitati

316 3222 352 3277 et
365 3213 449 3279 vitae
469 3216 549 3281 adeo
564 3238 622 3281 suo
644 3216 740 3280 modo
757 3214 946 3299 prospicere.
993 3210 1091 3278 Quod
1105 3232 1181 3276 cum
1199 3210 1261 3296 ipsi
1282 3208 1416 3294 permis

316 3340 391 3382 sum
405 3326 499 3398 esset,
514 3320 665 3384 omnibus
684 3319 856 3397 stantibus,
872 3317 975 3382 donec
994 3314 1128 3400 pedibus
1144 3314 1279 3381 delicere
1295 3314 1416 3398 incipe·

316 3428 401 3499 rent,
417 3422 609 3506 sanguinem
624 3422 780 3487 detraxit:
805 3442 868 3505 quo
882 3421 969 3485 facto
989 3420 1025 3483 in
1046 3418 1211 3502 tuguriola
1230 3418 1272 3482 ad
1286 3418 1417 3482 decum-

316 3523 462 3589 beudum
477 3524 608 3589 dimisit.
647 3524 853 3608 Quamquam
865 3529 976 3587 antem
989 3528 1117 3606 praeter
1127 3522 1417 3585 venae-motionem

317 3626 409 3691 nullo
423 3627 487 3691 alio
500 3626 641 3693 remedio
655 3628 819 3706 utebatur,
831 3632 942 3690 tamen
957 3645 1079 3702 omnes,
1090 3624 1152 3688 hoe
1166 3622 1262 3689 modo
1276 3625 1417 3703 tractati,

316 3725 538 3795 servabantru.
583 3730 676 3795 Idem
705 3726 932 3795 recentissimis
961 3724 1161 3809 temporibus
1190 3732 1339 3808 expertus
1369 3732 1418 3789 est

318 3833 393 3897 ΠΜ·
424 3833 544 3913 Salina,
575 3834 631 3918 qui
658 3834 826 3917 Aleppone
860 3828 1060 3895 Medicinam
1096 3826 1293 3893 adhucdum¹
1321 3827 1417 3892 facit:

317 3956 431 4000 omnes
448 3936 546 4015 enim,
562 3936 618 4020 qui
632 3935 668 4000 in
691 3934 785 4021 Syria
801 3934 908 4011 Peste,
924 3951 1007 4015 quae
1026 3950 1120 4013 saepe
1139 3928 1280 3995 maxime
1293 3929 1419 3993 milam·

318 4038 474 4103 ιιιιιιοιιιο
490 4038 608 4104 indolis
630 4058 699 4103 esse
721 4036 832 4115 soleat,
847 4034 1071 4119 corripiantur,
1084 4034 1168 4098 mori
1187 4040 1337 4112 testatur,
1356 4031 1419 4096 nisi

317 4142 427 4225 largae
441 4162 555 4207 venae-
556 4142 714 4207 sectiones
728 4139 953 4205 instituantur.

357 4244 440 4329 [la]
460 4246 540 4311 Non
548 4246 652 4309 solum
664 4250 772 4309 autem
783 4242 922 4307 feliciore
933 4240 1050 4305 horum
1060 4238 1248 4302 morborum
1256 4235 1422 4299 curatione
1434 4200 1561 4317 constiu-

318 4368 417 4431 qnam
439 4356 515 4413 ante
534 4348 642 4431 ipsum
660 4346 818 4412 habuerat
836 4344 955 4421 locum,
971 4341 1028 4406 sed
1050 4338 1150 4403 etiam
1171 4345 1323 4402 scemata
1335 4313 1484 4401 Con-¹¹⁰n
1434 4384 1482 4434 que
1450 4318 1573 4429 Μῖἶῗ

318 4450 527 4515 stitutionum
544 4450 787 4545 Epidemiarum
806 4444 1027 4511 observatione
1048 4438 1286 4524 Sydenhamius
1300 4438 1421 4523 optime
1434 4432 1527 4546 Ἕω
1525 4447 1573 4541 ξ’

317 4554 360 4619 de
386 4554 553 4620 Medicina
577 4555 707 4620 menrit.
752 4549 894 4617 Asaidua
916 4547 1005 4611 enim
1029 4566 1141 4611 earum
1166 4544 1421 4611 consideratione
1434 4572 1527 4610 ιιιιιιι
1502 4557 1545 4605 ιιι

315 4658 479 4723 invenisse
494 4660 554 4724 sibi
569 4658 747 4735 videbatur,
764 4659 869 4719 adrem
891 4650 1182 4735 atmosphaericum
1195 4650 1284 4713 intra
1297 4653 1423 4710 certum

315 4782 480 4826 annorum
504 4762 645 4843 spatium
668 4760 715 4823 ita
739 4754 978 4832 immolarint
1007 4752 1183 4837 peculiares
1211 4748 1287 4812 inde
1312 4745 1424 4807 Morbi

388 4892 400 4925 Ι
419 4890 456 4936 Cl.
469 4890 559 4937 ibidii.
572 4892 593 4937 2.
608 4888 648 4935 ²9.
1133 4875 1139 4907 ¹
1158 4878 1196 4923 So.
1210 4884 1274 4919 anno
1287 4866 1357 4913 1827.
1413 4900 1418 4909 .
