3825 5759
547 627 794 695 SOHEDULA
815 630 1082 699 MONITORIA
1097 632 1173 699 m.
1346 638 1411 700 525

312 783 460 869 diligenti
485 808 561 852 cum
586 810 662 854 cura
690 791 870 857 tenendum
898 794 971 876 est,)
1002 816 1057 859 me
1084 794 1216 874 refici03
1251 794 1364 861 statim
1393 810 1564 862 susurrem

311 888 446 971 prandio
467 911 524 973 per
546 892 688 975 singulos
711 894 778 958 dies
795 895 863 958 vini
883 895 1038 961 Canarini
1059 897 1132 981 plus
1154 896 1275 982 aliquid
1298 905 1414 981 quarta

311 998 403 1073 parte
417 992 518 1056 librae
535 993 604 1077 (seu
615 996 748 1077 pictae)
772 997 921 1080 vulgaris,
938 998 981 1062 ad
998 1000 1249 1082 promovendam
1267 1000 1413 1065 ciborum

311 1091 347 1155 in
369 1092 545 1158 ventriculo
569 1098 820 1177 concoctionem,
844 1106 877 1163 et
901 1100 943 1163 ad
967 1100 1170 1165 arthritidem
1195 1123 1216 1165 a
1239 1102 1413 1166 visceribus

311 1194 421 1275 procul
444 1197 625 1277 arcendam,
640 1199 769 1264 haurire
789 1202 884 1265 soleo.
931 1202 1073 1267 Pramus
1090 1204 1210 1267 iterum
1227 1202 1330 1268 rheda
1341 1226 1413 1269 vec·

311 1300 372 1374 tor,
388 1302 430 1375 ct,
447 1299 570 1381 quoties
584 1322 642 1385 per
657 1303 881 1386 occupationes
895 1324 984 1368 meas
997 1326 1065 1369 non
1080 1304 1244 1384 distineor,
1254 1326 1311 1369 rus
1324 1314 1412 1390 peto,

312 1396 395 1461 aeris
425 1399 607 1465 salubrioris
640 1402 818 1487 inspirandi
850 1405 964 1489 gratia,
999 1406 1040 1470 ad
1075 1406 1225 1470 milliaria
1260 1406 1326 1471 duc
1360 1409 1412 1471 vel

311 1498 382 1562 tria.
428 1501 604 1567 Cerevisiae
618 1506 772 1571 tenuioris
787 1506 922 1571 haustus
936 1508 1017 1571 mihi
1030 1529 1089 1592 pro
1103 1528 1203 1571 coena
1216 1516 1266 1571 est
1274 1534 1284 1586 3
1307 1509 1364 1572 sed
1377 1516 1411 1573 et

310 1600 399 1667 hunc
417 1612 528 1687 repeto
546 1606 643 1671 etiam
660 1608 696 1671 in
716 1609 845 1688 lectudo,
861 1632 913 1674 me
932 1611 1002 1694 jam
1023 1610 1065 1674 ad
1086 1632 1237 1674 somnum
1254 1611 1411 1694 composi·

310 1708 422 1784 turus3
444 1706 541 1790 idque
563 1728 601 1773 eo
621 1710 696 1791 fine,
712 1718 751 1775 ut
770 1710 831 1777 hoc
850 1712 974 1796 julapio
996 1734 1107 1777 succos
1126 1732 1214 1777 acres
1229 1712 1412 1795 calidosque

309 1804 345 1867 in
357 1806 503 1873 Renibus
518 1810 726 1892 stabulantes,
738 1834 756 1878 e
768 1814 884 1897 quibus
896 1814 933 1879 fit
948 1815 1099 1893 calculus,
1113 1814 1300 1897 raffigerem
1314 1814 1412 1879 simul

310 1926 347 1970 ac
362 1908 492 1975 diluam.
537 1912 609 1996 Ilgo
622 1935 697 1979 vero
711 1921 744 1979 et
758 1915 812 1981 hic
834 1924 867 1980 et
883 1914 973 1980 inter
984 1916 1211 1999 prandendum
1225 1916 1411 1981 cerevisiam

308 2014 442 2075 tenuem
466 2014 656 2097 lupulatam,
680 2016 847 2082 cerevisiae
870 2038 938 2081 non
966 2017 1141 2102 lupulatae,
1171 2016 1410 2099 quantumlibet

308 2113 402 2177 tenui
423 2134 461 2178 ac
482 2115 564 2195 miti,
584 2118 826 2202 praeferendam
852 2140 987 2185 censeo:
1017 2120 1093 2183 licet
1118 2117 1205 2182 enim
1224 2138 1293 2182 non
1313 2117 1410 2201 lupu-

309 2212 383 2293 lata,
399 2217 533 2282 mollitie
548 2240 585 2283 ac
599 2220 781 2286 lubricitate
796 2244 861 2306 qua
881 2222 990 2305 pollet,
1006 2220 1049 2286 ad
1069 2218 1317 2285 subducendum
1336 2219 1410 2283 cu·

308 2316 419 2379 culum
444 2318 514 2401 jam
542 2320 577 2383 in
603 2322 747 2388 Renibus
771 2331 966 2403 concretum,
990 2323 1093 2406 magis
1115 2322 1230 2400 faciat3
1264 2328 1410 2385 attamen

1436 876 1553 925 Sancus-

1440 952 1494 988 sao
1504 942 1551 989 hc.

308 2416 462 2501 lupulata,
481 2421 522 2485 ob
542 2422 645 2488 levem
666 2425 755 2489 illam
777 2426 1008 2509 stypticitatem
1028 2445 1125 2508 quam
1148 2423 1338 2506 impertiunt
1359 2423 1409 2486 lu·
1442 2439 1446 2449 ·

308 2520 386 2601 puli,
409 2521 517 2586 minus
537 2524 615 2588 facit
640 2526 682 2589 ad
705 2527 808 2590 sabuli
830 2527 881 2591 vel
902 2525 1055 2591 materiae
1077 2525 1254 2588 calculosae
1276 2544 1409 2606 genera

307 2622 440 2702 tionem,
456 2647 553 2708 quam
574 2626 651 2691 facit
668 2650 736 2693 nou
757 2630 912 2713 lupulata,
928 2630 1021 2713 cujus
1043 2636 1077 2692 et
1097 2628 1246 2692 viscidior
1265 2636 1314 2693 est
1332 2630 1409 2693 sub·

308 2728 437 2807 stantia,
453 2738 487 2793 et
501 2730 711 2795 lutulentior¹.
742 2732 829 2795 Mihi
843 2752 938 2795 curae
953 2739 1012 2809 est,
1027 2730 1214 2813 praesertim
1229 2730 1355 2815 hyeme,
1370 2740 1409 2797 ut

307 2828 429 2891 lectum
443 2832 619 2913 temporius
633 2839 763 2916 petam;
786 2853 849 2916 quo
863 2832 945 2895 nihil
962 2832 1066 2915 magis
1081 2832 1205 2896 confert
1220 2832 1262 2895 ad
1275 2852 1408 2899 concoc-

307 2929 412 2993 tiones
426 2938 513 2995 recte
526 2934 746 3016 perficiendas,
758 2941 791 2999 et
806 2934 847 2998 ad
862 2934 1115 2999 conservandum
1129 2934 1249 3018 pariter
1262 2941 1409 3000 tenorem

306 3034 400 3097 illum
422 3041 518 3118 atquc
538 3036 693 3115 ordinem,
713 3038 769 3121 qui
790 3038 937 3101 Naturae
955 3036 1030 3119 jure
1052 3035 1207 3102 debetur:
1242 3036 1346 3115 scuti,
1369 3058 1408 3102 ex

308 3134 450 3213 adverso,
464 3143 644 3201 nocturnae
658 3137 897 3203 lucubrationes
912 3159 1027 3203 senum
1042 3158 1117 3202 curn
1131 3139 1244 3203 morbo
1259 3138 1410 3203 chronico

308 3241 522 3324 qualicunque
546 3242 799 3307 conflictantium
822 3250 895 3307 tum
921 3243 1143 3309 concoctiones
1168 3264 1280 3309 omnes
1302 3244 1408 3307 immi·

307 3350 416 3407 nuunt
441 3364 478 3407 ac
504 3344 689 3428 depravant,
712 3352 785 3408 tum
804 3345 981 3409 eorumdem
1003 3343 1159 3427 principio
1181 3342 1270 3407 riteh
1292 3344 1408 3407 vulnus

307 3443 396 3509 haud
408 3443 501 3509 facile
515 3445 702 3509 medicabile
716 3446 878 3531 infligrmt.
923 3446 1012 3511 Illud
1031 3446 1130 3511 etiam
1151 3445 1262 3510 sedulo
1276 3445 1408 3510 observo

307 3550 349 3613 ad
363 3548 618 3635 praecavendum
634 3570 654 3612 a
669 3548 801 3614 Calculo
816 3550 956 3613 Mictum
974 3548 1207 3631 Sanguineum,
1218 3552 1267 3625 ut,
1283 3544 1408 3628 quoties

307 3672 365 3735 per
386 3653 508 3735 plateas
532 3651 574 3715 ad
598 3650 726 3733 longius
746 3650 875 3735 aliquod
896 3650 1103 3715 intervallum
1125 3670 1224 3713 curru
1243 3649 1408 3713 vehendus

307 3757 378 3836 sim,
396 3756 545 3840 (gestatio
567 3755 663 3834 enim,
679 3756 730 3819 vel
751 3756 792 3819 ad
813 3755 987 3819 maximam
1010 3753 1186 3838 quamlibet
1208 3752 1406 3831 dhmutiam,

306 3880 364 3942 per
377 3860 444 3925 vias
456 3858 616 3942 lapidibus
631 3878 698 3922 non
720 3866 836 3922 stratas
855 3858 989 3922 minime
1003 3857 1101 3921 officit
1118 3854 1220 3937 mihi)
1238 3876 1306 3919 non
1318 3854 1409 3938 prius

306 3961 440 4026 rhedam
468 3961 632 4045 ingredior
664 3983 761 4045 quarn
789 3962 943 4025 haustum
973 3958 1142 4023 cerevisiae
1175 3957 1284 4021 tenuis
1312 3956 1409 4038 paulo

307 4061 520 4127 liberaliorem
542 4062 704 4145 ingessere
715 4089 725 4141 3
749 4083 845 4145 quem
868 4062 989 4145 pariter
1016 4060 1100 4124 itero
1125 4065 1201 4122 ante
1226 4078 1409 4139 regressum

308 4164 442 4228 domum
462 4175 581 4243 versus,
598 4166 625 4227 si
644 4166 727 4228 forte
749 4164 866 4229 alicubi
889 4164 1011 4227 diutius
1032 4162 1149 4225 haeum
1171 4166 1407 4225 commoratus:

309 4286 373 4348 quo
387 4272 482 4347 pacto
497 4287 622 4349 semper
635 4264 715 4327 mihi
735 4288 755 4328 a
769 4266 877 4329 Mictu
893 4263 1080 4347 Sanguineo
1097 4262 1174 4326 satis
1193 4268 1242 4325 est
1256 4281 1408 4343 praecau-

307 4375 389 4431 tum.
425 4368 439 4451 [
463 4366 512 4451 .]¹¹
527 4370 573 4432 At
584 4365 690 4451 quoad
700 4367 875 4449 podagram
889 4366 951 4429 hoo
961 4386 1067 4428 unum
1078 4363 1234 4447 adjiciam.
1266 4362 1408 4445 Nuper-is
1422 4390 1529 4441 Quiris

307 4469 395 4534 hisce
410 4470 512 4549 mnis,
528 4490 568 4534 ex
583 4488 687 4533 errore
702 4468 808 4551 ahquo
825 4468 909 4532 circa
923 4488 979 4531 sex
992 4486 1044 4530 res
1058 4464 1305 4530 non-naturales
1320 4486 1407 4529 com·

341 4675 347 4708 ¹
363 4670 509 4734 lutuleau'or]
529 4674 578 4724 Quo
588 4674 626 4721 die
637 4673 739 4719 cathani
749 4667 831 4730 desua
876 4670 997 4732 raperttbo
1007 4666 1062 4717 add.
1074 4666 1112 4716 ed.
1124 4668 1171 4715 Ἢ.

306 4752 358 4799 gor,
366 4754 394 4784 rx
403 4740 464 4799 pulli
471 4739 580 4785 carnibus
587 4738 711 4798 prandium
721 4738 832 4790 mitten,-
910 4732 921 4764 ¹¹
939 4733 1037 4793 Dessti
1049 4734 1064 4782 8
1075 4732 1101 4779 in
1113 4732 1150 4781 ed.
1162 4730 1212 4779 ’86.

307 4804 383 4849 uinum
401 4808 476 4850 recrea
493 4803 632 4851 Convincas
651 4816 695 4861 pro
711 4816 770 4849 arare
787 4816 834 4847 mea

1420 4457 1561 4507 neccessi-
