3825 5759
575 684 820 751 SCHEDULA
843 684 1110 753 MONINORIA
1132 688 1160 752 1
1344 686 1413 751 ’505

309 848 360 912 int
346 848 462 929 terdiu,
479 854 512 914 et
527 870 602 913 cum
623 856 656 913 et
676 849 746 914 sine
768 848 850 928 cibo,
865 850 1127 933 propinandam
1116 852 1263 935 mjnngo.
1308 848 1414 932 Epoto
1427 861 1530 911 DrNov
1498 876 1567 974 qvas

309 951 370 1015 hoc
385 953 517 1035 liquore,
534 950 613 1015 duas
629 952 706 1016 alias
726 952 825 1017 libras
846 953 1043 1019 rhabarbaro
1065 955 1170 1019 eidem
1191 927 1528 1039 supereffundi¹³¹'1„F⁰¹{⁵¹¹²
1526 940 1561 1038 ¹⁸„

306 1054 424 1169 jubeo,
448 1054 564 1137 quibus
582 1054 702 1137 pariter
722 1054 897 1135 exhaustis,
916 1056 995 1120 alias
1015 1057 1121 1121 adhuc
1139 1056 1219 1121 duas
1239 1079 1297 1141 pro
1315 1057 1568 1121 tertia—

309 1156 378 1221 vice
393 1157 555 1221 substituo
563 1182 573 1235 ;
597 1178 662 1243 quo
681 1157 775 1235 facto,
792 1164 825 1221 et
839 1158 999 1222 rheum
970 1180 1053 1223 vires
1073 1182 1147 1223 suas
1168 1159 1299 1238 amittit,
1315 1159 1372 1223 et
1362 1181 1412 1222 rn-

308 1260 380 1323 fans
395 1259 507 1324 morbo
522 1266 559 1323 ut
578 1260 754 1343 plurimum
769 1260 934 1324 liberatur.
979 1261 1033 1325 Ne
1047 1268 1159 1326 tamen
1178 1261 1330 1326 cerevisia
1346 1262 1412 1345 pri-

311 1384 402 1425 mum
417 1362 528 1440 affusa,
544 1362 615 1425 rhei
634 1362 665 1425 vi
686 1362 863 1426 cathartica
882 1362 1058 1426 saturatius
1077 1364 1310 1447 impraegnata,
1322 1363 1412 1447 justo

310 1464 531 1528 vehementius
549 1465 657 1528 alvum
678 1464 770 1543 cieat,
787 1464 914 1528 cautius
934 1464 1070 1547 agimus,
1086 1465 1114 1528 si
1133 1465 1217 1529 libra
1231 1486 1301 1529 una
1319 1472 1414 1548 epota

311 1566 445 1630 alteram
468 1567 579 1630 statim
601 1566 789 1650 adjiciamus
799 1590 810 1645 ς
841 1572 914 1649 post
935 1586 1020 1645 vero,
1042 1574 1207 1631 recentem
1228 1566 1413 1631 cerevisiam

310 1692 378 1735 non
404 1672 616 1751 effundamus,
639 1672 703 1735 nisi
727 1672 884 1737 exhausta
908 1692 947 1735 ea
971 1671 1061 1736 omni
1085 1692 1167 1755 quae
1191 1671 1282 1756 prius
1306 1670 1413 1735 fuerat

309 1774 364 1857 lag
343 1796 443 1839 venae
458 1776 590 1839 inclusa.

360 1878 442 1961 [35.]
471 1878 536 1941 Sed
557 1884 595 1941 ut
618 1878 659 1942 ad
682 1876 818 1942 Febrem
834 1877 874 1942 de
897 1899 961 1961 qua
981 1898 1071 1943 nune
1093 1878 1229 1961 agimus,
1245 1877 1411 1943 Constitu·
1426 1888 1457 1937 ιιι
1461 1888 1554 2001 1Νιιιιιιιιιιι

309 1979 407 2043 tionis
429 1978 580 2043 scilicet
567 2002 636 2063 Jam
659 1980 827 2058 currentis,
848 1988 1064 2045 revertamur:
1087 1980 1148 2044 hoc
1170 1980 1281 2044 sedulo
1304 1953 1460 2044 obser·Fe
1424 1954 1511 2066 Μυῒ
1471 1969 1553 2065 ,mu
1554 2034 1571 2065 u

312 2081 519 2145 vandumt
470 2088 519 2145 est
519 2081 661 2165 ,'quod
651 2104 687 2145 ιιι
705 2082 766 2145 hoc
780 2080 891 2179 Febris
907 2104 1035 2165 genere,
1054 2082 1197 2166 (perinde
1211 2102 1249 2146 ao
1267 2081 1304 2145 in
1317 2082 1413 2145 rheu·
1425 2082 1547 2158 asperq-

309 2184 470 2262 matismo‚
486 2192 519 2247 et
534 2184 604 2247 aliis
619 2184 739 2249 morbis
756 2170 853 2268 quam
868 2184 1025 2268 plurimis,
1041 2206 1180 2268 quorum
1194 2184 1318 2248 curatio
1337 2182 1412 2247 solis
1425 2146 1567 2258 wffi

310 2286 570 2351 evacuationibus
590 2286 941 2369 absolviturs)s1dictis
963 2286 1225 2352 evacuationibus
1238 2283 1411 2371 pertinaci·
1424 2274 1562 2387 {lbfflu‘ff

310 2395 361 2452 ter
378 2388 564 2453 insistamus
587 2410 689 2505 usque
712 2389 790 2453 dum
810 2396 1028 2473 symptomata
1049 2390 1159 2453 omnia
1177 2410 1307 2473 prorsus
1325 2388 1458 2452 able-u
1424 2419 1473 2466 que
1459 2404 1541 2451 ιιιιιιι

310 2492 499 2573 gaverimus,
515 2492 640 2575 saepius
656 2512 752 2575 aegro
767 2512 835 2555 non
849 2492 912 2554 nisi
926 2498 1031 2557 morte
1044 2491 1257 2556 medebimur.
1294 2491 1490 2579 Nequam„
1424 2484 1452 2530 N
1454 2473 1553 2578 Ἣ

310 2594 398 2657 enim
421 2595 468 2658 ita
490 2593 632 2657 insolens
656 2600 715 2671 est,
739 2598 778 2655 ut
801 2599 1019 2677 symptomata
1043 2590 1202 2676 quaedam
1224 2592 1353 2670 leviora,
1378 2596 1465 2655 atui·
1423 2539 1545 2657 miltit-

310 2696 402 2779 quasi
431 2696 565 2759 effoetae
594 2694 706 2759 Febris
736 2694 900 2776 reliquiae,
932 2695 1164 2778 aliquantisper
1196 2694 1295 2758 etiam
1323 2658 1545 2785 erpi-{⁸:13⁹

309 2804 403 2861 rante
421 2798 490 2881 jam
509 2795 622 2860 morbo
643 2794 837 2878 perdurent3
864 2796 1018 2879 aquibus
1036 2803 1148 2859 tamen
1168 2796 1297 2859 nullum
1315 2815 1411 2877 aegro
1423 2802 1487 2838 Μ

309 2898 466 2963 recidivae
483 2898 661 2982 periculum
681 2904 740 2976 est,
757 2918 901 2981 quaeque
923 2918 983 2961 sua
1002 2904 1126 2980 sponte,
1141 2896 1212 2981 pari
1233 2916 1329 2979 passu
1349 2914 1414 2979 quo

311 3004 431 3067 sanitas
445 3003 539 3081 redit,
553 3002 735 3067 abscedent.
767 3000 856 3067 Quid
867 3000 953 3085 quod
964 3002 1033 3084 jam
1048 3000 1183 3063 recitata
1197 3005 1415 3083 symptomata
1485 3058 1518 3091 ,-

310 3108 399 3171 haud
413 3128 485 3171 raro
500 3106 582 3169 nihil
600 3106 689 3169 aliud
709 3112 786 3169 runt
801 3126 898 3189 quam
912 3104 1139 3168 reiteratarum
1157 3103 1412 3182 evacuationum,

312 3209 428 3293 quibus
444 3208 592 3273 Medicus
615 3208 721 3272 morbi
742 3206 942 3271 curationem
963 3205 1112 3285 tentavit,
1127 3227 1202 3271 vera
1220 3205 1413 3290 progenies?

312 3311 340 3374 si
363 3311 439 3374 huic
465 3310 580 3374 saltem
603 3308 759 3373 addamus
788 3307 825 3371 in
854 3328 970 3372 causae
999 3312 1135 3391 partem,
1160 3306 1414 3371 exinanitionem

311 3412 400 3477 illam
430 3434 527 3496 quam
564 3412 652 3495 aegri
685 3432 705 3474 a
733 3410 897 3475 consuetis
929 3404 1011 3475 cibis
1043 3417 1187 3493 potuque
1216 3408 1415 3479 abstinentia

311 3516 554 3599 superinduxit:
578 3534 660 3597 quae
678 3514 787 3577 omnia
801 3534 876 3577 cum
897 3510 933 3577 in
953 3532 1087 3596 corpora
1103 3514 1173 3597 jam
1187 3534 1208 3576 a
1228 3512 1349 3577 morbis
1363 3512 1414 3576 in·

312 3618 441 3683 firmata
456 3625 489 3682 et
504 3638 607 3701 paene
622 3616 769 3681 conlecta
782 3614 848 3680 vim
862 3615 1008 3694 fecerint,
1023 3634 1154 3697 vapores
1170 3616 1261 3698 (quos
1276 3614 1412 3697 dicunt)

311 3718 398 3784 haud
415 3720 508 3784 aliter
522 3720 690 3783 elevantur
704 3740 801 3803 quam
820 3718 856 3781 in
875 3717 1036 3796 foeminis,
1052 3724 1150 3801 atque
1167 3716 1305 3781 eandem
1318 3716 1415 3799 plane

312 3824 353 3889 ob
368 3825 537 3905 rationem,
554 3822 595 3889 ob
610 3822 817 3888 debilitatum
839 3820 961 3886 scilicet
983 3828 1017 3885 et
1034 3822 1126 3905 quasi
1147 3820 1319 3905 disjectum
1332 3820 1415 3884 frac-

311 3934 446 4012 tumque
476 3926 649 4009 spirituum
681 3925 869 3991 animalium
899 3930 1049 4009 systema.
1109 3922 1315 4005 Quapropter
1342 3929 1415 4005 post

311 4029 423 4107 lactas,
446 4050 527 4111 quae
552 4029 696 4094 tollendo
717 4028 830 4092 morbo
856 4027 1000 4089 sufficere
1026 4031 1156 4109 queant,
1182 4020 1415 4101 evacuationes,

312 4131 480 4213 prudentis
506 4132 628 4195 Medici
653 4138 702 4195 est
731 4130 771 4194 ab
797 4130 986 4212 importuna
1012 4126 1188 4191 earundem
1213 4124 1415 4189 ordinatione

313 4232 374 4295 sibi
393 4240 582 4314 temperare,
598 4239 630 4295 et
647 4231 808 4314 paulisper
827 4229 995 4292 attendere
1010 4226 1088 4310 quid
1101 4227 1242 4307 Nempur
1259 4224 1415 4307 (Medicos

312 4354 387 4396 rum
407 4352 501 4413 saepe
522 4332 721 4394 felicissimus
743 4330 970 4413 optimusque)
987 4327 1029 4392 ad
1049 4326 1257 4390 leviculorum
1277 4326 1414 4389 istorum

314 4438 567 4517 symptomatum
596 4431 814 4514 depulsionem
844 4430 989 4493 conferre
1017 4425 1139 4513 possit;
1176 4448 1259 4511 quae
1283 4427 1414 4511 quidem

314 4554 544 4619 saepenumero
561 4534 668 4617 (prout
682 4532 848 4596 multoties
862 4531 1000 4616 repetita
1013 4529 1234 4595 observatione
1248 4529 1412 4613 comperi)

315 4660 335 4703 a
353 4636 538 4721 paregorico
553 4634 702 4700 duabus?
716 4634 768 4698 vel
784 4634 888 4699 tribus
908 4633 1058 4698 noctibus
1072 4637 1246 4715 assumpto,
1261 4631 1330 4695 sine
1352 4631 1418 4696 alio

316 4740 426 4824 quovis
440 4748 604 4824 apparatu,
621 4738 680 4803 sub
695 4738 801 4803 morbi
814 4736 1001 4823 hujusmodi
1014 4736 1102 4801 exitu
1115 4735 1341 4801 devincuntur.

645 4872 657 4906 θ
673 4864 911 4928 emm-matam]
923 4880 972 4913 om.
984 4865 1023 4914 ed.
1033 4864 1081 4915 'td

839 4948 895 5010 dr
