3825 5759
506 620 571 685 532
818 614 1015 685 'rnoMAE
1039 621 1299 689 SYDENHAM

361 794 493 842 Enccom
505 779 610 863 risque
627 779 853 862 symptomatis,
869 780 964 844 etium
985 783 1160 849 astantibur
1173 784 1286 867 palam
1299 790 1356 865 est,
1371 788 1403 847 ct
1422 786 1532 866 aperte
1546 777 1621 860 dip-

366 858 481 971 ciffi
506 884 654 947 nascitur.
699 880 785 946 ffinc
800 884 926 965 saepius
942 886 1056 949 mirari
1074 887 1167 967 sulit,
1183 888 1379 972 quamobrem
1400 888 1495 951 anais
1513 886 1563 948 ita
1586 887 1620 945 et

355 1002 495 1068 Q
507 984 683 1067 scrupulom
697 985 894 1051 immediatas
907 990 938 1049 et
950 990 1117 1069 pannas
1130 990 1306 1053 morborum
1319 1009 1440 1068 causas,
1455 988 1530 1051 dum
1545 984 1621 1047 Me-

509 1088 645 1151 dicinam
653 1088 913 1170 pertractandam
926 1090 1109 1171 succipiunt,
1118 1092 1270 1174 indagare
1283 1096 1441 1174 catapunt,
1456 1094 1488 1153 et
1501 1109 1519 1151 e
1533 1093 1621 1150 tenc-

511 1190 575 1253 lrris
600 1191 671 1253 istis
693 1191 802 1274 quibus
827 1190 954 1255 Natura
980 1192 1120 1273 abducit,
1143 1195 1236 1257 irrita
1260 1196 1332 1257 licet
1353 1199 1476 1271 conatu,
1498 1210 1620 1267 nuere,

507 1293 601 1376 praui
624 1298 655 1357 et
678 1293 805 1357 subacto
819 1294 943 1377 judicio
965 1295 1037 1371 riri,
1060 1300 1091 1361 el
1113 1296 1148 1359 in
1167 1298 1271 1365 Praei
1294 1296 1516 1367 aersatissini‚·
1538 1294 1623 1355 satir

511 1396 637 1461 interim
656 1398 752 1480 pnari
766 1418 799 1461 se
821 1398 918 1462 latere
937 1400 987 1462 uel
999 1399 1125 1482 quaeois
1142 1400 1252 1464 obvia:
1275 1401 1356 1464 unde
1373 1401 1455 1463 enim
1476 1398 1621 1460 dimanat

508 1502 664 1586 mominis
682 1502 874 1595 oiridir,aut
894 1502 1206 1568 daunioucalort
1227 1504 1369 1587 quidest
1387 1502 1621 1585 quodnunana

513 1610 618 1672 anima
632 1609 818 1673 ratiocinari
832 1614 964 1692 nequeat
973 1609 1047 1671 dum
1061 1610 1163 1672 adlcuc
1176 1609 1312 1693 infantes
1322 1614 1379 1671 aut
1385 1594 1622 1690 puerisurnirs?

512 1714 594 1778 unde
600 1712 711 1796 scruta
726 1718 781 1775 tua
795 1709 965 1795 speccfica?
988 1712 1097 1775 Satius
1110 1718 1189 1775 esset
1199 1711 1358 1774 Medicum
1372 1728 1465 1792 quam
1474 1708 1622 1771 Philoso-

506 1821 606 1903 plum
627 1838 728 1903 apere,
747 1818 827 1901 (quis
841 1817 921 1881 enim
938 1836 1074 1901 unquam
1091 1818 1264 1881 Oartesium
1280 1817 1341 1882 sili
1354 1816 1514 1881 Medicum
1532 1816 1622 1879 valn-

429 1984 439 2005 ,
514 1916 612 2003 erili)
641 1918 848 1983 minutissima
866 1920 1083 2003 pnaenonena
1105 1922 1203 2004 plane
1227 1927 1260 1985 ct
1286 1923 1350 1985 rite
1374 1939 1563 1997 enumerare,
1589 1923 1622 1983 et

513 2024 661 2103 remedia,
685 2024 794 2106 quibus
812 2024 1018 2107 unusquisque
1034 2026 1158 2089 morbus
1166 2025 1299 2109 facilius
1317 2024 1417 2104 aedat,
1432 2023 1566 2087 eandida
1590 2028 1623 2087 et

513 2122 634 2191 iinccro
643 2128 745 2189 anima
754 2146 929 2209 proponere
940 2152 950 2201 ,·
973 2129 1021 2191 ita
1032 2130 1157 2192 landem
1167 2130 1281 2192 limites
1293 2148 1366 2193 suos
1373 2132 1622 2211 praeterpressa‚

516 2232 626 2314 'quibus
641 2232 782 2313 anqustis
795 2230 888 2293 nimis
893 2231 966 2313 jam
980 2232 1161 2313 includitur,
1174 2234 1239 2296 Ars
1255 2233 1455 2309 nobilissima,
1471 2229 1621 2308 omnibu,

515 2352 759 2419 quaquaversum
775 2338 867 2417 patet
881 2334 1148 2417 orbis,saeliciter
1160 2338 1240 2400 satis
1262 2340 1293 2399 et
1306 2353 1459 2419 prospere
1480 2334 1622 2409 salutem,

508 2437 592 2521 filiis
607 2442 710 2499 auton
723 2436 789 2499 suis
803 2438 933 2500 donares
946 2458 1089 2518 summos,
1104 2440 1292 2503 conciliabit.

561 2540 796 2605 Meditalatur⁶
805 2540 903 2625 paulo
918 2547 991 2606 ante
1005 2542 1121 2607 alitum
1131 2550 1301 2607 tractatum
1312 2542 1484 2607 dePlrtliisi
1492 2540 1624 2623 peritii·

516 2648 614 2711 simus
627 2646 791 2719 Medicusc
814 2644 848 2709 in
855 2648 1066 2729 perquirenda
1080 2648 1224 2713 Naturae
1238 2649 1413 2714 meldam
1427 2670 1489 2733 qua
1502 2647 1626 2713 morbos
1766 2693 1767 2718 n

518 2750 644 2815 amoliri
672 2749 784 2827 studet,
814 2754 850 2813 ut
878 2750 1049 2831 adjutrices
1072 2751 1253 2834 puriperet
1281 2770 1401 2829 manus,
1430 2754 1462 2814 et
1487 2750 1626 2813 miseriis

518 2856 675 2921 lominum
689 2852 872 2932 micenirel,
888 2854 943 2917 diu
963 2859 1112 2937 noctuque
1119 2855 1349 2937 penritatunda
1363 2860 1395 2918 et
1411 2854 1506 2917 anaia
1520 2854 1626 2917 urimo

519 2956 804 3034 eacrcitatissimus‚
819 2956 903 3019 Hinc
910 2954 1138 3037 fidissimamm
1152 2958 1396 3023 clamationum
1408 2957 1489 3023 serie
1502 2964 1534 3021 et
1547 2958 1628 3020 irre·

512 3060 671 3146 frapabili
690 3060 815 3124 edactm
837 3060 1038 3142 esperientia,
1054 3060 1234 3125 Medicinae
1247 3061 1373 3150 Praain
1391 3060 1516 3123 orreaoit
1531 3064 1563 3122 et
1584 3058 1630 3121 ad

521 3168 662 3230 saniores
674 3164 801 3228 reducit
815 3164 954 3246 reputas,-
969 3162 1027 3226 sed
1036 3162 1104 3245 (uae
1118 3162 1263 3246 tabidist)
1282 3162 1355 3226 dum
1365 3162 1539 3245 hujusmodi
1549 3182 1628 3224 nun·

525 3288 617 3351 quam
631 3266 817 3330 intermissis
830 3266 944 3329 studiis
959 3265 1076 3329 detenti
1085 3272 1117 3329 et
1130 3264 1296 3349 desatipati
1308 3266 1440 3349 spiritus
1452 3266 1554 3328 salitis
1566 3284 1629 3327 non

522 3370 676 3434 vacabant
698 3368 843 3446 enculiis,
865 3368 1142 3431 truculentissimus
1162 3370 1270 3448 iactis,
1290 3369 1450 3451 Podapm,
1473 3386 1552 3451 prae
1565 3386 1630 3449 per

524 3472 637 3535 multas
654 3470 934 3559 annaslobsederat
956 3474 988 3533 et
1006 3470 1224 3535 debilitaverat
1245 3479 1344 3551 artur,
1359 3474 1476 3554 impetu
1481 3470 1573 3554 sacto
1594 3470 1630 3531 in

523 3574 676 3638 interiora
690 3572 810 3635 viscera
824 3572 928 3651 irruit,
938 3592 1000 3655 per
1013 3576 1159 3638 uomitum
1173 3582 1205 3640 et
1217 3596 1367 3639 secessum
1381 3576 1568 3639 moniam
1580 3572 1630 3633 in·

525 3681 649 3740 tardans
665 3680 811 3739 mortem:
853 3674 947 3739 Unica
965 3683 1068 3740 autem
1081 3680 1186 3743 morbo
1204 3681 1302 3743 nescit
1315 3676 1423 3743 aedae
1435 3677 1633 3740 Medicorum

526 3778 679 3861 Princeps
683 3802 693 3852 ‚-
708 3778 771 3857 sed,
784 3797 852 3842 cum
866 3780 1016 3844 malonem
1032 3784 1151 3845 cumula
1162 3784 1292 3847 accessit
1305 3788 1336 3846 et
1344 3782 1463 3847 Renum
1476 3780 1632 3856 Calculus,

529 3883 595 3967 (qui
609 3880 745 3946 corrasis
759 3900 901 3945 vasorum
916 3884 1036 3962 osculis,
1050 3884 1231 3966 sanquinem
1245 3884 1412 3962 liberalia
1424 3902 1517 3966 quam
1529 3900 1634 3945 renea

527 3994 577 4050 tus
587 3985 983 4067 tutit‚urinaepermictum
993 3986 1125 4069 effudit)
1136 3988 1459 4069 sejamnonamplius
1469 4004 1633 4068 opponens,

527 4108 583 4153 nec
603 4088 696 4169 uitae,
712 4106 767 4153 nec
788 4090 898 4153 mortis
919 4088 1058 4171 cupidus,
1073 4090 1236 4171 placidam
1257 4096 1289 4154 et
1304 4096 1456 4173 pacatam
1478 4088 1635 4171 copiraoit

528 4192 675 4257 animam.
720 4190 770 4255 Ne
787 4197 890 4255 tamen
907 4194 1026 4256 auritio
1037 4211 1171 4275 prorem
1185 4192 1394 4255 destituantur
1411 4186 1635 4271 Tabidi,srap·

530 4302 637 4360 nirata
649 4294 809 4379 quaedam,
825 4314 903 4377 puae
917 4295 1084 4359 Auctorem
1098 4294 1199 4358 ubivis
1211 4296 1348 4377 capium,
1363 4297 1399 4357 in
1405 4295 1511 4376 primo
1525 4292 1637 4356 saltem

532 4398 635 4461 morbi
655 4397 758 4461 stadio
777 4398 960 4479 plerumque
978 4394 1132 4478 prasiaca,
1159 4398 1267 4479 (neque
1291 4399 1373 4461 enim
1392 4396 1451 4478 sas
1474 4402 1531 4473 ert,
1555 4392 1640 4476 quad

533 4502 709 4583 aspectanti
720 4501 864 4582 monimo
879 4500 1056 4581 opituletur,
1072 4502 1196 4583 celare‚)
1213 4502 1247 4564 in
1255 4501 1416 4583 publicum
1424 4499 1591 4582 prodeunt,
1602 4502 1638 4559 ut

534 4602 644 4666 cninde
661 4608 773 4683 pateat
788 4622 880 4683 quam
895 4608 1045 4666 accurata
1065 4610 1097 4667 et
1120 4604 1261 4668 omnibuis
1283 4604 1421 4668 numeris
1440 4602 1581 4666 absoluta
1598 4600 1639 4681 (si

804 4838 814 4861 ²
833 4832 1202 4897 Meditaintur-pltliriolagia]
1214 4851 1263 4884 om.
1277 4836 1314 4884 ed
1326 4838 1376 4884 ⁹9³.
