3825 5759
408 677 803 746 OBSERVATIONUM
825 677 1113 746 MEDICARUM
1136 683 1196 739 111.
1214 689 1241 741 s.
1314 677 1375 742 155

282 861 411 924 eaquae
433 842 625 926 sauguinem
646 841 731 906 male
751 841 883 907 habent.
929 841 1055 907 Quoia
1076 861 1153 905 casu
1171 837 1376 903 Medicorum
1411 850 1510 901 sesan

280 952 325 1008 est
350 946 591 1010 evacuationem
611 944 765 1009 materiae
786 944 1019 1031 pestilentialis,
1043 965 1140 1028 quam
1161 964 1219 1026 per
1240 942 1299 1006 hos
1321 940 1376 1005 ab·
1390 917 1530 1029 ,effla

280 1065 397 1109 scessus
417 1048 547 1111 Natura
567 1047 708 1127 molitur,
731 1054 826 1130 prout
848 1047 950 1126 decet,
965 1067 1096 1131 regere3
1118 1045 1182 1109 nisi
1202 1045 1286 1109 forte
1306 1043 1377 1127 quis
1388 1046 1531 1131 Q

278 1150 375 1232 magis
397 1152 586 1215 consultum
601 1172 669 1215 esse
684 1150 843 1234 putaverit
864 1150 960 1215 aliam
977 1150 1118 1232 aliquam
1137 1145 1378 1213 evacuationem

278 1253 481 1334 substituere,
498 1258 579 1339 quae
600 1254 704 1337 magis
724 1260 823 1338 penes
843 1254 937 1317 illum
958 1252 1067 1331 fuerit,
1089 1251 1223 1336 ejusque
1245 1247 1378 1313 arbitrio

278 1358 391 1422 cenius
416 1358 696 1442 obtemperaverit,
724 1378 820 1441 quam
842 1356 899 1420 illa
922 1354 1080 1419 Naturae.
1125 1352 1250 1417 Eodem
1279 1350 1377 1415 etiam

276 1460 368 1525 modo
395 1460 544 1545 procedit
572 1460 704 1524 Natura
731 1459 766 1523 in
796 1457 982 1543 expellenda
1011 1456 1203 1522 variolarum
1230 1454 1376 1532 materia,

276 1563 346 1627 licet
362 1586 401 1629 ea
415 1564 540 1649 species
555 1563 596 1627 sit
610 1562 871 1627 inflammationis
885 1560 1062 1645 pinguioris
1078 1580 1115 1623 ac
1125 1558 1228 1640 magis
1243 1576 1376 1635 massae,

277 1686 354 1748 quae
369 1687 428 1750 per
442 1666 591 1751 pustulas
602 1665 722 1749 ubique
737 1686 861 1749 sparsas
875 1664 1012 1749 ejicitur,
1024 1660 1293 1726 carbunculosum
1307 1659 1378 1722 loco

276 1789 310 1831 ac
323 1768 506 1848 bubonum,
518 1775 578 1833 etc.
593 1794 600 1831 :
624 1774 720 1851 atque
734 1767 770 1831 in
783 1767 845 1831 hoc
860 1766 959 1831 etiam
973 1761 1271 1830 casuindicationes
1286 1781 1377 1824 cura-

276 1868 355 1935 tivae
373 1892 413 1935 eo
434 1876 514 1934 sunt
529 1868 715 1953 dirigendae
734 1876 773 1933 ut
792 1868 968 1933 naturalisq
981 1888 1040 1951 per
1052 1864 1199 1951 pustulas
1214 1862 1378 1928 evacuatio

273 1975 332 2041 iite
346 1977 605 2042 administretur.
645 1977 705 2062 [6.]
726 1977 748 2041 J
749 1999 801 2041 am
814 1998 900 2055 vero,
912 1996 987 2041 cum
1001 1976 1037 2039 in
1051 1974 1113 2039 hoc
1127 1972 1239 2037 Febris
1252 1971 1378 2035 inflam-

274 2081 425 2147 matoriae
454 2103 580 2165 genere,
597 2080 637 2146 de
660 2103 723 2166 quo
744 2101 833 2145 nunc
852 2080 989 2163 agimus,
1003 2100 1071 2143 non
1088 2076 1272 2142 inveniatsu
1294 2097 1378 2140 cras·
1390 2086 1416 2134 in
1427 2085 1472 2164 hes

275 2181 335 2245 sior
351 2183 408 2247 illa
421 2183 570 2261 materia,
585 2204 652 2247 uon
671 2183 735 2246 nisi
755 2182 883 2267 praevia
902 2182 1081 2265 digestione
1095 2178 1265 2264 egerenda,
1283 2179 1379 2261 (sicut
1390 2166 1439 2199 ¹¹⁰⁰
1450 2162 1517 2201 “m

275 2283 308 2347 iu
326 2286 416 2352 febre
436 2288 582 2370 superius
605 2286 784 2375 descripta)
802 2286 963 2351 incassum
985 2284 1167 2350 ebullitioni
1180 2283 1378 2349 obsecunda-

276 2407 344 2451 mus
362 2391 405 2455 ad
426 2389 638 2455 obtinendam
657 2390 840 2474 hujusmodi
856 2388 1069 2472 digestionem
1077 2413 1087 2466 3
1110 2388 1255 2471 quinimo
1270 2410 1289 2453 e
1303 2410 1379 2453 con·

276 2496 333 2571 tra,
348 2493 442 2558 haud
455 2494 524 2557 leve
540 2501 589 2559 est
603 2494 791 2577 periculum,
807 2516 859 2575 ne,
875 2494 952 2558 huic
968 2493 1038 2559 viae
1052 2494 1248 2576 insistentes,
1265 2495 1378 2560 stimu-

276 2590 321 2656 los
342 2597 502 2661 addamus
520 2596 644 2675 morbo,
667 2597 760 2681 cujus
781 2617 846 2661 esse
871 2596 906 2661 in
927 2596 1181 2663 inflammatione
1205 2598 1279 2682 plus
1302 2600 1379 2663 satis

166 2748 168 2759 ,
276 2695 415 2764 violenta
442 2700 608 2764 consistit:
640 2706 736 2783 atque
762 2721 866 2783 porro,
897 2722 973 2764 eum
997 2702 1127 2766 Natura
1154 2702 1279 2767 nullam
1304 2703 1380 2768 huic

277 2798 369 2865 Febri
386 2802 629 2869 evacuationem
643 2824 701 2886 per
720 2802 853 2867 modum
873 2802 1049 2886 eruptionis
1064 2803 1277 2883 constituerit,
1294 2805 1381 2888 quod

275 2901 308 2965 in
330 2906 425 2971 febre
449 2906 657 2989 pestilentiali
679 2913 712 2970 et
734 2906 860 2971 variolis
881 2906 952 2970 fieri
977 2908 1148 2987 cernimus,
1175 2910 1262 2990 (utut
1282 2909 1381 2972 rebus

276 3008 342 3073 aliis
371 3011 545 3096 posteriori
569 3010 646 3076 huic
670 3011 782 3077 morbo
811 3012 1026 3095 respondeat)
1054 3013 1234 3077 necessario
1259 3013 1295 3076 in
1320 3013 1382 3078 hoc

276 3114 371 3180 stabit
399 3115 446 3179 rei
468 3136 603 3194 summa,
621 3122 659 3178 ut
682 3114 811 3179 sedetur
832 3116 1043 3180 inflammatio
1065 3116 1326 3181 evacuationibus
1348 3124 1382 3181 et

275 3220 519 3285 medicamentis
556 3221 883 3303 contemperantibus.
945 3222 1046 3285 Hunc
1083 3222 1164 3286 mihi
1198 3244 1382 3307 proponens

276 3342 420 3407 scopum,
449 3324 584 3408 hujusce
613 3308 724 3388 Febris
754 3323 953 3390 curationem
983 3348 1153 3409 aggressus
1186 3348 1268 3407 sum,
1300 3348 1382 3411 quae

275 3426 431 3491 methodo
444 3426 505 3491 hac
520 3426 607 3489 haud
622 3426 792 3492 difficulter
807 3434 992 3511 expugnata
1005 3428 1079 3492 fuit

320 3527 385 3615 [7.]
409 3528 463 3593 Ad
478 3550 611 3611 aegrum
626 3529 807 3607 accersitus,
823 3550 896 3592 mor
915 3530 1106 3613 sanguinem
1121 3551 1140 3593 e
1154 3530 1286 3597 brachio
1302 3532 1380 3596 edu·
1393 3550 1526 3599 eussno.

276 3633 417 3696 cendum
431 3632 549 3709 curavi,
561 3632 656 3697 modo
671 3632 773 3695 nimia
787 3630 945 3709 debilitas,
957 3631 1146 3715 praesertim
1160 3656 1236 3698 vero
1250 3656 1381 3718 provec-

276 3733 339 3797 tior
359 3742 459 3812 aetas,
478 3755 544 3799 non
565 3734 847 3798 contra-indicaret
855 3758 865 3812 3
889 3736 922 3797 et
939 3736 1229 3802 venae-sectionem
1249 3737 1382 3821 insuper

277 3836 410 3902 alteruis
436 3835 549 3900 diebus
572 3836 613 3899 ad
638 3837 718 3900 duas
741 3836 845 3900 adhuc
867 3836 951 3901 vices
972 3838 1182 3920 repetendam
1204 3839 1297 3924 jussi,
1317 3840 1381 3903 nisi

276 3938 443 4004 redeuntis
458 3938 608 4003 sanitatis
620 3939 713 4022 signa
726 3939 820 4003 aliter
834 3939 1017 4004 suaderent.
1063 3939 1187 4005 Diebus
1201 3941 1380 4023 interjectis

277 4060 430 4105 anemae
450 4041 533 4105 lacte
554 4049 587 4105 et
609 4041 769 4119 saccham,
785 4040 835 4104 vel
849 4040 963 4118 simile,
983 4040 1194 4124 injiciendum
1213 4042 1360 4123 praecepi
1368 4067 1379 4117 ;

276 4142 466 4226 praescripsi
481 4152 514 4207 et
525 4144 685 4227 julapium
697 4164 842 4225 sequens,
855 4143 904 4207 vel
916 4142 1004 4206 uliud
1015 4143 1182 4225 ejusmodi,
1192 4138 1380 4224 frequenter

277 4266 334 4326 per
348 4267 480 4309 omnem
493 4246 597 4311 morbi
612 4246 783 4311 decursum
798 4243 1028 4310 assumendum
1038 4268 1091 4306 :-

278 4350 378 4417 [Form.
391 4347 461 4415 22.]¹
496 4347 527 4428 R,
547 4353 639 4421 Aquae
653 4351 817 4417 Portulacae,

547 4438 667 4507 [Aquae]
682 4438 823 4503 Lactucae,

544 4522 670 4595 [Aquae]
683 4524 775 4599 dorum
789 4524 953 4594 Paralyseos,
965 4538 1018 4575 aua
1028 4522 1122 4575 unciae
1133 4531 1255 4591 quatuor,

544 4610 638 4680 Syrupi
652 4610 684 4665 de
697 4612 853 4663 Limunibus
864 4609 1068 4678 sesquiunciarn,

544 4694 638 4765 Syrupi
650 4697 768 4751 Violuoei
781 4697 885 4749 unciam
898 4710 978 4747 unam
991 4715 997 4757 ς

420 4780 519 4849 Capiat
531 4782 620 4833 uncias
634 4792 684 4836 tres
698 4792 792 4853 quater
804 4782 843 4835 rel
855 4782 995 4851 quinquies
1008 4781 1035 4833 iu
1048 4780 1099 4843 die,
1111 4790 1138 4834 et
1149 4781 1184 4833 ad
1195 4782 1309 4836 lihitum.

341 4904 352 4936 s
370 4890 499 4952 naturalis]
516 4891 620 4941 Naturae
633 4896 668 4943 ed.
682 4896 729 4946 ⁸76.
1007 4899 1016 4923 ¹
1033 4894 1070 4941 cf.
1082 4892 1176 4940 fornum
1192 4895 1245 4951 loo,
1261 4894 1312 4941 158.
