3825 5759
329 1592 549 1669 EPISTOLA
574 1588 872 1667 DEDIOATORIA
898 1589 1124 1665 EDITIONIS
1152 1590 1337 1669 PRIMAE.

409 1954 688 2004 ILLUSTRISSIMO
706 1954 753 2003 ET
770 1954 1115 2005 EXCELLENTISSIMO
1132 1954 1278 2006 DOMINO

582 2144 649 2218 Ι)Ιιο
677 2144 897 2222 ROBERTO
925 2146 1091 2221 BOYIAE.

337 2371 487 2445 USQUE
500 2374 577 2438 adeo
593 2372 738 2437 bonorum
752 2373 968 2456 doctorumque
982 2375 1101 2438 aninmo
1120 2375 1267 2458 quicquid
1279 2378 1324 2442 od
1339 2378 1390 2457 Te,

293 2474 353 2537 Vir
373 2474 569 2558 undicumque
598 2475 809 2554 Nobilieeinre,
833 2495 950 2559 quopro
972 2476 1062 2541 modo
1085 2478 1245 2558 pertinere
1271 2482 1391 2562 conopi-

288 2577 381 2654 citur,
396 2582 529 2642 alternae
543 2580 685 2645 continuo
699 2578 805 2643 reddit
819 2584 850 2642 et
863 2584 1066 2661 eaperrectoe,
1080 2585 1117 2644 ut
1130 2600 1182 2645 eoo
1189 2584 1394 2663 praevideam

287 2680 397 2742 ctotinr
426 2682 624 2763 capnooceudi
652 2682 769 2761 auidos,
799 2682 907 2767 quibua
937 2683 1057 2746 morum
1082 2680 1191 2764 fretae
1218 2684 1393 2748 ralionilrue

289 2780 435 2844 Nominis
452 2783 510 2847 tui
528 2785 616 2867 lonpe
635 2784 822 2869 celeberrimi
840 2785 1060 2847 outnmitatem
1082 2784 1126 2846 od
1145 2785 1270 2865 hujusce
1291 2787 1393 2865 operio
1423 2824 1426 2828 -

283 2884 497 2963 patrocinium
525 2888 674 2950 aeciecere
698 2885 905 2949 mutinuerim.
962 2883 1047 2957 Quid
1066 2884 1210 2965 plerimce
1234 2886 1269 2947 in
1296 2886 1393 2951 eimili

291 2986 413 3067 nepotio
431 3007 493 3068 pro
518 3008 602 3052 more
627 2989 753 3053 caueari
777 2987 905 3064 sonant,
928 3004 977 3048 me
997 2985 1175 3066 neutiquam
1187 2985 1285 3067 fiapit.
1331 2986 1393 3049 Eut

290 3106 366 3151 cane
386 3089 469 3171 quod
487 3108 541 3171 epo
566 3092 713 3174 (perinde
735 3108 774 3153 oc
786 3088 914 3171 suciunt
933 3086 1012 3170 olii)
1030 3086 1068 3149 de
1089 3087 1194 3150 mallio
1214 3088 1394 3170 mopnieqne

294 3188 369 3252 luia
382 3210 457 3273 erpa
473 3211 521 3255 me
538 3194 657 3256 meritis
668 3194 779 3275 palum
791 3192 908 3273 populo
928 3190 1127 3255 commentari
1135 3209 1259 3272 peccem
1266 3216 1280 3265 ,·
1302 3197 1394 3274 atque

291 3292 394 3371 etium,
406 3295 494 3375 prati
509 3296 606 3359 animi
626 3297 779 3378 specimen
797 3294 938 3373 daturin,
954 3294 1080 3357 donorio
1098 3313 1137 3356 uc
1156 3294 1256 3357 cultue
1275 3315 1334 3378 quo
1352 3297 1394 3360 Te

285 3412 457 3477 prosequor
485 3396 668 3463 duraturum
697 3396 825 3481 alipcod
851 3402 1076 3461 monumentum
1105 3397 1200 3460 multo
1232 3397 1393 3462 umbonum

292 3502 446 3576 apparatu
474 3500 684 3565 architectari.
730 3500 829 3582 Atqui
857 3498 1006 3581 ejuomodi
1033 3500 1203 3578 concilium,
1227 3499 1273 3582 (ut
1298 3500 1393 3566 libere

285 3596 460 3682 profiteor)
477 3601 512 3663 in
527 3601 569 3663 Te
590 3607 656 3664 tom
667 3600 880 3683 praefidenter
893 3601 1128 3683 interpellando,
1144 3600 1184 3664 al
1204 3606 1305 3667 animo
1326 3625 1392 3669 mco

284 3701 399 3779 procul
422 3699 531 3783 abfuit.
575 3702 615 3766 In
635 3704 799 3767 immemae
822 3702 929 3766 laudm
953 3703 1035 3765 licon
1056 3702 1237 3767 descendere
1259 3726 1321 3768 non
1343 3707 1391 3769 in·

291 3803 389 3883 ctitrci,
404 3810 459 3867 ant
480 3806 611 3869 enimiae
634 3806 732 3869 ocimi
755 3806 850 3885 dotes,
871 3806 980 3888 oreimis
1000 3806 1255 3871 moauarnumo
1274 3811 1390 3873 anteri-

291 3924 378 3968 orum
403 3913 539 3971 actatum
567 3910 692 3973 nomino
713 3928 792 3973 unua
817 3928 981 3991 coaequae,
1005 3909 1202 3993 (uberrimam
1226 3931 1301 3976 cone
1326 3918 1391 3976 tum

289 4010 511 4092 mihimetipsi,
527 4016 591 4075 tum
605 4012 691 4093 operi
707 4032 772 4076 meo
787 4012 999 4095 qualicunque,
1014 4013 1215 4095 loaonficam
1221 4014 1392 4096 praefandi

288 4113 474 4197 neoterium)
491 4114 667 4177 edisserere.
699 4114 865 4177 Enimuero
879 4114 917 4176 id
928 4114 1029 4194 ipmm
1040 4115 1206 4178 tractatae
1220 4135 1241 4176 a
1258 4116 1300 4177 Te
1305 4117 1391 4196 jum

281 4214 410 4294 pridem
423 4217 457 4279 in
472 4217 567 4279 lucem
581 4217 685 4279 mnieri
697 4217 877 4298 plenissime
894 4216 1068 4297 loqrmntur,
1083 4236 1139 4277 nec
1153 4217 1215 4277 alio
1233 4215 1303 4277 libi
1317 4235 1393 4299 opuo

278 4314 428 4397 fintenum
441 4323 488 4381 cot
497 4338 660 4399 praecone,
676 4320 762 4399 cnjuo
775 4317 966 4381 oubeidiario
980 4335 1041 4378 occ
1055 4316 1200 4379 Nominis
1217 4316 1276 4378 tut
1296 4318 1390 4380 clari·

289 4423 386 4482 tatem
400 4418 590 4501 amplificare
603 4426 738 4501 catopat.
786 4420 937 4493 Quocirca
957 4416 1043 4479 trito
1061 4418 1279 4500 lriaccjamoue
1293 4421 1391 4483 trula-

289 4522 371 4584 titiic
378 4522 549 4604 praefandi
562 4522 751 4604 crpumentio
764 4522 847 4583 ultro
862 4517 1104 4601 repudiantium
1117 4520 1298 4584 Tractatum
1312 4524 1393 4587 lrunc

289 4622 360 4686 ideo
374 4624 409 4687 in
418 4626 589 4688 clientelam
603 4623 700 4684 fleam
710 4622 830 4684 dediece
838 4619 999 4702 profiteor,
1005 4626 1173 4703 propterca
1188 4624 1277 4704 quod,
1290 4646 1391 4706 quern-

291 4726 456 4789 cdmodnm
466 4748 519 4809 epo
532 4727 595 4789 lico
606 4742 701 4786 naoeu
709 4728 800 4802 arpo
810 4722 957 4785 instinctu
968 4718 1049 4785 lanc
1056 4725 1250 4804 prouinciam
1263 4728 1392 4805 concepi,

290 4827 340 4889 ito
355 4829 448 4891 ctiam
462 4848 566 4893 eorum
581 4844 659 4907 quoe
673 4824 724 4885 on
735 4824 894 4888 traduntur
914 4819 1076 4886 ueritatem
1090 4829 1121 4887 et
1135 4824 1301 4905 efficaciam
1318 4825 1394 4885 lide
