3825 5759
514 652 555 717 16
816 651 1010 721 ΤΗΟΜΑΕ
1033 650 1293 721 SYDENHAM

381 824 478 871 eninr.
510 812 740 878 confabulandi
764 814 867 899 magis
891 816 933 881 sit
959 836 1018 894 ars,
1044 837 1141 899 quam
1161 814 1328 880 Medendi.
1374 816 1439 881 Sed
1462 836 1505 881 ne
1527 814 1612 881 hanc

357 888 496 967 Q
510 936 571 999 ego
586 915 692 980 dicam
705 924 826 981 temere
841 918 1012 1001 impegisse
1029 918 1148 999 videar,
1162 918 1211 984 fas
1226 918 1307 982 mihi
1327 918 1369 982 sit
1383 940 1403 983 e
1416 918 1468 983 via
1481 940 1610 1003 parum-

509 1038 567 1101 per
582 1018 760 1098 deflectere,
777 1041 840 1103 quo
855 1019 976 1084 scilieet
991 1020 1137 1084 evincam
1151 1041 1263 1085 causas
1277 1019 1349 1084 illas
1362 1020 1560 1101 remotiores,
1574 1021 1611 1084 in

509 1118 628 1203 quibus
644 1120 846 1204 assignandis
861 1128 894 1185 et
908 1120 945 1184 iu
959 1120 1066 1185 lucem
1084 1122 1290 1187 extrahendis
1312 1122 1484 1186 hominum
1506 1122 1610 1187 esurio·

508 1242 620 1285 sorum
649 1229 683 1289 et
715 1220 889 1309 περιέργων
922 1242 1024 1287 vanae
1058 1224 1291 1307 speculationes
1324 1224 1421 1288 unice
1450 1224 1612 1290 desudant

509 1326 785 1411 triumphumque,
808 1348 937 1411 prorsus
958 1348 1027 1393 esse
1050 1325 1297 1407 ἀναταλήνπους
1316 1348 1353 1391 ao
1373 1327 1609 1407 inscrutabiles,

509 1424 592 1493 solas
615 1450 690 1494 vero
712 1430 871 1513 proximas
894 1438 928 1494 et
951 1431 1142 1515 conjunctas
1164 1452 1186 1494 a
1209 1430 1303 1495 nobis
1326 1450 1419 1514 posse
1448 1432 1608 1513 cognosci,

509 1537 606 1615 atque
621 1531 662 1596 ab
677 1530 727 1595 his
742 1532 816 1597 solis
830 1532 1042 1597 indicationes
1057 1532 1216 1597 curativas
1231 1553 1300 1597 esse
1314 1532 1521 1596 mutuandas.

557 1632 640 1717 [18.]
668 1633 913 1699 Observandum
924 1641 975 1698 est
985 1634 1105 1717 itaque,
1116 1634 1203 1717 quod
1217 1634 1245 1698 si
1259 1634 1410 1698 humores
1421 1634 1472 1699 vel
1487 1634 1610 1698 diutius

507 1757 605 1820 quum
619 1757 677 1820 par
692 1743 741 1800 est
755 1736 791 1799 in
805 1756 937 1819 corpore
951 1735 1074 1801 fuerint
1087 1736 1217 1814 retenti,
1236 1736 1324 1819 (quia
1337 1736 1459 1800 scilicet
1480 1737 1610 1802 Natura

507 1838 636 1903 eosdem
652 1858 849 1921 concoquere
861 1845 1011 1921 nequeat,
1022 1857 1059 1902 ae
1070 1837 1220 1922 deinceps
1235 1838 1415 1921 expellere)
1427 1837 1477 1902 vel
1492 1838 1532 1903 ab
1547 1838 1609 1903 hac

509 1947 566 2003 ant
587 1940 644 2003 illa
665 1940 749 2005 aens
771 1939 1004 2004 constitutione
1022 1938 1135 2023 ¹labem
1157 1938 1357 2004 morbifieam
1378 1939 1608 2019 contraxerint,

509 2043 559 2107 vel
571 2043 709 2125 denique
720 2044 870 2126 contagio
881 2043 988 2125 aliquo
999 2048 1158 2107 venenato
1172 2042 1285 2107 infecti
1298 2043 1335 2106 in
1348 2042 1493 2125 ejusdem
1504 2050 1610 2108 castra

509 2145 715 2223 transierint3
731 2145 781 2208 his
796 2145 962 2227 (inquam)
976 2144 1080 2209 modis
1091 2151 1124 2209 et
1133 2145 1183 2208 his
1195 2144 1362 2223 similibus,
1368 2144 1448 2208 dicti
1457 2144 1610 2209 humores

509 2246 546 2309 in
567 2246 704 2310 formam
726 2245 982 2325 substantialem,
1005 2267 1064 2311 seu
1084 2248 1216 2328 speciem
1237 2247 1430 2325 exaltentur,
1454 2268 1536 2330 quae
1557 2247 1610 2311 hia

510 2348 618 2412 aliisve
633 2348 800 2413 affectibus
815 2369 890 2413 eum
909 2349 1039 2432 propria
1052 2349 1193 2413 essentia
1207 2346 1472 2412 convenientibus
1488 2369 1522 2412 se
1536 2368 1609 2432 pro·

511 2449 576 2527 dit;
608 2470 689 2532 quae
709 2449 838 2533 quidem
860 2456 1086 2533 symptomata,
1101 2450 1177 2514 licet
1198 2450 1308 2513 minus
1322 2448 1425 2513 cautis
1439 2449 1610 2514 videantur

509 2554 585 2619 oriri
606 2554 657 2619 vel
676 2576 696 2619 a
718 2562 836 2619 namra
856 2555 957 2638 partis
980 2576 1076 2637 quam
1098 2554 1217 2618 humor
1231 2554 1432 2633 obsedit,¹vel
1451 2575 1472 2617 a
1491 2561 1609 2619 natura

509 2656 652 2720 humoris
670 2655 770 2739 ipsius
785 2662 959 2741 antequam
973 2657 1058 2721 hauc
1071 2656 1223 2721 induerat
1238 2657 1385 2739 speciem,
1395 2656 1608 2723 nihilomiuus

507 2778 618 2822 revers
631 2759 765 2823 affectus
780 2766 857 2823 sunt
872 2758 912 2823 ab
924 2758 1064 2823 essentia
1078 2757 1183 2823 dictae
1197 2759 1314 2842 speciei
1322 2759 1356 2822 in
1373 2759 1461 2823 hune
1472 2759 1609 2843 gradum

506 2880 618 2925 recens
638 2866 766 2926 evectae
788 2860 977 2945 pendentes.
1020 2860 1114 2925 Adeo
1135 2868 1174 2925 ut
1196 2860 1332 2945 quilibet
1352 2860 1485 2925 morbus
1507 2860 1610 2944 speci·

506 2964 586 3029 ficus
601 2965 727 3031 affectio
742 2964 784 3028 sit
799 2964 840 3029 ab
855 2962 916 3029 bae
930 2964 982 3028 vel
994 2964 1052 3028 illa
1066 2964 1213 3047 specifica
1227 2964 1431 3042 exaltatione,
1442 2964 1493 3028 vel
1508 2963 1608 3047 speci-

506 3067 655 3133 ficatione
677 3068 765 3133 succi
783 3066 950 3151 eujusdam
968 3067 1005 3130 in
1025 3087 1157 3151 corpore
1175 3066 1329 3145 animato,
1344 3073 1453 3131 ortum
1474 3066 1606 3132 ducens.

508 3168 576 3233 Sub
591 3170 652 3233 hoe
668 3188 786 3253 genere
803 3174 909 3252 potest
927 3167 1157 3251 comprehendi
1170 3168 1310 3231 maxima
1330 3189 1404 3251 pars
1419 3168 1608 3233 morborum

506 3270 562 3351 qui
581 3277 705 3334 certum
726 3271 865 3353 aliquem
885 3276 1001 3353 typum
1023 3270 1211 3335 aetermam
1233 3275 1422 3352 agnoscunt.
1467 3271 1512 3335 Et
1533 3292 1607 3355 pro·

505 3371 591 3435 fecto
609 3370 698 3434 haud
718 3372 827 3435 miuus
849 3392 883 3435 se
904 3372 1034 3435 Natura
1055 3372 1209 3436 methodo
1231 3370 1381 3454 astringit
1402 3372 1439 3436 in
1462 3372 1513 3437 bis
1534 3380 1606 3437 tum

505 3472 728 3555 producendis,
750 3479 824 3537 tum
852 3473 1063 3552 maturandis,
1087 3496 1184 3558 quam
1206 3474 1243 3538 in
1268 3474 1398 3558 plantis,
1421 3476 1489 3540 sive
1507 3476 1606 3540 etiam

506 3574 708 3639 animalibus.
754 3575 909 3641 Quinimo
931 3582 970 3641 ut
991 3576 1124 3642 cuilibet
1146 3578 1212 3641 sive
1236 3578 1366 3661 plantae
1388 3578 1453 3641 sive
1474 3577 1607 3640 animali

505 3676 625 3760 proprii
648 3676 778 3760 quidam
801 3698 837 3742 ec
859 3678 1035 3762 peculiares
1055 3679 1190 3743 affectum
1211 3684 1410 3763 competunt,
1428 3678 1477 3741 ita
1498 3698 1533 3741 se
1554 3698 1606 3742 res

504 3778 603 3843 habet
618 3778 654 3843 in
668 3779 811 3862 quolibet
825 3781 911 3845 succi
926 3781 1147 3866 cujuscunque
1162 3783 1366 3860 exaltatione,
1381 3779 1439 3845 ubi
1454 3780 1553 3845 semel
1567 3782 1604 3845 in

506 3880 644 3963 speciem
665 3882 856 3965 proruperit.
901 3884 1095 3967 Exemplum
1116 3884 1214 3967 hujus
1237 3885 1285 3948 rei
1304 3884 1382 3948 satis
1399 3882 1605 3948 luculentum

507 3982 649 4065 quotidie
666 3982 760 4048 nobis
780 3984 934 4067 ingerunt
949 3990 983 4049 et
1002 3984 1044 4050 ob
1064 3986 1173 4050 oculos
1192 3993 1320 4070 ponunt
1337 3986 1443 4051 variae
1456 3986 1538 4051 istae
1552 4008 1607 4051 ex·

506 4085 753 4149 crescentiorum
769 4085 898 4169 species,
915 4106 994 4169 quas
1010 4086 1138 4152 arbores
1153 4087 1349 4170 fruticesque
1363 4087 1530 4167 emittunt,
1545 4088 1608 4170 (vel

506 4184 547 4251 ob
566 4186 653 4252 succi
675 4187 803 4253 nutritii
817 4187 1053 4273 perversionem
1072 4195 1107 4252 et
1121 4189 1392 4273 depravationem,
1403 4189 1454 4253 vel
1468 4190 1546 4254 alias
1562 4189 1604 4254 ob

505 4292 639 4373 causas)
656 4291 691 4354 in
706 4290 809 4355 forma
824 4289 945 4354 scilicet
964 4290 1077 4368 musci,
1096 4288 1185 4368 visci,
1204 4290 1389 4373 fungorum,
1405 4290 1605 4373 aliorumque

504 4388 539 4452 id
561 4412 663 4473 genus
671 4416 681 4471 3
708 4414 789 4477 quae
808 4392 918 4455 omnia
936 4390 1093 4455 esseutiae
1108 4397 1186 4454 suut
1200 4391 1266 4455 aive
1280 4393 1411 4475 species,
1427 4413 1446 4456 a
1460 4401 1604 4476 parente,

505 4508 563 4553 seu
577 4489 698 4571 arbore,
715 4514 771 4557 seu
784 4493 910 4571 frutice,
923 4492 1065 4556 diversae
1079 4492 1174 4577 plane
1189 4500 1286 4577 atque
1297 4493 1480 4559 distinctae.
1516 4494 1598 4577 [19.]

504 4591 549 4654 Et
571 4612 648 4656 sane
670 4592 725 4675 qui
742 4594 824 4658 serio
844 4602 941 4678 atque
961 4594 1004 4660 ad
1027 4596 1180 4660 amussim
1202 4597 1411 4680 pensitaverit
1431 4593 1605 4683 φαινόμενα

504 4692 569 4770 illa,
585 4714 667 4777 quae
682 4692 804 4758 febrem
823 4694 922 4777 (verbi
934 4697 1060 4779 gratia)
1079 4704 1271 4781 quartanam
1285 4698 1482 4763 comitantur
1490 4721 1500 4775 ;
1517 4698 1604 4780 quod

504 4794 650 4858 videlieet
669 4794 735 4859 fere
756 4816 880 4880 semper
902 4798 963 4862 sub
984 4806 1142 4865 autumno
1160 4801 1353 4884 ingreditur,
1369 4799 1455 4884 qnod
1476 4807 1603 4864 eertum
