3825 5759
534 692 576 753 42
839 686 1036 751 THOMAE
1061 685 1318 750 SYDENHAM

393 867 502 979 01²⁰qu
532 856 628 913 tuum
646 848 738 931 copia
752 848 948 927 destituitur,
968 851 1018 931 (ut
1036 849 1072 911 in
1094 847 1264 912 decliviora
1281 852 1398 923 aetate,
1414 850 1512 927 atque
1534 842 1633 905 etiam

382 950 1234 1141 ffliclllimliiuililpimlqlrlili
1248 950 1634 1137 ἒῗέἔέἓέοηέζῗί

533 1159 735 1243 imperarem,
751 1156 891 1239 sanguis,
908 1158 1088 1222 etiamnum
1103 1158 1184 1221 citra
1198 1157 1357 1241 ejusmodi
1370 1154 1634 1218 imminutionem

533 1262 606 1345 plus
621 1261 698 1324 satis
713 1258 836 1336 debilis,
852 1258 1089 1342 despumationi
1108 1281 1185 1323 suae
1199 1259 1367 1323 obeundae
1385 1280 1514 1342 prorsus
1531 1256 1636 1339 impar

533 1364 720 1427 redderetur
730 1388 740 1439 ;
762 1362 849 1425 unde
871 1362 972 1425 totius
991 1384 1114 1426 massae
1133 1362 1355 1445 perversique
1373 1360 1508 1445 proinde
1526 1359 1635 1422 forsan

533 1466 633 1549 ipsius
655 1465 741 1547 aegri
770 1464 930 1542 interitus,
954 1471 1159 1547 sequeretur;
1189 1463 1470 1547 quemadmodum,
1492 1461 1520 1524 si
1548 1480 1635 1523 cere·

534 1570 630 1633 visiae
645 1576 701 1633 aut
717 1568 797 1633 alius
816 1568 955 1652 cujusvis
970 1569 1070 1631 musti
1084 1568 1291 1631 fermentatio
1304 1566 1528 1649 intempestive
1543 1565 1634 1627 sista

533 1680 597 1749 tur,
613 1673 751 1757 liquores
765 1672 813 1735 illi
827 1672 942 1735 vitium
960 1672 1149 1755 plerumque
1163 1670 1370 1733 contrahunt.
1416 1669 1544 1752 Quippe
1562 1689 1634 1751 par-

532 1776 714 1855 ticulam,
730 1797 808 1859 quas
827 1774 926 1837 semel
940 1773 1152 1838 exterminare
1172 1773 1320 1857 coeperit,
1336 1794 1489 1856 quaeque,
1504 1772 1635 1835 tametsi

533 1879 611 1942 dum
626 1879 766 1961 reliquae
777 1877 898 1941 cruoris
909 1897 1032 1939 massae
1046 1875 1256 1958 aequabiliter
1269 1875 1526 1939 immiscerentur
1536 1896 1635 1957 purae

533 1981 720 2059 extiterant,
747 1980 815 2061 jam
844 1999 918 2042 vero
939 1978 1144 2061 putredinem
1170 1976 1376 2041 deterrimam
1405 1978 1578 2060 acquirere,
1600 1984 1634 2039 et

532 2090 673 2147 caeteros
701 2082 851 2145 humores
882 2081 971 2163 gravi
990 2080 1237 2163 inquinamento
1258 2082 1388 2144 inficere
1416 2080 1539 2143 habiles
1562 2100 1633 2142 eva-

532 2185 643 2263 serint,
664 2184 860 2247 consortium
875 2183 1004 2246 Natura
1021 2182 1104 2245 ferre
1118 2184 1255 2265 amplius
1275 2204 1344 2246 non
1360 2188 1476 2265 potest.
1521 2180 1634 2246 Quan-

554 2308 631 2349 uam
653 2286 741 2349 haud
766 2307 818 2349 me
842 2285 923 2347 latet
952 2306 991 2347 ae
1088 2286 1259 2348 temeraria
1287 2307 1345 2348 san
1392 2284 1453 2346 ‘nis
1482 2284 1633 2347 missione

531 2308 714 2467 iirrrlctatos,
726 2305 1216 2453 convenientiumiiuibiacorum
1237 2410 1300 2451 usu
1317 2306 1490 2470 ahigciuuando
1504 2386 1631 2463 serrari,
1676 2446 1685 2465 ,

531 2490 786 2573 sanguinemque
819 2490 861 2553 ad
894 2495 1041 2553 tenorem
1079 2489 1291 2554 defaecationi
1324 2510 1401 2553 suae
1432 2488 1633 2573 peragendae

531 2594 684 2657 idoneum
703 2592 830 2657 restitui
844 2612 945 2677 posse.
992 2592 1058 2655 Sed
1076 2594 1279 2677 praestiterat
1292 2594 1422 2677 plagam
1435 2614 1504 2657 uon
1516 2592 1632 2675 infligi,

532 2697 761 2781 quamsauari.
891 2798 926 2813 ..
1099 2799 1174 2813 ..
1257 2800 1264 2813 .
1407 2801 1414 2814 Ι
1516 2799 1577 2813 ..

374 2814 518 2991 {aaa
533 2800 647 2989 ,tr
667 2798 900 2988 taeta
917 2800 1631 2987 attestabimur

393 2952 434 2993 est
530 3008 648 3091 guineo
676 3007 828 3091 praeditis
857 3007 989 3090 reperiri
1017 3006 1205 3089 consuevit)
1236 3006 1377 3089 primum
1404 3007 1440 3069 in
1466 3008 1631 3071 curatione

529 3110 636 3175 locum
655 3108 890 3193 phlebotomiae
913 3108 1074 3186 attribu03
1097 3130 1179 3191 quae
1196 3110 1430 3193 (praeterquam
1449 3111 1485 3173 in
1504 3109 1630 3173 casibus

529 3213 663 3275 inferius
684 3210 921 3291 memorandis)
947 3212 1016 3273 sine
1032 3212 1143 3274 salutis
1157 3212 1298 3295 pericrxlo
1312 3212 1366 3276 hic
1380 3213 1488 3277 omitti
1506 3212 1629 3295 nequit.

530 3314 618 3377 Nam
654 3314 732 3375 alias
768 3333 834 3375 non
865 3312 970 3375 solum
998 3334 1074 3395 prae
1102 3314 1204 3377 nimia
1232 3314 1399 3398 sanguinis
1432 3314 1630 3391 ebullitione,

529 3410 1003 3499 phrenitidum,ple1uitidum,
1033 3414 1231 3499 aliarumque
1260 3417 1296 3480 id
1325 3439 1427 3499 genus
1452 3418 1631 3480 inflamma·

529 3516 656 3579 tionum
670 3516 846 3599 paricidam
861 3514 1055 3594 immineret,
1071 3518 1127 3581 sed
1140 3540 1217 3602 prae
1232 3520 1324 3604 eopia
1342 3521 1449 3597 etiam,
1464 3519 1631 3601 impeditio

530 3617 714 3682 omnimoda
738 3616 955 3682 mmdstionis
979 3626 1012 3683 et
1034 3621 1135 3684 totisu
1157 3644 1280 3687 massae
1301 3622 1391 3706 quasi
1410 3620 1630 3702 amangulatus

529 3725 788 3802 consequeretur.

578 3822 638 3905 [8.]
667 3821 856 3885 Mansuram
879 3822 966 3905 quod
988 3824 1115 3904 attinet,
1131 3826 1212 3890 mihi
1234 3829 1366 3891 solenne
1387 3832 1436 3890 est
1455 3846 1527 3889 eam
1547 3824 1630 3889 dun-

529 3932 619 3989 taxat
648 3923 814 4007 sanguinis
844 3926 1060 4007 quantitatem
1082 3928 1249 3993 detrahere
1275 3932 1445 4013 (quantum
1474 3928 1631 4013 conjicere

529 4028 645 4111 liceat)
678 4048 759 4112 quae
796 4048 928 4111 aegmm
958 4029 999 4094 ab
1028 4031 1250 4112 incommodis,
1281 4034 1398 4116 quibus
1426 4032 1631 4096 immodicam

528 4131 672 4217 ejusdem
695 4130 944 4195 commotionem
970 4133 1143 4198 obnoxiam
1171 4156 1240 4199 esse
1264 4136 1413 4216 diximus,
1436 4136 1632 4199 incolumem

527 4242 677 4320 praestet.
722 4234 971 4301 Aestuationem
991 4258 1066 4301 vero
1084 4238 1175 4301 illam
1195 4238 1346 4322 deinceps
1367 4260 1445 4321 rego
1465 4259 1502 4301 ac
1522 4238 1631 4301 mode·

527 4358 590 4417 ror,
612 4336 864 4422 phlebotomiam
894 4339 944 4403 vel
973 4340 1148 4423 repetendo
1176 4342 1227 4405 vel
1256 4341 1447 4419 omittendo,
1477 4341 1633 4404 cardiacis

528 4440 639 4503 calidis
668 4440 718 4503 vel
746 4440 925 4505 insistendo
954 4442 1005 4504 vel
1033 4442 1203 4525 parcendo,
1227 4466 1265 4509 ac
1290 4445 1429 4528 denique
1452 4444 1560 4507 aluam
1581 4443 1633 4507 rel

528 4540 666 4606 laxando
680 4541 729 4605 vel
749 4543 989 4626 compescendo,
1003 4551 1100 4627 prout
1119 4552 1245 4610 motum
1260 4546 1353 4612 illum
1366 4548 1418 4611 vel
1439 4547 1565 4611 efferari
1582 4544 1633 4610 vel

529 4644 734 4725 languescere
749 4644 978 4711 animadverto.

578 4744 638 4829 [9.]
667 4746 744 4809 Post
758 4748 1048 4813 venae-sectionem
1061 4751 1231 4833 (siquidem
1245 4752 1315 4837 ipsa
1325 4754 1421 4837 juxta
1434 4773 1526 4815 casus
1540 4772 1631 4835 prae-

529 4854 721 4915 memoratos
750 4848 926 4912 necessaria
955 4850 1075 4935 fuerit)
1107 4853 1251 4916 solicitus
1279 4854 1474 4937 wdsrlsuque
1502 4852 1631 4934 inquiro
