3825 5759
534 662 912 731 OBSERVA'PIONES
935 660 1155 734 MEDICAE.
1354 659 1396 738 1'7

287 824 437 890 ordinem
446 846 484 891 ao
494 832 611 911 typum
621 820 742 911 ubique
750 830 1085 907 sorrat,revolutiones
1095 830 1272 915 periodicas
1280 839 1396 916 quarto
1424 849 1522 899 riser.

286 948 416 1011 quoque
430 927 483 993 die
498 948 566 993 uon
579 928 688 993 minus
703 936 791 995 certo
807 938 956 1015 repetens
972 954 1070 1015 quam
1084 954 1159 997 suas
1169 932 1288 1017 repetit
1299 935 1394 1001 horo·
1409 912 1546 989 Q

285 1028 411 1112 logium
439 1028 506 1094 sivo
536 1029 624 1093 aliud
653 1030 816 1113 quoddam
844 1033 1002 1116 ejusmodi
1031 1031 1219 1115 ἀκάματον,
1246 1036 1321 1119 (uisi
1351 1036 1392 1101 ab

284 1129 460 1195 medente
489 1130 596 1213 aliquo
625 1132 824 1199 extrinsecus
853 1134 1047 1199 adveniente
1074 1134 1128 1200 hic
1156 1136 1237 1201 ordo
1265 1145 1392 1220 pertur-

287 1230 414 1314 betur3)
446 1230 534 1315 quod
555 1252 630 1297 cum
650 1232 757 1317 rigore
778 1254 817 1299 ao
838 1235 975 1301 notabili
997 1236 1126 1321 frigoris
1149 1259 1247 1302 sensu
1277 1260 1393 1323 aggre-

286 1332 385 1413 ditur,
407 1354 505 1417 quem
527 1333 644 1418 excipit
667 1334 781 1400 mloris
803 1337 967 1422 perceptio
990 1360 1059 1405 non
1082 1339 1192 1405 minus
1218 1341 1390 1421 sensibilis,

285 1455 368 1518 quae
382 1435 518 1501 undem
532 1436 568 1499 in
583 1436 698 1501 sudore
713 1437 905 1503 effusissimo
919 1441 1134 1519 terminatum
1150 1442 1237 1525 quod
1252 1442 1392 1527 denique

286 1538 422 1603 morbus
439 1536 504 1617 bio,
520 1558 746 1623 quemcunque
765 1539 898 1605 domum
916 1541 1080 1620 invaserit,
1094 1543 1147 1606 vix
1166 1550 1243 1609 aute
1256 1565 1393 1610 vernum

287 1640 532 1723 aequinoctium
541 1639 629 1723 abigi
638 1640 757 1725 poterit
768 1642 929 1725 otfuguri:
946 1643 1093 1726 quibaeo
1103 1643 1272 1727 (inquam)
1283 1648 1393 1711 omnia

285 1742 519 1825 pensiculatius
533 1743 749 1821 trutinaverit,
760 1743 849 1809 baud
860 1744 970 1808 minus
984 1745 1085 1811 firmis
1099 1745 1280 1811 rationibus
1294 1747 1390 1811 iudu-

283 1850 379 1909 cetur
396 1850 435 1907 nt
449 1843 560 1908 credat
573 1844 725 1909 morbum
743 1845 833 1910 buno
852 1846 992 1929 speciem
1010 1866 1090 1926 osso,
1105 1868 1204 1931 quam
1221 1854 1300 1911 suut
1315 1849 1391 1913 illae

283 1944 325 2010 ob
340 1965 424 2030 quas
441 1944 544 2010 credit
557 1946 704 2030 plantam
723 1964 792 2011 esso
811 1947 960 2031 speciem,
975 1968 1058 2031 quac
1076 1969 1190 2032 parem
1205 1969 1335 2034 semper
1348 1951 1391 2014 sd

284 2046 435 2111 normam
447 2066 468 2111 e
479 2054 569 2112 terra
585 2047 740 2127 nascitur,
756 2048 859 2128 floret,
875 2049 1062 2135 intexitque,
1082 2058 1181 2135 atquo
1201 2052 1238 2115 in
1256 2052 1389 2136 reliquis

284 2148 425 2213 officum
438 2168 497 2232 pro
509 2149 635 2215 ratione
649 2150 808 2215 esseutiae
823 2171 917 2229 suae;
932 2170 1039 2235 noque
1053 2152 1147 2217 facilc
1161 2153 1390 2237 comprehendi

282 2256 401 2333 potest,
415 2248 473 2333 qui
494 2251 553 2314 fiat
577 2256 616 2316 ut
641 2251 695 2316 hio
718 2252 852 2316 morbus
874 2252 999 2317 oriatur
1020 2275 1041 2317 a
1061 2254 1301 2320 combinatione
1322 2257 1389 2319 sive

281 2352 525 2436 principiorum,
544 2352 609 2417 sivo
630 2352 826 2438 qualitatum
848 2354 1056 2433 evidentium,
1079 2375 1155 2420 cum
1175 2356 1290 2440 planta
1310 2357 1386 2421 sub·

281 2453 578 2537 emutioacspecies
590 2453 789 2519 distinotaiu
799 2474 908 2519 reram
921 2463 1040 2521 natura
1049 2456 1171 2541 ubique
1181 2465 1386 2541 agnoscatur.

283 2553 373 2619 lllud
389 2554 524 2619 iuterim
544 2576 611 2620 non
634 2554 819 2635 diffitemur,
835 2557 922 2641 quod
939 2578 1015 2623 eum
1035 2557 1156 2641 species
1179 2559 1245 2623 sive
1262 2558 1385 2623 auima-

282 2654 363 2719 lium
378 2655 444 2719 sire
457 2656 642 2739 plantarum
651 2656 798 2741 singulas
816 2658 967 2742 (demptis
980 2659 1170 2742 perpaucis)
1187 2681 1245 2743 por
1259 2678 1294 2723 so
1307 2658 1384 2723 sub-

284 2756 412 2836 sistant,
421 2756 502 2822 utne
517 2758 703 2823 morborum
718 2760 837 2843 species
852 2760 893 2825 ab
907 2760 947 2825 iis
962 2759 1147 2842 dependent
1161 2760 1351 2824 humoribus
1365 2780 1386 2822 a

285 2858 403 2941 quibus
418 2866 625 2942 generantur.

331 2960 418 3045 [20]
443 2960 586 3025 'lsmetsi
598 2981 674 3027 vero
687 2982 729 3027 er
740 2962 809 3046 jam
824 2960 918 3027 dictis
933 2965 1081 3025 constare
1095 2959 1242 3024 rideatur
1256 2958 1384 3023 morbo·

284 3080 358 3125 rum
369 3061 595 3146 plerorumque
608 3083 721 3129 musas
735 3060 961 3127 inscrutabiles
975 3080 1104 3143 prorsus
1114 3078 1184 3123 esso
1199 3078 1237 3124 ao
1246 3056 1386 3138 duodeq-

285 3158 411 3246 peiraco,
424 3183 493 3227 non
513 3170 625 3229 tamen
644 3164 825 3229 insolubilis
845 3163 907 3228 erit
927 3163 985 3227 illa
1002 3161 1158 3245 quaestio,
1178 3166 1273 3245 “quo
1291 3168 1386 3245 poeto

286 3263 393 3327 sanari
407 3264 532 3347 possint
541 3264 578 3329 ?’'
597 3286 673 3329 cum
688 3266 729 3330 dc
742 3266 847 3331 causis
864 3264 1091 3330 remotioribus
1113 3283 1174 3328 nos
1187 3264 1250 3329 hoo
1266 3284 1386 3329 assero·

285 3385 369 3431 mus.
411 3366 519 3431 Nemo
533 3374 643 3431 autem
656 3375 707 3433 est
722 3368 778 3451 qui
791 3388 859 3433 non
872 3367 980 3433 videet
994 3366 1135 3433 curiosos
1149 3367 1228 3432 istos
1243 3366 1386 3451 specula·

286 3472 373 3531 tores
387 3467 423 3531 in
438 3468 542 3532 musis
560 3470 664 3553 primo
682 3468 796 3553 primis
810 3470 877 3534 iere
891 3490 929 3534 ac
948 3467 1170 3534 remotissimis
1191 3468 1387 3552 indagandis

286 3588 323 3633 oo
344 3569 381 3633 in
401 3569 508 3634 lucem
524 3571 575 3652 (ut
595 3578 634 3635 ut
655 3571 758 3636 invite
778 3570 944 3635 Μίιιιιιίἰιι
963 3590 1001 3635 ac
1021 3570 1219 3635 reclamante
1240 3570 1387 3634 Naturae

286 3672 405 3754 sensu)
431 3672 656 3754 protrahendis
681 3692 810 3758 operam
836 3672 970 3756 perdere
977 3697 989 3747 ;
1024 3672 1230 3737 immediatas
1252 3692 1328 3737 vero
1351 3678 1387 3737 et

288 3772 488 3857 conjunctas,
503 3794 564 3839 eeu
574 3780 651 3839 aute
664 3774 762 3858 pedes
773 3775 929 3859 jacentes,
945 3779 1163 3853 contemnere,
1178 3793 1261 3857 quae
1273 3780 1386 3838 tamen

285 3876 464 3941 neomario
485 3876 606 3941 debent
628 3877 786 3960 cognosci,
809 3883 843 3941 et
864 3882 1000 3960 possunt
1024 3876 1124 3941 ctiam
1147 3876 1217 3941 sine
1239 3875 1386 3941 ficulneis

287 3974 709 4061 hujusmodiodminicul'n3
732 3976 1001 4043 oumintellectui
1019 3977 1386 4062 soapsrtesistaut,vel

287 4079 406 4163 propn'i
428 4100 540 4145 senem
558 4080 754 4159 testimonio,
770 4080 821 4145 vel
839 4080 1030 4145 anatomicis
1048 4078 1325 4145 observationibus
1343 4078 1385 4141 ab

286 4180 356 4244 aliis
370 4181 564 4264 jrmwidem
578 4182 682 4261 scobs,
697 4189 847 4249 retectae.
891 4188 1002 4265 Atque
1014 4189 1053 4246 ut
1076 4180 1272 4264 impossibile
1289 4179 1385 4261 plano

286 4274 1384 4364 ortutMcdicuseesmorbioaussscdiacatquaennllumprorsus

286 4402 359 4445 oum
381 4384 529 4449 sensibus
550 4385 673 4450 babent
698 4385 936 4461 commercium,
958 4383 1007 4445 ito
1030 4400 1138 4465 noque
1161 4386 1212 4445 est
1232 4399 1362 4443 necesse
1372 4406 1383 4458 ς

286 4482 415 4549 abunde
429 4485 519 4550 euim
539 4487 657 4551 sufficit
670 4494 709 4551 ut
719 4487 804 4551 sciat
818 4485 906 4551 unde
926 4480 1113 4547 immediato
1131 4480 1236 4546 oritur
1248 4480 1382 4560 malum,

286 4584 429 4668 talosque
444 4585 515 4669 Ψ
524 4587 657 4653 edoctus
672 4594 769 4671 atque
783 4589 1011 4671 symptomata,
1020 4589 1059 4647 ut
1068 4582 1156 4649 iuter
1168 4581 1257 4647 bunc
1267 4581 1382 4645 alium·

287 4747 811 4877 utrumq:
857 4741 1384 4875 eursu<

828 4917 849 4958 n
