3825 5759
592 648 849 715 PROCESSUS
873 648 1075 715 INTEGRI.
1320 652 1381 714 601

708 913 803 976 ΟΑΡ.
827 912 965 976 xnlxs

632 1073 681 1135 De
695 1074 858 1136 Punctum
875 1074 1031 1137 Tendiois.

326 1208 464 1271 Hosion
479 1228 600 1291 aqueus
618 1208 669 1271 vel
686 1208 778 1272 ichor
795 1208 927 1291 quidam
949 1230 988 1273 ex
1006 1209 1127 1274 orificio
1148 1230 1248 1275 venae
1266 1210 1385 1275 incisae

271 1311 404 1394 jugiter
419 1310 571 1374 destillat.

279 1446 391 1511 [Form.
403 1448 495 1515 2tb.]¹
521 1442 553 1511 R
567 1444 676 1500 Radicis
688 1446 817 1501 Liliornm
829 1447 955 1501 alborum
968 1448 996 1501 in
1008 1448 1077 1501 lacte
1088 1448 1197 1501 vaccino
1214 1448 1250 1502 ad
1260 1450 1387 1504 teneritu·
1399 1456 1529 1504 Cosano.

602 1530 692 1584 dinem
704 1541 794 1585 coctae
806 1541 833 1586 et
844 1541 971 1586 corruisse
982 1534 1076 1587 uncias
1087 1544 1209 1603 quatuor,
1336 1602 1338 1607 Δ

568 1616 680 1671 Furinae
693 1618 807 1671 Seminis
819 1618 890 1683 Lini,

567 1704 707 1778 [Furinae]
721 1707 883 1769 Avessceae,
894 1722 946 1759 sna
958 1706 1051 1759 uncias
1063 1715 1129 1771 tres3

426 1792 519 1860 Coqua
535 1790 570 1844 ad
581 1792 777 1861 cataplasmatis
785 1793 984 1846 consistentiam
992 1794 1021 1846 in
1033 1793 1126 1847 eodem
1138 1793 1207 1847 lacte
1219 1810 1273 1863 quo
1285 1794 1386 1849 radices

428 1887 519 1932 coctae
530 1877 618 1932 fuere:
637 1880 783 1949 applicetur
793 1878 863 1948 parti
874 1877 986 1932 affectae
997 1894 1076 1932 mane
1087 1888 1115 1933 et
1125 1896 1191 1933 sero.

747 2098 842 2176 QAP.
866 2098 927 2161 Le

722 2234 772 2297 Da
785 2234 956 2298 Ambustis.

330 2369 519 2432 Fovsssus
535 2389 609 2452 pars
632 2369 747 2433 affecta
768 2368 877 2433 linteis
899 2368 1016 2451 spiritu
1035 2368 1102 2433 vini
1123 2368 1266 2447 imbutis,
1286 2388 1388 2453 usqne
1401 2383 1531 2431 consuo.

285 2470 367 2533 dum
381 2478 548 2534 evanescat
563 2470 654 2534 dolor
661 2497 671 2548 ;
693 2491 731 2534 ac
745 2470 895 2553 deinceps
907 2470 947 2533 de
961 2491 1046 2534 novo
1060 2470 1226 2533 imbuatur
1239 2470 1387 2549 linteum,

287 2571 375 2653 quod
388 2578 440 2634 ter
453 2572 505 2635 vel
519 2578 633 2655 quater
647 2573 681 2634 in
696 2572 748 2635 die
762 2573 847 2655 parti
862 2572 995 2636 affectae
1010 2570 1195 2654 applicetur.

741 2780 840 2845 CAP.
864 2780 941 2845 ΙιΙ.11

654 2942 707 3005 De
721 2943 836 3005 Manio
854 2944 1022 3005 Communi.

332 3079 364 3142 A
385 3097 486 3141 mans
508 3078 650 3142 exaltata
668 3085 701 3141 et
715 3078 820 3141 vivida
837 3077 1004 3161 sanguinis
1019 3076 1101 3141 erasi
1120 3077 1231 3141 oritur.
1277 3079 1336 3143 Est
1354 3086 1386 3144 et

290 3182 352 3245 alia
376 3181 510 3245 Maniae
537 3182 656 3265 species
681 3180 787 3245 febres
812 3180 1066 3245 intermittentes
1092 3180 1310 3244 diuturniores
1333 3203 1385 3246 ex-

290 3283 419 3366 cipiens,
434 3283 471 3346 in
485 3283 657 3347 stultitiam
674 3282 807 3347 tandem
822 3283 1031 3366 degenerans,
1045 3282 1202 3366 producta
1221 3283 1353 3367 quidem
1367 3306 1387 3347 a

291 3384 455 3448 debilitate
476 3391 510 3448 et
535 3384 710 3469 vapiditate
733 3386 910 3468 sanguinis,
934 3408 954 3448 a
978 3384 1105 3448 diutina
1127 3384 1384 3449 fermentatione.

291 3486 553 3550 Praescribantur
566 3488 675 3570 itaque
690 3487 836 3551 cardiace
850 3487 1061 3571 generosiora,
1072 3486 1229 3567 videlicet,
1246 3487 1388 3551 theriaca
1401 3500 1531 3551 enutrio.

291 3588 517 3667 Andromachi,
540 3589 749 3653 electuarium
775 3590 816 3653 de
841 3610 910 3667 ovo,
935 3589 1040 3673 pulvis
1063 3588 1261 3667 comitissae,
1283 3588 1387 3672 pulvis

293 3692 436 3757 Gualteri
451 3692 626 3775 Rawleigh,
641 3692 678 3755 in
692 3714 776 3776 aqua
790 3693 976 3776 epidemica,
992 3693 1168 3771 theriacali,
1183 3693 1234 3757 vel
1250 3692 1313 3755 alia
1320 3718 1330 3771 ;
1354 3700 1387 3756 et

293 3796 396 3859 diaeta
409 3795 600 3859 instituatur
614 3795 802 3879 analeptica.

331 3898 374 3961 In
384 3897 568 3981 junioribus
582 3898 734 3961 mittatur
748 3896 880 3981 sanguis
893 3917 911 3960 e
924 3896 1057 3961 brachio
1072 3898 1113 3962 ad
1127 3898 1239 3961 uncias
1254 3903 1327 3961 octo
1337 3897 1388 3960 vel

293 4022 402 4065 novem
412 4001 463 4065 bis
478 4002 528 4065 vel
542 4008 602 4079 ter,
614 4001 728 4065 diebus
741 4000 848 4063 tribus
861 3999 949 4062 inter
964 3999 1105 4081 singulas
1116 3999 1387 4063 venae-sectiones

293 4103 495 4186 interpositis.
540 4102 624 4167 Tum
639 4103 738 4167 semel
752 4102 941 4167 extrahatur
955 4101 1086 4182 sanguis
1101 4100 1219 4163 evenis
1230 4100 1387 4183 jugulari-

293 4203 359 4267 bus.
404 4205 522 4268 Postea
534 4212 606 4269 tota
620 4206 744 4269 curatio
758 4205 920 4268 innitatur
938 4203 1086 4285 sequenti
1101 4202 1287 4279 cathartico,
1303 4202 1389 4285 quod

295 4311 394 4367 mmai
416 4307 515 4368 tertia
533 4307 584 4369 vel
605 4312 720 4389 quarta
738 4327 865 4389 quaque
885 4305 947 4383 die,
966 4304 1068 4368 donec
1090 4302 1304 4379 convaluerit3
1326 4302 1388 4366 hoc

295 4405 419 4469 interim
441 4406 650 4485 observando,
675 4408 772 4491 quod,
798 4428 873 4471 cum
899 4407 999 4471 octies
1023 4406 1074 4469 vel
1099 4405 1203 4469 decies
1232 4410 1388 4489 purgatus

293 4506 384 4570 fuerit
409 4528 515 4591 aeger,
539 4508 695 4574 exhibitio
721 4508 889 4573 cathartici
913 4508 956 4572 ad
981 4508 1193 4592 septimanam
1216 4528 1317 4569 unam
1338 4504 1390 4569 vel

295 4609 421 4672 alteram
436 4610 607 4675 omittatur
617 4637 669 4674 :-

323 4752 335 4778 ο
353 4745 390 4793 cr.
405 4748 498 4796 osum.
511 4750 574 4797 uer.
587 4748 619 4796 vi.
632 4750 654 4797 a.
670 4749 706 4807 14,
723 4748 759 4797 rs.
891 4754 905 4791 s
923 4747 961 4797 cs.
977 4750 1067 4797 oum.
1080 4747 1143 4795 Meu
1157 4745 1187 4794 vi.
1201 4746 1223 4795 4.
1237 4746 1260 4793 s.

324 4807 332 4837 ¹
347 4808 386 4857 (li.
398 4811 468 4859 form.
482 4815 520 4861 ³8.
892 4809 906 4847 ¹¹
928 4812 967 4860 Cf.
982 4815 1072 4861 Obstru.
1086 4812 1148 4860 Med.
1161 4810 1177 4859 ἱ.
1190 4812 1213 4857 t.
1226 4812 1257 4857 63
1270 4825 1305 4871 sq.

812 4896 873 4955 sn
