3825 5759
523 686 821 755 DISSERTA'PIO
844 688 1150 755 EPISTOLARIS.
1321 689 1384 753 375

152 845 158 931 5⁵
273 872 452 934 nunquam
467 848 715 933 perfunduntur,
733 852 788 935 qui
802 848 868 915 non
883 851 923 915 ab
940 852 1003 915 alia
1016 872 1113 915 causa
1125 850 1243 928 fluunt,
1256 856 1353 932 quam
1368 871 1388 912 a
1420 868 1524 916 naar.

274 954 347 1016 seri
362 954 528 1036 sanguinis
544 953 691 1032 diathesi,
704 974 767 1036 qua
777 954 812 1016 in
827 954 967 1037 corporis
981 954 1130 1018 habitum
1142 953 1238 1036 gestit
1253 952 1385 1031 effundi,
1401 933 1537 1045 ffiffs

152 1063 157 1101 ³
273 1056 325 1121 ob
341 1058 438 1120 modo
452 1062 663 1120 memoratam
678 1057 844 1139 sanguinis
859 1054 1003 1137 α’ταξὰιν.

1399 1060 1538 1072 Μ-

335 1158 418 1241 [88.]
446 1160 562 1241 Frigus
574 1158 660 1241 quod
671 1159 799 1236 attinet,
811 1180 875 1241 quo
889 1159 985 1222 toties
997 1158 1107 1240 adgent
1117 1164 1224 1241 partes
1235 1164 1386 1221 externae
1400 1176 1497 1240 Frigm,

277 1268 321 1329 in
333 1267 515 1331 Affectibus
532 1266 721 1351 Hystericis,
737 1268 808 1331 luce
823 1266 938 1331 clarius
956 1274 1015 1344 est,
1030 1266 1112 1330 illud
1126 1286 1165 1329 ex
1179 1288 1218 1330 eo
1233 1266 1386 1343 accidere,

152 1376 155 1393 ²
279 1369 372 1451 quod
398 1370 539 1452 spiritus,
555 1390 647 1434 suam
673 1370 708 1433 in
734 1370 797 1433 illis
823 1369 997 1433 stationem
1020 1368 1213 1445 deserentes,
1229 1390 1263 1432 se
1286 1370 1388 1432 nimio

152 1484 156 1521 1
277 1493 380 1555 opere
394 1473 430 1535 in
444 1473 529 1537 hanc
543 1472 670 1538 illamve
684 1480 810 1557 partem
824 1473 980 1536 inserant.
1020 1472 1092 1535 Nee
1107 1478 1156 1534 est
1171 1469 1387 1533 dubitandum

278 1576 364 1657 quin
386 1582 456 1639 tam
480 1576 586 1655 fletus,
610 1598 707 1660 quam
729 1576 915 1655 cachinnus,
939 1598 1035 1659 quem
1057 1576 1178 1640 tollunt
1201 1576 1290 1639 haud
1314 1594 1514 1671 rarofletusa

152 1688 155 1727 ῑ
279 1676 486 1760 Hystericae,
510 1678 608 1742 etiam
632 1678 723 1742 nulla
748 1678 824 1743 data
846 1700 933 1757 ansa,
960 1700 981 1742 a
1006 1677 1170 1761 spiritibus
1196 1677 1387 1741 animalibus
1399 1660 1518 1707 ΜΝ·

276 1786 483 1862 procuretur,
504 1802 635 1863 organa,
652 1802 733 1864 quae
754 1780 805 1845 his
826 1780 1050 1845 functionibus
1071 1780 1265 1845 animalibus
1286 1780 1387 1843 inser·

152 1900 153 1933 ³
275 1883 385 1960 viunt,
400 1904 520 1963 magna
533 1884 564 1946 vi
579 1884 792 1967 pulsantibus.

332 1985 415 2069 [89]
436 1985 551 2050 Obiter
562 1986 666 2049 dicam
677 2006 781 2049 mares
796 1985 894 2049 etiam
908 1985 1064 2069 (quamvis
1078 1986 1181 2050 rarius
1192 1986 1226 2049 id
1237 1985 1385 2069 eveniat)

276 2086 373 2150 fletui
393 2109 432 2150 ex
452 2088 542 2152 nulla
560 2086 723 2175 προφάσει
745 2090 937 2172 quandoque
960 2089 1115 2154 obnoxios
1135 2088 1278 2173 reperiri.
1324 2090 1387 2153 Ac-
1400 2104 1478 2154 Casus
1488 2123 1532 2155 eu-

277 2187 430 2251 cersebar
449 2188 621 2271 aliquando
640 2188 682 2253 ad
700 2188 805 2253 virum
824 2197 893 2253 tam
913 2190 1045 2273 ingenio
1068 2213 1164 2275 quam
1188 2212 1307 2275 genere
1327 2170 1494 2255 no-jusdam

275 2290 389 2368 bilem,
406 2292 461 2375 qui
475 2314 542 2356 non
556 2291 619 2355 nisi
633 2292 743 2376 paucis
759 2291 872 2356 diebus
888 2314 909 2355 a
922 2292 1012 2357 febre
1026 2294 1241 2372 convaluerat,
1254 2294 1386 2357 alterius
1398 2234 1525 2349 idddlclm

275 2392 406 2457 Medici
427 2395 559 2459 consilio
580 2417 668 2473 usus,
685 2396 741 2478 qui
763 2402 795 2459 et
816 2396 1007 2479 sanguinem
1028 2396 1218 2476 detraxerat,
1234 2405 1268 2460 et
1289 2397 1383 2480 phar·
1397 2364 1517 2491 {w}

275 2516 409 2559 mecum
429 2497 642 2561 catharticum
664 2504 715 2561 ter
735 2496 936 2575 exhibuerat,
956 2506 1030 2561 tum
1051 2498 1148 2561 etiam
1168 2498 1319 2561 carnibus
1339 2498 1386 2559 illi
1399 2492 1503 2540 “bumi-

276 2597 501 2663 interdixerat.
548 2599 647 2663 Hunc
666 2598 724 2662 ubi
746 2599 896 2662 vestitum
918 2599 1148 2682 conspexerim,
1171 2606 1205 2662 et
1227 2598 1385 2661 derebus

277 2698 479 2782 quibuslibet
496 2721 570 2763 cum
581 2700 704 2783 judicio
719 2700 928 2763 disserentem
945 2700 1113 2777 audierim,
1125 2698 1279 2781 rogabam
1291 2720 1384 2781 quor·

277 2822 355 2865 sum
371 2820 425 2863 me
444 2801 648 2878 conveniret3
670 2800 837 2883 respondit
855 2800 1022 2863 familiaris
1040 2800 1177 2882 quidam·
1191 2802 1271 2883 ejus,
1289 2800 1385 2863 modo

277 2909 483 2985 expectarem
498 2902 668 2985 paulisper,
683 2923 735 2965 res
754 2901 824 2985 ipsa
841 2902 1037 2984 loqueretur.
1082 2900 1262 2963 Considens
1275 2900 1384 2983 itaque

278 3010 315 3066 et
336 3022 498 3064 sermones
518 3022 593 3065 cum
610 3021 706 3083 aegro
726 3001 868 3079 trahens,
883 3022 960 3065 mox
976 3001 1140 3066 observavi
1158 3001 1286 3065 labrum
1303 3002 1384 3067 infe-

277 3102 349 3167 rius
371 3102 549 3186 pendulum
570 3101 730 3185 protrudi,
742 3122 818 3166 cum
839 3102 1044 3167 motitatione
1066 3102 1187 3182 crebra,
1206 3104 1267 3184 (uti
1281 3104 1384 3169 solent

277 3208 422 3273 infantes
444 3206 633 3271 morosiores
657 3207 770 3271 fletum
792 3205 970 3291 adornare)
996 3216 1030 3273 et
1053 3208 1169 3273 exinde
1191 3230 1324 3293 aegrum
1348 3212 1385 3275 in

277 3318 390 3377 tantas
414 3309 492 3374 solvi
509 3309 700 3394 lachrymas,
721 3316 856 3393 quantas
880 3309 932 3373 vix
952 3310 1030 3375 alias
1049 3311 1115 3375 vidi
1134 3332 1289 3396 unquam
1309 3334 1384 3377 cum

279 3413 405 3497 gemitu
427 3434 465 3477 ac
487 3412 631 3495 suspiriis
652 3418 783 3475 tantum
804 3432 872 3475 non
894 3412 1102 3476 convulsivis:
1125 3413 1182 3497 qui
1200 3420 1312 3478 tamen
1333 3436 1383 3479 re-

278 3514 434 3599 pentinus
447 3520 574 3579 torrens
589 3512 717 3577 nonita
731 3513 835 3577 multo
849 3519 922 3597 post
937 3514 1101 3579 detumuit
1114 3538 1255 3599 prorsus.
1286 3517 1383 3583 Hane

279 3638 341 3699 ego
356 3616 558 3681 affectionem
574 3638 594 3679 a
608 3616 780 3700 spirituum
795 3616 911 3705 ἀταξίᾳ
927 3618 1057 3701 (partim
1072 3641 1093 3683 a
1106 3619 1211 3685 morbi
1222 3621 1383 3685 diuturni·

278 3729 358 3797 tate,
373 3719 492 3803 partim
514 3720 554 3784 ab
575 3720 835 3785 evamaationibus
851 3742 930 3803 quas
948 3719 1101 3808 θεραπεία
1118 3723 1298 3788 necessario
1318 3726 1383 3789 exi·

279 3820 388 3905 gebat,
404 3822 496 3905 orta)
514 3821 653 3905 pendere
668 3821 891 3887 existimabam
900 3848 910 3901 ;
929 3825 1048 3907 partim
1064 3826 1163 3889 etiam
1180 3826 1221 3890 ab
1239 3826 1381 3890 exinani-

279 3922 379 4001 tione,
395 3928 428 3987 et
450 3922 646 3987 abstinentia
667 3946 687 3988 a
708 3925 869 4005 censibus,
885 3944 983 4008 quam
997 3927 1096 3991 etiam
1116 3927 1158 3992 ad
1177 3928 1244 3992 dies
1259 3928 1382 4013 aliquot

279 4038 488 4115 posteaquam
503 4032 707 4097 convaluerat
723 4034 935 4117 imperaverat
949 4033 1108 4114 Medicus,
1124 4056 1189 4119 quo
1205 4056 1281 4099 eum
1298 4057 1318 4098 a
1331 4057 1381 4099 re-

280 4134 383 4199 cidiva
404 4141 581 4218 praestaret
603 4136 806 4201 securiorem.
851 4132 941 4198 Hinc
963 4155 1038 4198 eum
1059 4135 1270 4219 pronunciavi
1290 4144 1381 4199 extra

281 4256 410 4300 ornnem
430 4236 528 4302 febris
549 4239 652 4302 aleam
678 4239 747 4321 jam
772 4238 997 4314 constitutum,
1020 4245 1265 4321 symptomaque
1289 4258 1380 4318 prae-

282 4338 403 4403 dictum
423 4339 603 4404 inanitione
623 4348 753 4405 tantum
776 4340 886 4404 deberi
896 4364 906 4416 3
934 4358 972 4401 ac
992 4339 1126 4421 proinde
1148 4336 1322 4401 suadebam
1342 4345 1381 4401 nt

281 4441 404 4525 pullum
429 4443 642 4525 gallinaceum
666 4435 774 4505 a'ssum
796 4442 832 4503 in
856 4439 1031 4525 prandium
1052 4440 1184 4525 juberet
1205 4440 1321 4525 parari,
1346 4448 1380 4506 et

282 4543 375 4609 simul
396 4545 508 4610 vinum
529 4544 654 4609 modice
678 4544 841 4609 hauriret:
865 4562 929 4627 quo
950 4542 1047 4622 sacto,
1063 4550 1098 4609 et
1116 4543 1267 4608 carnibus
1288 4542 1379 4609 dein·
1401 4564 1429 4635 Ι·

283 4664 352 4729 ceps
374 4646 538 4711 moderate
556 4666 696 4724 vescens,
711 4664 879 4729 nunquam
895 4640 1051 4729 'deinceps
1068 4647 1183 4711 fletum
1196 4647 1285 4712 hunc
1302 4667 1379 4711 con·
1445 4634 1448 4638 ’

282 4748 437 4813 vulsivum
452 4770 566 4834 passus
580 4755 641 4812 est.

327 4850 410 4936 [90.]
438 4852 487 4916 Ut
502 4849 634 4916 taudem
648 4849 777 4915 finiam:
796 4850 933 4933 (caetera
946 4848 1034 4914 enirn
1049 4870 1131 4935 quae
1144 4851 1180 4915 in
1190 4850 1252 4914 hoc
1265 4847 1379 4913 morbo
