3825 5759
561 672 806 739 SCHEDULA
828 672 1094 739 MONI'I'ORIA
1116 675 1146 738 Ι.
1338 678 1404 740 493

303 849 422 915 thodus
433 850 524 915 nullo
534 858 628 935 pacto
639 856 687 915 est
698 851 963 931 intermittenda3
986 852 1257 937 quandoquidem,
1270 853 1296 917 si
1309 874 1404 937 aeger
1417 865 1557 917 Dauom

304 954 345 1017 ad
359 952 487 1036 longius
502 954 654 1037 temporis
670 955 809 1038 spatium
823 956 893 1020 istis
908 954 1077 1019 sudoribus
1092 955 1269 1038 indulgeat,
1281 955 1402 1036 Febris,
1417 931 1553 1046 13ssssss„

304 1078 402 1139 quarn
421 1057 629 1140 purgationes
650 1058 877 1141 praecedentes
898 1058 1123 1142 quadantenus
1143 1058 1403 1142 subjugaverant,
1418 1065 1558 1132 ὸυῖἷῃῖ

304 1158 412 1222 denuo
434 1158 515 1222 vires
538 1166 698 1224 resumet:
737 1160 763 1223 si
786 1160 873 1225 enim
895 1161 1091 1244 diaphoresis
1112 1160 1177 1225 ista
1197 1162 1405 1245 protrahatur

302 1261 390 1335 ultra
411 1267 539 1345 tempus
564 1261 643 1325 illud
668 1284 731 1347 quo
753 1263 929 1347 particulae
953 1263 1105 1343 Febriles,
1120 1264 1273 1328 auctione
1295 1263 1405 1329 debita

303 1372 520 1448 praeparatae,
536 1385 665 1448 prorsus
681 1366 854 1445 difflantur,
873 1366 929 1450 qui
946 1374 1020 1450 post
1038 1367 1255 1449 insequuntur
1271 1366 1404 1433 sudores

304 1484 371 1527 non
390 1464 432 1527 ad
452 1465 540 1528 aliud
558 1466 682 1531 faciunt
702 1468 860 1551 quemad
882 1468 1169 1533 inflammationem
1193 1468 1234 1533 de
1251 1490 1334 1534 novo
1353 1490 1403 1534 ae·

304 1566 514 1631 cendendam.
561 1568 789 1649 Quamobrem,
809 1570 885 1635 lieet
905 1571 1037 1636 sudores
1056 1571 1110 1635 isti
1128 1571 1183 1654 qui
1203 1579 1318 1655 sponte
1336 1593 1405 1636 ma·

303 1669 427 1733 nabent
449 1669 552 1734 critici
571 1671 705 1735 sonasse
726 1671 856 1751 fuerint,
876 1672 982 1755 quoad
1003 1672 1157 1736 materiae
1178 1670 1313 1739 Febrilis
1336 1674 1405 1757 ejus

305 1792 387 1855 quac
409 1772 586 1856 expulsioni
608 1772 677 1856 jam
699 1781 811 1857 parata
833 1780 882 1838 est
904 1772 1176 1852 eliminationem
1207 1772 1262 1837 alii
1283 1779 1405 1851 tamen,

304 1874 361 1957 qui
380 1882 452 1957 post
469 1875 541 1939 illos
561 1876 743 1955 eliciuntur,
762 1876 1001 1961 symptomatici
1019 1882 1150 1940 tantum
1170 1895 1239 1939 esse
1258 1883 1405 1958 possunt,

304 1981 401 2059 atque
427 1975 506 2041 adeo
536 1978 660 2042 officere
685 1979 788 2061 magis
818 2000 915 2062 quam
940 1979 1100 2063 prodesse.
1145 1978 1256 2042 Verbo
1280 1978 1403 2043 dicam:

303 2077 489 2162 hujusmodi
507 2079 675 2145 sudoribus
696 2087 796 2145 noctu
815 2088 929 2165 sponte
950 2103 1009 2145 sua
1027 2080 1271 2165 prodeuntibus,
1290 2101 1404 2164 oppor-

304 2186 385 2245 tune
401 2181 487 2245 favet
506 2181 582 2246 lecti
600 2204 658 2266 per
675 2190 805 2249 noctem
823 2184 905 2248 lenis
925 2184 1030 2263 calor3
1053 2204 1153 2268 quare
1172 2182 1326 2266 amula
1343 2203 1405 2247 nec

303 2283 398 2367 plura
411 2304 471 2349 uec
489 2285 638 2350 densiora
653 2286 716 2351 illis
737 2287 853 2371 quibus
871 2308 969 2351 sanus
989 2293 1180 2365 assueverat,
1195 2307 1291 2368 aegro
1309 2306 1405 2369 agge-

304 2392 428 2465 runtur,
440 2407 500 2451 nee
515 2387 729 2453 exhibeantur
740 2390 975 2455 medicamenta
986 2389 1115 2473 quaevis
1129 2388 1387 2453 excalefacientia
1394 2414 1404 2467 ;

304 2488 423 2553 lectulo
444 2495 575 2555 tantum
599 2492 767 2575 indulgeat
790 2514 885 2575 aeger
907 2492 1146 2576 aliquantulum
1170 2491 1263 2555 solito
1286 2490 1406 2555 diuhus

304 2612 401 2655 mane
420 2590 636 2677 subsequente
645 2619 654 2672 ς
678 2602 711 2659 et
730 2601 842 2678 postea
860 2602 975 2678 pergat
994 2594 1030 2657 in
1046 2614 1144 2677 supra
1163 2592 1322 2676 descripta
1340 2613 1407 2656 me·

306 2693 403 2759 dendi
418 2694 581 2760 methodo.

353 2798 436 2882 [la]
464 2798 581 2863 Diaeta
606 2819 645 2863 ex
670 2799 826 2883 pulticula
850 2820 1007 2865 avenacea
1032 2806 1090 2877 est,
1113 2797 1163 2861 rel
1183 2795 1311 2881 jusculo
1332 2797 1405 2860 hor-

305 2900 432 2980 deaceo,
447 2922 522 2967 cum
538 2922 635 2985 pomo
652 2901 790 2967 subinde
808 2900 849 2965 ad
863 2902 974 2985 ignem
990 2906 1204 2983 metuatque
1221 2898 1319 2963 etiarn
1332 2906 1406 2981 post

305 3004 481 3069 secundam
509 3004 735 3089 purgationem
760 3006 888 3089 jusculo
913 3005 1007 3069 tenui
1036 3026 1074 3069 ex
1099 3002 1189 3087 pullo
1218 3001 1404 3086 gadmaoeo.

304 3106 369 3170 Pro
383 3115 463 3191 potu
478 3108 640 3173 ordinario
657 3108 841 3173 cerevisiam
857 3114 991 3173 tenuem
1006 3107 1193 3172 nullatenus
1210 3105 1404 3190 tepefactam

303 3210 450 3295 injungo,
468 3218 505 3275 ut
527 3217 561 3276 et
580 3212 749 3275 Decretum
768 3212 898 3275 Altum*
921 3210 1020 3295 (quod
1042 3210 1226 3295 appellant)
1250 3229 1289 3272 ex
1310 3209 1407 3273 unda

304 3334 371 3377 una
392 3334 494 3378 cornu
513 3314 597 3378 cervi
616 3314 680 3378 usti
703 3314 738 3377 in
756 3334 858 3399 aquae
877 3313 1057 3379 communis
1078 3311 1169 3377 libris
1186 3310 1290 3375 tribus
1312 3311 1405 3390 eocti,

304 3422 338 3480 et
352 3424 464 3500 postea
477 3417 628 3481 saccharo
643 3417 805 3483 albissimo
820 3418 1054 3483 edulcoratum.

353 3519 457 3603 [14.]·
479 3520 557 3585 Post
576 3520 739 3585 catharsin
760 3521 811 3586 bis
835 3521 1030 3586 celebratam
1051 3518 1143 3583 nulla
1164 3515 1279 3583 suadet
1296 3536 1405 3581 neces-

305 3621 383 3686 sitas
400 3622 449 3705 (ut
464 3622 527 3687 alio
541 3621 610 3687 loco
627 3620 674 3708 [p.
689 3625 764 3688 478.
783 3625 800 3707 q
816 3622 863 3707 6.]
884 3622 1056 3704 adnotavi)
1072 3620 1236 3705 pullorum
1255 3617 1406 3683 oamibus

305 3730 362 3789 aut
384 3724 542 3791 similibus
564 3726 709 3811 eupeptis
732 3747 827 3810 aegro
849 3725 1052 3804 interdicere,
1068 3745 1143 3789 cum
1163 3724 1244 3789 haec
1259 3742 1317 3806 per
1329 3740 1406 3805 pur-

305 3829 469 3912 gationem
483 3830 654 3895 medicatio
669 3851 708 3894 ea
726 3829 903 3912 indulgeat,
920 3849 1003 3912 quae
1022 3847 1089 3891 non
1108 3831 1259 3909 poterant
1273 3821 1406 3888 eoneedi

304 3932 331 3995 si
353 3933 408 3997 alii
429 3934 498 3998 viae
520 3934 733 3999 insisteretur.
778 3934 888 4017 Atque
909 3953 1005 4016 porro
1025 3937 1099 4015 post
1116 3930 1266 3994 ultimam
1289 3948 1405 4011 purga·

304 4035 427 4100 tionem
456 4036 564 4121 (modo
589 4037 701 4101 Febris
727 4036 966 4122 aliquantulum
988 4034 1220 4117 deflagraverit,
1243 4039 1276 4096 et
1304 4033 1405 4095 inter-

303 4145 464 4208 mittentis
493 4152 608 4228 typum
637 4145 784 4209 nondum
813 4164 943 4228 prorsus
973 4142 1138 4224 induerit)
1162 4140 1230 4203 vini
1251 4137 1405 4202 Canarini

304 4246 481 4309 cochlearia
501 4246 565 4309 tria
586 4246 636 4309 vel
659 4254 796 4329 quatuor
817 4266 914 4309 mane
939 4250 973 4307 et
996 4264 1077 4322 sero,
1100 4249 1193 4307 utet
1216 4247 1289 4326 post
1308 4262 1405 4323 pran-

305 4346 404 4425 dium,
426 4366 484 4430 per
506 4347 574 4410 dies
596 4346 719 4429 aliquot
740 4346 963 4429 propinentur,
986 4366 1050 4427 quo
1072 4351 1106 4410 et
1130 4345 1212 4409 vires
1238 4342 1334 4407 citius
1354 4342 1405 4406 in-

305 4454 500 4527 staurentur,
516 4455 550 4513 et
564 4448 707 4513 Febriles
722 4454 908 4512 avertantur
922 4468 1078 4514 accessus.

353 4550 437 4635 [la]
464 4550 549 4615 Cum
571 4556 680 4615 autem
699 4550 779 4614 haec
797 4549 908 4614 Febris
931 4549 1051 4633 species
1072 4570 1150 4635 prae
1169 4548 1303 4615 caeteris
1326 4570 1405 4633 quas

303 4652 385 4717 mihi
407 4674 552 4738 unquam
574 4652 682 4718 videre
704 4650 851 4735 contigit,
877 4651 1045 4717 cerebrum
1073 4659 1181 4736 petere
1211 4652 1302 4736 quasi
1330 4658 1407 4736 apta

337 4815 348 4843 ¹
365 4808 403 4857 ef.
418 4812 510 4858 θῦσαν.
527 4810 589 4859 Mea
607 4808 640 4856 iv.
659 4810 680 4857 8.
699 4808 744 4856 10:
763 4807 786 4856 6.
802 4809 830 4864 93
910 4814 919 4841 ¹
938 4806 1013 4855 Deest
1024 4810 1036 4868 ἱ
1049 4810 1079 4857 14
1090 4808 1116 4857 in
1128 4808 1165 4857 ed.
1178 4809 1226 4856 ’86.

306 4881 329 4923 et
342 4875 412 4923 form.
427 4876 480 4925 19³.
