3825 5759
504 627 567 690 162
632 695 635 702 ,
756 637 760 644 ’
810 625 1006 692 ΤΗΟΜΑΕ
1031 627 1292 693 SYDENHAM

346 801 428 850 ¹scos
430 809 481 852 ινιτ.
502 791 582 854 adeo
595 789 757 855 faventem
772 788 842 852 illas
856 786 1047 853 habuisse
1017 811 1114 873 supra
1129 788 1163 873 [i.
1176 793 1207 854 3.
1223 781 1471 874 l]notav1mus
1491 778 1604 872 ‘Atque

348 867 488 978 fflffi
501 894 572 971 bae,
597 913 656 975 pro
684 912 775 955 more
797 891 1085 955 intermittentimn
1109 913 1291 971 vernarum,
1318 893 1455 956 solstitio
1484 892 1605 956 aestivo

349 995 531 1076 Q
502 1017 554 1060 vix
573 995 797 1080 praeterlapso,
813 996 946 1060 omuino
968 1017 1136 1061 evanuere.
1181 997 1364 1079 Incipiente
1377 1017 1489 1060 mense
1504 996 1603 1074 iulio,

503 1101 733 1187 Dysenterieae
748 1101 866 1165 Febres
882 1122 979 1183 quam
998 1100 1265 1184 praecedentibus
1287 1101 1381 1163 annis
1395 1099 1604 1164 obtinuerant

502 1204 676 1269 stationem
702 1203 742 1268 de
770 1224 853 1266 novo
878 1204 1087 1286 repetebant,
1118 1210 1277 1266 autumno
1300 1223 1376 1266 vero
1402 1202 1605 1283 aliquantum

502 1307 706 1390 provectiore,
719 1307 914 1391 Dysenteria
924 1307 993 1390 jam
1007 1307 1104 1370 tertio
1115 1327 1261 1388 regressa
1271 1313 1330 1383 est,
1343 1304 1400 1367 sed
1411 1303 1606 1367 contractior

504 1431 602 1492 quam
614 1431 699 1474 anno
713 1409 829 1473 ultimo
844 1409 961 1493 elapso,
974 1431 1038 1492 quo
1053 1408 1094 1472 ad
1105 1407 1211 1488 ἀκμήν
1224 1407 1403 1491 pervenisse
1417 1405 1603 1483 videbatur3

502 1514 742 1598 supervenienti
763 1521 872 1577 autem
891 1513 1002 1597 hyemi
1021 1513 1155 1575 tertium
1176 1511 1275 1574 etiam
1293 1509 1398 1587 cessit,
1414 1507 1516 1572 Febre
1535 1497 1604 1593 Dy-

504 1616 662 1680 senterioa
677 1623 709 1680 et
728 1615 863 1679 Variolis
878 1616 1036 1698 reliquam
1055 1636 1128 1678 eam
1142 1620 1369 1696 tempestatem
1389 1612 1509 1674 iterum
1527 1631 1605 1674 con·
1628 1647 1640 1663 ·

503 1717 719 1784 tristantibus.

378 1819 465 1878 1672.
550 1818 615 1908 [6]
640 1822 723 1885 Cum
736 1843 811 1886 vero
829 1823 902 1904 (ut'
873 1843 959 1907 Jsm
973 1821 1181 1903 monuimus)
1199 1820 1284 1884 sub
1273 1841 1422 1903 ingressu
1436 1819 1605 1901 utriusque

351 1920 474 2034 9110οῒ72
505 1925 583 1989 anni
604 1925 824 2008 praecedentis
845 1925 977 1990 morbus
1000 1925 1114 2008 aliquis
1134 1923 1227 1987 valde
1252 1923 1447 2005 epidemicus
1468 1921 1605 1985 invales-

504 2035 600 2106 ceret,
619 2027 775 2110 (Morbilli
796 2027 916 2091 scilieet
938 2027 1102 2091 exoriente
1121 2047 1207 2089 anno
1228 2026 1324 2103 1670,
1344 2023 1604 2088 Intermittentes

498 2138 616 2195 autem
633 2125 803 2195 Tertianae
823 2151 909 2194 anno
934 2132 1012 2195 167]
1038 2129 1211 2209 inchoato)
1229 2148 1366 2210 quorum
1385 2123 1606 2210 praedominio

505 2237 553 2300 ita
563 2233 840 2298 intercidebantur
850 2231 1055 2296 Variolarum
1066 2229 1185 2313 copiae,
1194 2236 1232 2293 ut
1243 2231 1324 2292 fines
1335 2249 1420 2306 snos,
1432 2224 1603 2310 praedictis

506 2335 600 2402 annis
615 2332 813 2411 ineuntibus,
824 2333 920 2415 longe
930 2333 1060 2415 lateque
1070 2353 1247 2414 propagare
1260 2331 1446 2413 nequirent3
1468 2329 1529 2392 hac
1543 2327 1605 2408 (in-

507 2436 625 2518 quam)
640 2434 680 2498 de
695 2455 801 2511 eausa,
810 2441 935 2498 remoto
946 2434 1015 2516 jam
1030 2433 1130 2512 obice,
1149 2435 1277 2516 (nempe
1292 2433 1386 2496 initio
1401 2430 1478 2496 anni
1494 2431 1602 2513 1672,)

505 2559 581 2601 cum
609 2537 695 2600 solae
718 2535 964 2599 dominarentur
983 2535 1142 2611 Variolae,
1164 2535 1340 2618 epidemice
1362 2534 1537 2598 admodum
1564 2553 1606 2596 ex

506 2637 714 2723 consequenti
745 2637 984 2721 grassabantur,
1015 2637 1118 2701 donec
1146 2636 1351 2700 subintrante
1379 2657 1490 2699 rursus
1516 2633 1605 2697 Julio

496 2739 624 2804 'Febres
639 2738 868 2824 Dysenterieae
883 2739 991 2804 denuo
1005 2738 1204 2816 invaderent,
1218 2760 1300 2821 quae
1314 2727 1525 2802 redeuntibus
1536 2737 1605 2820 jam

506 2851 621 2927 quarto
646 2847 796 2927 Augusto
822 2841 1024 2926 Dysenteriis
1049 2863 1124 2905 mox
1145 2839 1362 2904 facessebant:
1393 2837 1605 2922 Dysenteriae

505 2969 579 3012 vero
594 2970 661 3012 non
675 2946 840 3031 pauciores
855 2954 986 3010 tantum
1002 2967 1100 3029 quam
1113 2945 1273 3028 prioribus
1282 2930 1382 3008 ⁴annis
1397 2945 1535 3023 fuerant,
1548 2945 1606 3008 sed

408 3065 411 3069 '
505 3048 635 3112 mitiora
662 3048 794 3131 insuper
823 3048 1037 3131 apportabant
1066 3054 1291 3132 symptomata.
1336 3049 1437 3112 Porro
1466 3048 1606 3111 Variolis

505 3149 582 3212 hinc
600 3148 738 3231 indeque
757 3148 854 3212 simul
873 3149 999 3232 sparsis,
1014 3148 1103 3213 haud
1121 3149 1215 3212 facile
1230 3158 1299 3214 erat
1318 3151 1410 3214 dictu
1429 3150 1501 3234 quis
1520 3171 1606 3214 mor-

505 3251 566 3314 bus
581 3251 801 3333 praepolleret.
828 3249 986 3314 Existimo
1001 3251 1132 3333 quidem
1146 3273 1207 3334 ego
1221 3251 1498 3316 constitutionem
1513 3252 1605 3328 aeris,

504 3351 548 3414 ad
562 3351 770 3435 Dysenterias
792 3350 1029 3434 progignendas
1050 3352 1160 3416 minus
1181 3353 1364 3432 facientem,
1380 3353 1519 3418 Variolis
1534 3375 1606 3416 eam

505 3451 763 3515 subministrasse
781 3451 979 3530 facultatem,
996 3475 1059 3535 qua
1072 3456 1142 3536 peri
1157 3476 1253 3538 passu
1266 3440 1606 3538 procedere‘valerent,

502 3575 596 3618 semis
612 3561 709 3650 atque
724 3553 763 3616 iis
782 3554 875 3617 annis
891 3554 1008 3638 quibus
1023 3555 1225 3639 dysenteriae
1239 3545 1390 3640 Augusto
1405 3577 1515 3619 mense
1530 3576 1606 3620 con-

502 3655 613 3719 fertim
633 3653 736 3738 magis
753 3654 970 3720 trucidabant.
1017 3658 1143 3742 Hyems
1159 3659 1210 3739 (ut
1230 3659 1374 3740 solebat)
1397 3657 1607 3741 Dysenterias

500 3757 674 3839 ablegavit,
697 3757 754 3821 sed
782 3778 888 3840 neque
914 3757 1061 3837 Febrem,
1083 3749 1155 3823 nee
1169 3761 1326 3824 Variolas.
1375 3760 1525 3824 Variolae
1554 3759 1607 3822 hic

506 3860 604 3924 etiam
625 3881 685 3942 pro
705 3880 794 3923 more
817 3881 884 3938 suo,
908 3848 1113 3924 exulantibus
1134 3861 1345 3945 Dysenteriis,
1365 3882 1475 3924 rerum
1500 3860 1608 3924 denno

505 3961 721 4044 potiebantm,
744 3967 778 4024 et
805 3981 1019 4044 peromnem
1044 3962 1202 4044 reliquam
1230 3962 1379 4026 brumam
1407 3962 1607 4045 regnabant3

506 4062 651 4147 quinimo
668 4061 884 4145 subsequente
898 4085 982 4141 vere,
997 4071 1036 4127 ut
1049 4063 1149 4127 'etiam
1168 4066 1299 4128 aestatis
1313 4065 1416 4143 initio,
1431 4065 1497 4128 huo
1511 4073 1608 4146 atque

495 4165 829 4244 *illuc'delerebantuq
841 4167 938 4249 longe
949 4173 1061 4230 tamen
1075 4167 1218 4231 mitiores
1233 4189 1329 4250 quam
1340 4189 1398 4251 pro
1406 4167 1468 4231 hoc
1479 4187 1606 4250 genere.

513 4355 516 4360 Ι
555 4269 615 4354 [7.]
643 4269 768 4333 Verum
790 4268 952 4332 enimvero
976 4269 1105 4352 quando
1127 4291 1233 4332 assero
1255 4261 1506 4351 epidemieorum
1529 4267 1608 4330 alte·

497 4393 580 4437 rum
595 4371 635 4436 ab
651 4356 761 4450 altero,
773 4379 811 4435 ut
825 4357 951 4434 clavum
967 4392 987 4433 a
1000 4370 1116 4448 clavo‘,
1131 4371 1216 4453 pelli,
1228 4391 1296 4434 non
1311 4371 1421 4434 statim
1435 4365 1507 4435 dico
1522 4391 1608 4446 eum,

507 4473 563 4556 qui
577 4473 707 4556 pellitur
721 4494 758 4538 ac
777 4473 871 4551 cedit,
887 4470 1038 4536 morbum
1055 4473 1093 4535 in
1111 4473 1249 4537 solidum
1268 4493 1466 4551 evanescere,
1482 4479 1515 4537 at
1533 4493 1609 4535 vero

497 4573 609 4636 rarius
632 4573 791 4638 invadere.
851 4575 1000 4638 Durante
1024 4573 1112 4637 enim
1133 4573 1195 4638 hac
1209 4573 1450 4638 Constitutione
1472 4583 1609 4654 uterque

539 4727 713 4773 ‘utcmrlnes
723 4723 911 4786 aromatum
873 4727 1036 4837 rasmiAdupn.
1079 4721 1380 4844 ἦλφτνννικδῆλοέννοῦιι

495 4789 857 4846 ·.i2t;sGi,‹m›essordP
858 4793 983 4839 m.mec0
1385 4833 1389 4840 ,
