3825 5759
485 601 552 664 582
797 594 994 660 THOMAE
1019 594 1277 660 SYDENHAM

358 782 401 830 n„
413 780 464 830 00.
495 760 597 831 [rom.
609 762 686 831 wil]
709 755 742 837 R
763 756 897 825 [Radicis]
911 729 1062 810 ‘zeraam
1073 758 1173 811 incisae
1184 758 1310 811 minutim
1323 756 1528 819 semiunciam,

347 860 408 895 cres
420 847 476 895 Hr-
778 844 842 897 Vini
854 844 984 897 Canarini
996 843 1088 897 uncins
1099 850 1229 913 quatuor3

344 925 485 994 Q
638 930 820 986 Infundantur
836 929 932 999 frigide
955 946 1003 999 per
1024 928 1163 983 duodecim
1181 928 1274 992 horam
1297 928 1393 983 deiude
1411 928 1555 982 colentur
1579 943 1629 997 pro

638 1036 697 1073 usn.

496 1166 558 1230 Vel
568 1164 750 1230 balsamum
760 1164 987 1243 Perusianum,
997 1173 1036 1229 nt
1046 1164 1082 1228 in
1093 1164 1194 1229 colica
1204 1163 1387 1244 Pictonum,
1396 1171 1629 1247 usurpatam.

546 1268 607 1353 [6.]
636 1267 729 1334 Quae
755 1268 796 1332 de
824 1265 938 1333 Colica
965 1268 1138 1353 Hysterica
1160 1268 1213 1333 hic
1237 1267 1399 1348 dicuntur,
1425 1268 1467 1331 de
1498 1268 1630 1332 Colica

497 1372 597 1437 etiam
627 1371 921 1457 Hypochondriaca
949 1372 1037 1436 dicta
1060 1378 1175 1436 sunto:
1212 1378 1251 1435 ut
1280 1378 1314 1435 et
1343 1371 1404 1436 hoc
1428 1370 1630 1455 diligenter

497 1475 740 1539 advertendum.
1339 1470 1342 1479 ’

542 1577 721 1663 Utriusque
746 1576 881 1642 affectus
902 1584 1022 1643 natura
1047 1576 1108 1641 sibi
1134 1576 1303 1642 vendicare
1326 1576 1454 1641 videtur
1477 1583 1523 1641 ut
1553 1578 1629 1641 alia

497 1689 595 1766 atque
615 1682 678 1746 alia
695 1686 875 1761 tententur,
891 1680 995 1745 donee
1016 1680 1150 1745 tandem
1169 1680 1210 1743 ad
1230 1679 1311 1743 illud
1330 1678 1514 1743 remedium
1539 1701 1627 1763 per-

497 1792 631 1851 ventum
645 1784 753 1864 fuerit,
768 1784 822 1847 cui
842 1784 934 1868 quasi
953 1784 1095 1867 genuine
1114 1782 1246 1847 morbus
1264 1782 1350 1847 cedit
1358 1808 1368 1859 5
1391 1781 1541 1860 tametsi,
1563 1788 1626 1845 ut·

498 1889 682 1974 plurimum,
698 1886 830 1971 chalybs
844 1886 1004 1970 imprimis
1019 1886 1154 1951 confert.

549 1990 612 2075 [7.]
641 1988 754 2054 Colica
777 1989 951 2073 Hysterica
973 1996 1041 2053 tam
1061 1990 1097 2053 in
1115 1985 1403 2073 hypochondriacis
1422 2006 1522 2070 quam
1550 1984 1625 2070 hy-

500 2093 623 2157 stericis
653 2092 837 2175 saepissime
865 2092 902 2155 in
930 2091 1068 2157 ictorum
1098 2092 1227 2171 desinit,
1254 2090 1311 2175 qui
1340 2088 1460 2155 sensim
1486 2098 1622 2172 sponte

500 2215 559 2257 sua
572 2192 700 2257 facessit
708 2219 719 2271 ς
741 2193 792 2256 sin
806 2198 917 2257 autem
933 2193 1047 2277 longas
1062 2214 1168 2259 moras
1187 2198 1307 2271 nectet,
1322 2190 1513 2257 exhibeatur
1529 2212 1620 2275 apo-

500 2317 592 2361 rema
605 2316 742 2379 sequens
752 2315 806 2355 :-

502 2456 602 2521 [Fora
614 2453 712 2520 ww
734 2454 765 2524 R
785 2456 895 2511 Badias
906 2456 1011 2511 Rubiae
1023 2456 1188 2523 Timarum,

784 2542 919 2613 [Redicis]
933 2545 1093 2609 Curcnmae,
1105 2560 1158 2598 ana
1169 2544 1275 2597 unciam
1289 2558 1380 2607 unam,

782 2628 934 2685 Chelidonii
946 2630 1058 2701 Majoris
1069 2648 1131 2685 cum
1144 2638 1207 2695 toto,

785 2717 978 2773 Summitatnm
987 2720 1124 2775 centaurii
1134 2720 1256 2785 Minoris,
1262 2736 1314 2773 nnn
1326 2718 1494 2789 manipulum
1505 2735 1591 2775 unum
1603 2741 1611 2782 ;

645 2806 737 2877 Coqua
748 2806 777 2858 in
788 2806 943 2875 aequalibus
953 2808 1073 2877 partibus
1084 2806 1149 2861 Vini
1162 2806 1286 2861 Rhenani
1297 2814 1324 2860 et
1335 2822 1421 2876 aquae
1432 2806 1557 2861 fontanae
1568 2806 1609 2861 ad

537 2957 539 2961 v
643 2895 723 2948 libras
734 2892 816 2955 duam
832 2893 951 2948 colatura
962 2892 1073 2947 dissolve

786 2980 883 3053 Sympi
895 2983 928 3037 de
941 2982 1067 3052 Quinque
1079 2982 1224 3036 Radicibus
1236 2984 1328 3036 uncias
1340 2982 1424 3047 duam

646 3067 746 3133 Misce;
759 3069 807 3123 fiat
817 3086 954 3140 opozema,
964 3070 996 3124 de
1008 3088 1060 3141 quo
1072 3072 1161 3142 capiat
1171 3071 1266 3125 libram
1279 3070 1418 3127 dimidium
1430 3072 1515 3127 calide
1527 3088 1604 3126 mane

645 3168 673 3213 et
683 3176 741 3213 sero
750 3176 832 3229 usque
843 3158 908 3213 dum
920 3160 1090 3213 convaluerit

880 3601 882 3604 Ι
929 3508 1026 3572 cnr.
1051 3510 1190 3575 xxixa

708 3666 758 3729 De
771 3668 881 3748 Ictero,
901 3670 1006 3733 Colica
1021 3674 1196 3755 neutiquam
1208 3693 1402 3757 proeyrasa.

355 3822 436 3901 Moror
446 3821 488 3869 ‹10-
550 3801 663 3865 Conon
678 3794 778 3867 flaviis
793 3803 829 3867 in
843 3812 913 3871 toto
928 3828 1069 3891 corpore,
1086 3810 1275 3893 praesertim
1293 3810 1328 3873 in
1344 3808 1509 3875 oculorum
1524 3808 1607 3873 albis

353 3896 457 3951 ⁸⁰an
506 3911 556 3970 est
577 3904 778 3989 conspicuus,
802 3930 865 3992 quo
892 3910 1023 3994 quidem
1045 3912 1151 3976 colore
1172 3912 1298 3996 objecta
1319 3913 1430 3977 omnia
1450 3918 1606 3994 apparent

506 4008 630 4073 affectis
662 4009 784 4090 maa,
818 4014 959 4097 corporis
991 4014 1145 4098 pruritus,
1176 4014 1340 4097 segnities,
1371 4023 1404 4080 et
1433 4010 1606 4090 lassitudo;
1742 4062 1743 4077 2

506 4114 638 4198 linguae
652 4135 787 4196 amaror,
802 4118 942 4182 vomitus
956 4118 1090 4183 biliosus
1107 4118 1281 4198 interdum,
1298 4120 1470 4203 singultus,
1486 4116 1608 4201 egestio
1742 4098 1743 4152 i

507 4216 591 4297 alba,
613 4218 709 4282 urina
728 4241 840 4285 crocea
862 4230 895 4287 et
918 4244 1064 4306 pannum
1086 4224 1274 4287 immersum
1297 4222 1410 4288 eodem
1431 4222 1537 4287 colore
1558 4220 1609 4284 in-

507 4320 629 4400 ficiens,
644 4321 793 4386 morbum
808 4324 995 4408 indigitant.
1545 4370 1556 4383 -

356 4444 488 4491 cornio.
551 4422 752 4489 Exhibeatur
774 4426 868 4491 Potio
885 4426 1061 4511 Purgativa
1085 4428 1285 4509 Communis,
1305 4428 1381 4493 dein
1403 4426 1556 4512 aggredin

508 4546 604 4588 nsum
626 4528 851 4609 sequentium
882 4538 926 4608 et,
946 4530 1085 4595 durante
1107 4531 1283 4595 eorundem
1305 4552 1376 4611 usn,
1396 4530 1609 4595 catharticum

509 4626 743 4712 praescriptum
757 4637 872 4713 quarto
888 4652 1015 4715 quoque
1031 4632 1082 4697 dic
1097 4632 1286 4699 exhibeatur
1296 4660 1349 4699 :-

544 4786 557 4813 ¹
573 4780 907 4846 coLPictNirnncti.
967 4782 1119 4835 hesrom.
1134 4790 1171 4837 30.
1229 4784 1613 4836 concomitantiam.
