3825 5759
504 674 570 736 2116
812 671 1008 738 'FHOMAll
1033 671 1292 738 SYDENHAM

368 843 474 892 Asser-
506 833 559 897 alii
579 843 691 899 tamen
706 833 885 920 Epidemici
908 835 1106 900 characteres
1127 839 1264 898 canuae
1285 837 1383 915 atque
1404 829 1506 894 indoli
1527 848 1605 893 suae

391 985 456 1020 osls.

371 2689 476 2738 cmrdcs

360 921 479 955 ΝΜ·
506 937 649 1020 proprios
679 959 716 1002 ac
744 938 920 1021 peculiares
949 937 1148 1020 apertissime
1176 941 1363 1019 Qflffioenl·
1416 932 1478 1017 [4⁴]
1504 929 1606 996 Verbi

506 1041 619 1122 gratia,
635 1041 691 1123 qui
712 1042 846 1106 variolas
868 1041 1052 1125 inspexerit,
1069 1040 1162 1104 facile
1183 1037 1387 1122 conjectabit,
1406 1036 1514 1119 (modo
1535 1034 1605 1117 ejus

505 1141 608 1205 morbi
625 1142 792 1208 historiam
812 1143 911 1227 probe
929 1144 1065 1226 calleat)
1081 1143 1133 1206 vel
1152 1142 1238 1206 adie
1253 1161 1317 1224 quo
1338 1140 1480 1222 primum
1498 1158 1604 1202 erum·

503 1250 588 1326 punt
608 1246 766 1328 pustulae,
781 1247 832 1311 vel
853 1246 894 1310 ab
912 1267 1024 1310 earum
1043 1244 1267 1328 magnitudine
1289 1250 1386 1325 atque
1400 1241 1515 1318 colore,
1530 1247 1603 1317 etc,

504 1346 546 1410 ad
568 1349 730 1430 quodnam
743 1349 934 1414 variolamm
951 1369 1053 1432 genus
1075 1347 1196 1430 species
1216 1345 1273 1409 illa
1289 1342 1491 1429 particularis
1505 1341 1605 1405 fuerit

503 1449 687 1514 referenda:
711 1457 807 1535 atque
821 1450 878 1515 ubi
893 1451 992 1516 semel
1006 1450 1191 1532 cognoverit
1202 1467 1361 1533 quaenam
1376 1445 1418 1509 sit
1432 1445 1488 1508 illa
1501 1444 1603 1507 rario-

504 1552 608 1616 larum
628 1554 747 1636 species
768 1569 850 1638 qnae
871 1573 910 1618 eo
925 1575 1012 1618 anno
1031 1561 1127 1635 atque
1142 1571 1200 1635 per
1220 1551 1292 1614 loca
1305 1549 1368 1612 ista
1386 1546 1604 1623 increbrescit,

504 1655 581 1718 satis
601 1656 648 1719 illi
669 1657 830 1721 constabit
850 1655 891 1722 dc
913 1656 1018 1740 specie
1032 1654 1144 1719 Febris
1158 1653 1299 1738 cujusvis
1315 1671 1375 1734 per
1393 1650 1428 1714 id
1449 1648 1603 1732 temporis

503 1763 599 1839 atque
614 1777 652 1822 eo
667 1757 810 1822 locorum
825 1758 1010 1842 grassantis.
1055 1757 1099 1821 Et
1113 1775 1191 1821 sane
1205 1755 1234 1819 si
1249 1754 1437 1818 morborum
1453 1752 1603 1815 historias

503 1859 544 1923 ad
565 1881 709 1943 unguem
730 1861 980 1944 perdidicissem,
1003 1861 1112 1944 (quam
1133 1879 1194 1941 ego
1215 1857 1297 1921 mihi
1316 1854 1450 1920 laudem
1468 1855 1603 1918 minime

502 1963 616 2044 suma)
634 1963 737 2042 sicuti,
752 1963 938 2046 Epidemico
954 1962 1064 2047 quovis
1081 1967 1261 2045 conspecto,
1277 1981 1344 2023 uon
1358 1957 1542 2022 dubitarem
1560 1955 1611 2020 de.

501 2063 613 2128 Febris
623 2071 695 2127 tum
708 2065 874 2148 regnantis
890 2085 1008 2148 genere
1022 2064 1243 2148 pronunciare,
1254 2063 1330 2127 licet
1343 2083 1387 2125 ne
1400 2081 1501 2124 unam
1514 2059 1602 2123 vide-

500 2165 562 2228 rim
574 2167 714 2249 quidem,
725 2167 772 2230 ita
783 2167 894 2232 Febris
909 2167 1070 2250 quaelibet
1084 2172 1265 2249 conspecta,
1279 2164 1428 2248 quisnam
1442 2163 1473 2226 ei
1484 2163 1601 2246 junge·

499 2273 590 2331 retur
599 2267 728 2332 morbus
740 2269 954 2352 Epidemicus,
966 2290 1019 2333 me
1030 2269 1108 2333 satis
1119 2269 1257 2346 doceret,
1269 2287 1312 2330 an
1322 2265 1460 2329 variolse
1469 2264 1601 2343 scilicet,

499 2369 549 2432 vel
568 2369 716 2450 morbilli,
735 2373 784 2437 vel
803 2371 995 2457 dysenteria,
1011 2377 1072 2434 ete.
1081 2397 1092 2448 3
1113 2389 1190 2433 cum
1201 2375 1271 2432 tam
1292 2366 1453 2451 peculiare
1472 2365 1602 2448 aliquod

498 2469 615 2535 horum
630 2493 742 2555 genus,
758 2495 855 2557 quam
870 2471 981 2539 Febris
995 2471 1173 2556 peculiaris,
1183 2470 1410 2555 particrdarem
1424 2467 1601 2552 quamlibet

499 2573 774 2640 constitutionem
784 2577 907 2660 jugiter
921 2576 1103 2640 comitetur.

544 2673 579 2762 [5
584 2677 607 2761 ]
629 2677 776 2743 Secundo
785 2688 893 2744 autem
895 2686 1041 2762 ,praeter
1050 2677 1171 2741 indicia
1179 2676 1237 2739 illa
1246 2695 1329 2759 quae
1338 2673 1600 2757 Epidemicorum

342 2703 475 2878 3⁰01,qu
498 2799 566 2843 una
584 2780 806 2846 invadentium
825 2781 1038 2846 consideratio
1056 2780 1150 2844 nobis
1171 2784 1332 2861 suggeret,
1347 2785 1381 2840 et
1403 2777 1473 2858 ipsa
1491 2776 1599 2858 cujus·

368 2882 431 2929 ⁸¹5⁸
497 2885 576 2948 libet
591 2887 702 2951 Febris
724 2894 940 2972 symptomata
962 2887 1003 2951 ad
1025 2885 1169 2970 ejusdem
1191 2883 1329 2966 speciem
1348 2880 1598 2995 dignoscendam

345 2959 404 3056 ins’
428 2961 454 2994 ⁰⁸
497 2985 585 3051 haud
600 2989 768 3053 obscuram
782 2990 887 3055 lucem
902 2989 1119 3053 foenerantur.
1164 2985 1352 3052 Quamlibet
1374 2983 1462 3047 enim
1475 2981 1556 3066 (ut
1544 3005 1598 3047 su·

497 3108 556 3168 pra
569 3089 756 3172 innuimus)
775 3089 923 3154 Fcbres
914 3111 950 3152 111
969 3089 1157 3153 universum
1176 3107 1288 3150 omnes
1303 3085 1462 3169 quaedam
1475 3083 1599 3148 habent

497 3194 712 3270 symptomata
723 3190 872 3254 omnihus
887 3191 1081 3268 communis,
1091 3195 1169 3252 sunt
1184 3195 1296 3252 tamen
1310 3195 1343 3251 et
1351 3194 1458 3250 certae
1472 3186 1599 3269 aliquae

496 3289 711 3354 distinctionis
725 3298 831 3370 notae,
842 3313 921 3375 quas
932 3293 1068 3374 singulis
1082 3291 1248 3374 speciebus
1256 3289 1420 3373 sigillatim
1434 3289 1597 3372 impressit

495 3393 641 3472 Naturs;
664 3415 747 3477 quae
767 3415 842 3457 cum
856 3393 1038 3458 subtiliores
1057 3395 1176 3458 sintae
1196 3394 1301 3476 magis
1319 3393 1513 3472 reconditae,
1529 3414 1597 3456 non

496 3495 558 3557 nisi
573 3515 593 3558 a
607 3489 808 3574 cautissimis,
824 3503 857 3561 et
871 3495 1089 3560 minutissima
1103 3518 1247 3580 qumque
1261 3495 1486 3580 pensiculatim
1500 3497 1596 3560 truti-

495 3597 659 3676 nantibus,
675 3598 744 3662 erui
766 3599 870 3662 solent
890 3606 947 3663 aut
965 3598 1162 3683 investigari.
1208 3600 1302 3663 Inter
1320 3600 1400 3663 haec
1420 3599 1515 3682 sigua
1531 3599 1596 3662 dis·

343 3717 482 3829 musice
495 3699 679 3782 tinguentia
700 3721 824 3784 semper
837 3701 1016 3764 existimari
1030 3723 1100 3784 ego,
1114 3703 1203 3786 aegri
1222 3703 1288 3766 sive
1302 3702 1555 3780 sudationem,
1530 3724 1596 3766 uve

342 3926 433 4021 salillo

340 4038 471 4086 rrroribtem

340 4103 462 4164 poraFe·

339 4167 455 4278 ¹³1le

338 4247 470 4344 cgnmPsfg‘

424 3797 702 3881 &siccitatems
692 3825 727 3866 ιιι
742 3805 803 3868 hoc
814 3804 864 3868 vel
879 3801 934 3866 illo
944 3805 1049 3868 morbi
1063 3814 1217 3888 tempore,
1230 3805 1340 3869 Febris
1352 3805 1490 3887 speciem
1504 3826 1593 3888 prae·

343 3917 387 3965 tas,
399 3910 483 3958 inohe
454 3903 588 3987 occipue
610 3911 643 3968 et
665 3925 741 3987 prae
762 3907 896 3970 caeteris
913 3903 1144 3985 demonstrare,
1164 3907 1261 3970 modo
1277 3907 1334 3969 illa
1353 3929 1374 3969 a
1390 3913 1478 3972 statu
1498 3912 1592 3968 natu·

473 4007 555 4076 ,rali
570 4029 607 4071 ac
618 4029 686 4086 suo,
698 4009 851 4073 methodo
865 4011 974 4073 minus
988 4030 1131 4093 congrua
1140 4031 1207 4074 uon
1221 4010 1320 4074 fuerit
1334 4011 1474 4094 dejecta.
1496 4016 1593 4091 atque

496 4109 586 4174 hoc'
577 4131 685 4193 ipsum
705 4109 826 4194 liquido
847 4111 927 4174 mihi
946 4113 1138 4176 constabat'
1128 4134 1164 4174 m
1179 4113 1335 4176 Febribus
1353 4113 1503 4177 omnibus
1516 4112 1593 4196 Epi-

457 4211 636 4291 demicis,
660 4221 817 4295 quotquot
838 4213 1072 4278 Obseructscacs
1093 4215 1155 4279 hae
1175 4223 1305 4280 nostrae
1326 4217 1485 4281 hactenus
1508 4237 1593 4280 com·

413 4297 690 4409 ffplectuntur.
740 4313 801 4397 [6]
829 4315 976 4397 Exempli
996 4316 1132 4397 gratia,
1123 4317 1162 4379 sis
1183 4317 1219 4380 in
1233 4317 1390 4382 Febribus
1409 4340 1492 4402 quae
1508 4319 1594 4402 vige-

423 4369 1354 4483 rabautexolescentassIntermittentiumAutumnsdium
1364 4419 1594 4503 praedominio,

493 4515 581 4597 aegri
596 4525 729 4580 externa
743 4517 939 4596 crescebant,
954 4539 1016 4582 nec
1029 4520 1079 4584 vel
1089 4521 1223 4585 minima
1238 4522 1362 4586 sudoris
1376 4523 1594 4606 praesignatio

492 4625 568 4680 ante
587 4620 740 4682 materiae
756 4619 891 4684 Febrilis
906 4623 1146 4686 concoctionem
1164 4625 1258 4706 (quae
1273 4623 1325 4687 die
1339 4623 1463 4688 decimo
1478 4633 1595 4706 quarto

491 4715 677 4798 plerumque
704 4719 947 4800 perficiebatur)
976 4719 1012 4783 iu
1037 4731 1244 4806 conspectum
1273 4747 1307 4790 se
1333 4727 1449 4804 dabat3
1486 4747 1594 4809 neque

842 4842 852 4872 ¹
870 4848 1019 4910 senescente]
1033 4853 1130 4900 durante
1142 4853 1177 4900 ed.
1192 4853 1239 4902 ’711
