3825 5759
523 602 590 664 604
837 602 1032 666 THOMAE
1058 602 1316 669 SYDENHAM

420 772 462 820 nn
810 760 973 827 [Foliorum]
987 762 1137 828 saniculae,

379 836 499 947 {52⁰¹ss
813 850 977 915 [Foliorum]
993 852 1166 922 Plantagiuis,
1177 870 1230 907 aua
1240 854 1468 925 manipulorum

404 914 505 949 mm*
669 936 827 991 Incidsntur
840 938 975 1003 minutim,
988 945 1015 991 et
1033 938 1196 993 destillentur
1212 942 1241 993 in
1253 940 1319 993 Vini
1338 940 1411 1003 Albi,
1422 950 1451 993 et
1471 940 1580 1003 Iactis,
1591 956 1639 993 aaa

667 1024 741 1076 libris
753 1032 875 1092 quatuor,
887 1033 915 1077 et
925 1024 1064 1079 eliciantur
1072 1024 1239 1079 solummodo
1250 1026 1332 1081 librae
1343 1034 1458 1097 quatuor
1470 1044 1526 1097 pro
1540 1043 1599 1080 usu.

527 1142 630 1210 [Form.
641 1142 719 1214 wa]
756 1139 788 1217 R
808 1142 928 1199 Pulveris
940 1144 1049 1199 Radicis
1060 1144 1217 1199 consolidae
1229 1145 1349 1215 Majoris,

810 1230 922 1284 Gummi
933 1231 1049 1293 Arabici,
1061 1232 1232 1285 annunciem
1245 1249 1336 1296 unam,

809 1316 933 1369 Saccbari
944 1315 1051 1369 Peuidii
1063 1318 1154 1371 uncias
1165 1317 1245 1382 duas;

669 1400 730 1455 Fiat
741 1402 841 1472 pulvis:
859 1402 948 1472 capiat
959 1402 1094 1457 cochleare
1105 1418 1188 1458 unum
1199 1406 1241 1458 bis
1252 1406 1281 1459 in
1293 1404 1344 1458 die.

972 1596 1071 1663 CAP.
1095 1599 1186 1663 LVI.

557 1762 607 1823 De
620 1761 783 1824 Actdmate
796 1760 966 1823 irweterclo
981 1760 1014 1823 in
1028 1760 1069 1823 iis
1083 1760 1136 1843 pai
1151 1759 1325 1841 Scapulam
1345 1760 1607 1841 Temperumento

953 1860 1098 1943 praediti
1111 1867 1193 1924 sunt.

376 1998 516 2112 liubirpg
572 1997 768 2064 D1v1n1run
782 1997 818 2061 iu
836 2004 903 2061 tres
922 1996 1061 2079 species:
1088 1996 1304 2079 Dyspnoeam,
1320 2017 1402 2079 quae
1424 1996 1573 2062 difficilis
1591 2002 1641 2059 est

374 2070 480 2191 2230,
529 2101 706 2185 respiratio,
720 2099 757 2162 in
771 2121 836 2181 qua
854 2098 996 2163 crebrior
1016 2098 1206 2181 densiorque
1229 2106 1277 2163 est
1297 2099 1428 2183 spiritns
1445 2101 1583 2178 tractio,
1600 2118 1640 2161 ex

528 2202 671 2267 infarctu
691 2201 884 2284 pulmonum
906 2201 975 2264 sine
996 2206 1132 2265 stentorc
1146 2200 1301 2279 oriunda;
1324 2201 1473 2281 Asthma,
1487 2202 1554 2266 ubi
1577 2200 1641 2264 fre·

530 2326 632 2390 quens
646 2311 680 2369 et
694 2325 815 2387 magna
827 2304 1005 2396 respiratio,
1017 2304 1053 2367 in
1068 2325 1132 2387 qua
1147 2303 1365 2388 diaphragma,
1377 2304 1518 2369 musculi
1533 2306 1640 2369 inter-

529 2408 675 2486 costales,
686 2414 760 2470 tum
774 2407 874 2471 etiam
888 2406 1080 2485 abdominis,
1092 2406 1249 2471 violenter
1263 2413 1444 2486 moventur,
1459 2426 1539 2471 cum
1556 2412 1640 2469 ster·

529 2519 601 2575 toro
623 2516 657 2575 et
681 2509 793 2589 sibilo,
826 2510 873 2591 (in
897 2509 1004 2593 priore
1030 2510 1135 2593 specie
1161 2508 1343 2572 substantia
1366 2510 1576 2592 pulmonum,
1603 2507 1639 2569 in

528 2613 705 2698 posteriorc
726 2612 882 2677 bronchia
903 2612 1090 2696 oppilantur
1097 2613 1120 2695 3)
1145 2618 1179 2675 et
1202 2610 1454 2695 Orthopnoenm,
1477 2633 1564 2695 quae
1588 2615 1640 2673 est

529 2716 671 2780 maxima
699 2715 843 2799 spirandi
867 2714 1048 2793 difficultas,
1071 2712 1131 2777 sub
1155 2735 1218 2797 qua
1243 2720 1448 2797 aegrotantes
1473 2735 1544 2778 non
1571 2710 1637 2777 nisi

530 2825 679 2889 sedentes
702 2831 735 2887 et
754 2830 862 2887 erecta
880 2823 1001 2887 ceruos
1020 2822 1176 2905 respirare
1197 2830 1332 2905 possunt
1341 2848 1351 2901 ς
1373 2822 1513 2887 musculi
1531 2821 1636 2887 etiam
1737 2834 1738 2841 ’

529 2927 667 3010 pectoris
681 2932 715 2989 et
730 2925 933 3009 scapularum
946 2924 1155 2989 vehementer
1169 2925 1385 3007 exagitantur.

376 3024 507 3072 crunno.
573 3028 731 3093 Mittatur
752 3026 884 3110 sanguis
899 3047 917 3091 e
931 3025 1064 3090 brachio
1079 3026 1192 3090 dextm
1212 3026 1253 3090 ad
1268 3027 1381 3091 uncias
1399 3027 1521 3093 decem.
1569 3024 1635 3090 Die

529 3130 678 3215 sequenti
689 3137 796 3194 sumat
807 3130 977 3193 Potiouem
990 3128 1197 3211 Purgativam
1209 3128 1434 3209 Communem,
1447 3151 1529 3215 quae
1538 3149 1633 3213 repe·

528 3240 619 3298 tatur
632 3233 730 3297 tertia
745 3252 871 3315 quaque
886 3231 939 3294 die
953 3252 1011 3315 per
1025 3230 1106 3295 duas
1118 3230 1196 3294 alias
1210 3232 1305 3297 vices.

571 3336 696 3401 Diebus
711 3356 731 3399 a
745 3334 936 3418 purgatione
950 3332 1058 3397 vacuis
1073 3340 1181 3397 sumat
1196 3333 1364 3417 sequentia
1374 3360 1427 3399 :—

529 3468 633 3531 [Form.
645 3474 722 3538 uod]
741 3466 774 3545 R,
794 3469 933 3523 Sentinum
941 3469 1018 3523 Anici
1027 3468 1197 3522 subtilissime
1205 3469 1399 3539 pulveratorum
1409 3469 1547 3524 drachmas
1554 3468 1641 3531 dm..

792 3574 855 3610 cum
866 3556 1013 3609 sufficiente
1025 3557 1176 3625 quantitate
1188 3556 1308 3609 Balsami
1320 3556 1464 3621 Inmtelli3

671 3644 752 3696 Fiant
763 3644 860 3712 pilulae
871 3660 904 3697 ex
914 3643 1026 3711 singulis
1035 3643 1166 3697 drachmis
1175 3662 1235 3697 sex:
1254 3646 1344 3713 capiat
1353 3654 1404 3699 tres
1413 3662 1492 3699 mane
1500 3655 1527 3699 et
1535 3646 1631 3715 quina

670 3729 860 3800 pomeridiana,
866 3728 1056 3797 superbibeudo
1067 3729 1176 3783 Decocti
1186 3730 1278 3783 Amani
1287 3731 1344 3784 sine
1355 3732 1528 3801 purgantibus
1537 3732 1630 3785 uncias

669 3822 782 3885 quatuor
792 3814 885 3868 calide.

575 3936 611 4001 Si
625 3941 842 4021 symptomata
855 3935 961 4000 adhuc
978 3944 1143 4017 maneant,
1158 3944 1323 4022 repetatur
1345 3938 1385 4003 de
1400 3956 1483 4004 novo
1500 3938 1630 4022 integer

529 4060 705 4123 processus.

964 4274 1063 4341 CAP.
1088 4276 1198 4343 LVII.

964 4436 1018 4499 De
1032 4438 1191 4518 Paralysi.

575 4573 704 4635 Sensus
724 4579 759 4636 et
775 4579 884 4637 motus
905 4572 941 4636 in
963 4572 1109 4655 partibus
1132 4592 1214 4656 quae
1236 4572 1429 4652 afficiuntur,
1450 4572 1500 4635 vel
1522 4570 1629 4651 simul,

530 4674 580 4738 vel
605 4675 761 4737 alterutra
780 4680 911 4738 tantum
932 4674 1079 4753 facultas,
1102 4680 1159 4738 aut
1184 4695 1314 4757 prorsus
1340 4672 1551 4757 extinguitur,
1573 4680 1631 4737 aut

530 4775 671 4839 uitiatur.
