<?xml version="1.0" encoding="UTF-8"?>
<!DOCTYPE html PUBLIC "-//W3C//DTD XHTML 1.0 Transitional//EN"
    "http://www.w3.org/TR/xhtml1/DTD/xhtml1-transitional.dtd">
<html xmlns="http://www.w3.org/1999/xhtml" xml:lang="en" lang="en">
 <head>
  <title>
</title>
<meta http-equiv="Content-Type" content="text/html;charset=utf-8" />
  <meta name='ocr-system' content='tesseract 3.04.00' />
  <meta name='ocr-capabilities' content='ocr_page ocr_carea ocr_par ocr_line ocrx_word'/>
</head>
<body>
  <div class='ocr_page' id='page_1' title='image "./thomaesydenhamm00greegoog_0242.png"; bbox 0 0 3825 5759; ppageno 0'>
   <div class='ocr_carea' id='block_1_1' title="bbox 496 649 1288 721">
    <p class='ocr_par' dir='ltr' id='par_1_1' title="bbox 496 649 1288 721">
     <span class='ocr_line' id='line_1_1' title="bbox 496 649 1288 721; baseline 0.009 -7"><span class='ocrx_word' id='word_1_1' title='bbox 496 649 562 716; x_wconf 82' lang='lat'>210</span> <span class='ocrx_word' id='word_1_2' title='bbox 746 684 751 692; x_wconf 94' lang='lat'>·</span> <span class='ocrx_word' id='word_1_3' title='bbox 811 653 1007 719; x_wconf 75' lang='grc' dir='ltr'><strong>ΤΗΟΜΑΕ</strong></span> <span class='ocrx_word' id='word_1_4' title='bbox 1031 652 1288 721; x_wconf 85' lang='lat' dir='ltr'><strong>SYDENHAM</strong></span> 
     </span>
    </p>
   </div>
   <div class='ocr_carea' id='block_1_2' title="bbox 343 811 1608 4890">
    <p class='ocr_par' dir='ltr' id='par_1_2' title="bbox 344 811 1600 1106">
     <span class='ocr_line' id='line_1_2' title="bbox 366 811 1599 900; baseline 0.005 -26"><span class='ocrx_word' id='word_1_5' title='bbox 366 825 466 874; x_wconf 71' lang='lat' dir='ltr'>sesan</span> <span class='ocrx_word' id='word_1_6' title='bbox 499 811 606 894; x_wconf 91' lang='lat' dir='ltr'>guinis</span> <span class='ocrx_word' id='word_1_7' title='bbox 618 833 748 896; x_wconf 89' lang='lat' dir='ltr'>scopum</span> <span class='ocrx_word' id='word_1_8' title='bbox 759 813 899 895; x_wconf 81' lang='lat' dir='ltr'><strong>facienti,</strong></span> <span class='ocrx_word' id='word_1_9' title='bbox 911 815 1044 880; x_wconf 88' lang='lat' dir='ltr'>tandem</span> <span class='ocrx_word' id='word_1_10' title='bbox 1054 816 1186 880; x_wconf 81' lang='lat' dir='ltr'><strong>morbus</strong></span> <span class='ocrx_word' id='word_1_11' title='bbox 1198 815 1289 900; x_wconf 91' lang='lat' dir='ltr'>quasi</span> <span class='ocrx_word' id='word_1_12' title='bbox 1302 813 1493 879; x_wconf 74' lang='lat' dir='ltr'>naturaliter</span> <span class='ocrx_word' id='word_1_13' title='bbox 1503 835 1599 898; x_wconf 90' lang='lat' dir='ltr'>spon·</span> 
     </span>
     <span class='ocr_line' id='line_1_3' title="bbox 344 891 1600 1002; baseline 0.005 -25"><span class='ocrx_word' id='word_1_14' title='bbox 344 891 485 1002; x_wconf 54' lang='lat' dir='ltr'>fflffi„</span> <span class='ocrx_word' id='word_1_15' title='bbox 499 922 595 999; x_wconf 87' lang='lat' dir='ltr'>teque</span> <span class='ocrx_word' id='word_1_16' title='bbox 613 938 672 980; x_wconf 90' lang='lat' dir='ltr'>sua</span> <span class='ocrx_word' id='word_1_17' title='bbox 691 917 833 998; x_wconf 83' lang='lat' dir='ltr'>cedebat,</span> <span class='ocrx_word' id='word_1_18' title='bbox 853 919 1091 1002; x_wconf 90' lang='lat' dir='ltr'>quantumlibet</span> <span class='ocrx_word' id='word_1_19' title='bbox 1109 920 1244 984; x_wconf 84' lang='lat' dir='ltr'>saeviret</span> <span class='ocrx_word' id='word_1_20' title='bbox 1263 919 1290 982; x_wconf 89' lang='lat' dir='ltr'>si</span> <span class='ocrx_word' id='word_1_21' title='bbox 1308 917 1460 981; x_wconf 89' lang='lat' dir='ltr'>methodo</span> <span class='ocrx_word' id='word_1_22' title='bbox 1478 918 1520 981; x_wconf 88' lang='lat' dir='ltr'>ab</span> <span class='ocrx_word' id='word_1_23' title='bbox 1537 918 1600 983; x_wconf 92' lang='lat' dir='ltr'>hac</span> 
     </span>
     <span class='ocr_line' id='line_1_4' title="bbox 346 1018 1599 1106; baseline 0.004 -26"><span class='ocrx_word' id='word_1_24' title='bbox 346 1019 487 1098; x_wconf 62' lang='lat' dir='ltr'>Q</span> <span class='ocrx_word' id='word_1_25' title='bbox 500 1018 622 1083; x_wconf 87' lang='lat' dir='ltr'>diversa</span> <span class='ocrx_word' id='word_1_26' title='bbox 644 1041 718 1084; x_wconf 91' lang='lat' dir='ltr'>eum</span> <span class='ocrx_word' id='word_1_27' title='bbox 742 1023 813 1103; x_wconf 89' lang='lat' dir='ltr'>quis</span> <span class='ocrx_word' id='word_1_28' title='bbox 833 1023 1079 1105; x_wconf 81' lang='lat' dir='ltr'>aggrederetnr3</span> <span class='ocrx_word' id='word_1_29' title='bbox 1103 1024 1189 1106; x_wconf 92' lang='lat' dir='ltr'>quod</span> <span class='ocrx_word' id='word_1_30' title='bbox 1207 1022 1289 1086; x_wconf 92' lang='lat' dir='ltr'>mibi</span> <span class='ocrx_word' id='word_1_31' title='bbox 1308 1022 1348 1086; x_wconf 91' lang='lat' dir='ltr'>ab</span> <span class='ocrx_word' id='word_1_32' title='bbox 1371 1022 1599 1104; x_wconf 74' lang='lat' dir='ltr'>experimentis</span> 
     </span>
    </p>

    <p class='ocr_par' dir='ltr' id='par_1_3' title="bbox 343 1119 1608 3354">
     <span class='ocr_line' id='line_1_5' title="bbox 498 1119 1210 1208; baseline 0.006 -24"><span class='ocrx_word' id='word_1_33' title='bbox 498 1119 570 1204; x_wconf 88' lang='lat' dir='ltr'>plus</span> <span class='ocrx_word' id='word_1_34' title='bbox 586 1122 662 1186; x_wconf 91' lang='lat' dir='ltr'>satis</span> <span class='ocrx_word' id='word_1_35' title='bbox 677 1122 899 1206; x_wconf 82' lang='lat' dir='ltr'>frequentibus</span> <span class='ocrx_word' id='word_1_36' title='bbox 914 1125 1043 1190; x_wconf 85' lang='lat' dir='ltr'>abunde</span> <span class='ocrx_word' id='word_1_37' title='bbox 1056 1125 1210 1208; x_wconf 87' lang='lat' dir='ltr'>liquebat.</span> 
     </span>
     <span class='ocr_line' id='line_1_6' title="bbox 351 1224 1600 1311; baseline 0.012 -35"><span class='ocrx_word' id='word_1_38' title='bbox 351 1231 481 1280; x_wconf 69' lang='lat' dir='ltr'>cunano.</span> <span class='ocrx_word' id='word_1_39' title='bbox 548 1224 630 1307; x_wconf 92' lang='grc'><strong>[11.]</strong></span> <span class='ocrx_word' id='word_1_40' title='bbox 659 1225 759 1288; x_wconf 90' lang='lat' dir='ltr'>Hunc</span> <span class='ocrx_word' id='word_1_41' title='bbox 778 1224 888 1311; x_wconf 90' lang='lat' dir='ltr'>itaque</span> <span class='ocrx_word' id='word_1_42' title='bbox 907 1248 1037 1291; x_wconf 89' lang='lat' dir='ltr'>cursum</span> <span class='ocrx_word' id='word_1_43' title='bbox 1059 1228 1204 1292; x_wconf 90' lang='lat' dir='ltr'>institui:</span> <span class='ocrx_word' id='word_1_44' title='bbox 1227 1227 1419 1310; x_wconf 88' lang='lat' dir='ltr'>sanguinem</span> <span class='ocrx_word' id='word_1_45' title='bbox 1437 1248 1456 1291; x_wconf 90' lang='lat' dir='ltr'>e</span> <span class='ocrx_word' id='word_1_46' title='bbox 1474 1225 1600 1292; x_wconf 89' lang='lat' dir='ltr'>brachii</span> 
     </span>
     <span class='ocr_line' id='line_1_7' title="bbox 498 1326 1598 1412; baseline 0.004 -24"><span class='ocrx_word' id='word_1_47' title='bbox 498 1326 587 1388; x_wconf 86' lang='lat' dir='ltr'>venis</span> <span class='ocrx_word' id='word_1_48' title='bbox 616 1327 822 1407; x_wconf 89' lang='lat' dir='ltr'>mittendum,</span> <span class='ocrx_word' id='word_1_49' title='bbox 845 1349 883 1392; x_wconf 92' lang='lat' dir='ltr'>ea</span> <span class='ocrx_word' id='word_1_50' title='bbox 913 1329 1094 1412; x_wconf 88' lang='lat' dir='ltr'>quantitate</span> <span class='ocrx_word' id='word_1_51' title='bbox 1120 1350 1202 1412; x_wconf 91' lang='lat' dir='ltr'>quae</span> <span class='ocrx_word' id='word_1_52' title='bbox 1228 1329 1316 1411; x_wconf 82' lang='lat' dir='ltr'>aegri</span> <span class='ocrx_word' id='word_1_53' title='bbox 1336 1328 1467 1406; x_wconf 83' lang='lat' dir='ltr'>viribus,</span> <span class='ocrx_word' id='word_1_54' title='bbox 1490 1329 1598 1407; x_wconf 87' lang='lat' dir='ltr'>aetati,</span> 
     </span>
     <span class='ocr_line' id='line_1_8' title="bbox 498 1427 1600 1511; baseline 0.003 -20"><span class='ocrx_word' id='word_1_55' title='bbox 498 1427 630 1511; x_wconf 85' lang='lat' dir='ltr'>aliisque</span> <span class='ocrx_word' id='word_1_56' title='bbox 652 1429 900 1493; x_wconf 82' lang='lat' dir='ltr'>circumstantiis</span> <span class='ocrx_word' id='word_1_57' title='bbox 923 1431 1093 1495; x_wconf 88' lang='lat' dir='ltr'>convenire</span> <span class='ocrx_word' id='word_1_58' title='bbox 1117 1432 1199 1494; x_wconf 92' lang='lat' dir='ltr'>mihi</span> <span class='ocrx_word' id='word_1_59' title='bbox 1220 1431 1287 1494; x_wconf 88' lang='lat' dir='ltr'>visa</span> <span class='ocrx_word' id='word_1_60' title='bbox 1311 1439 1370 1509; x_wconf 89' lang='lat' dir='ltr'>est,</span> <span class='ocrx_word' id='word_1_61' title='bbox 1391 1438 1467 1495; x_wconf 86' lang='lat' dir='ltr'>ante</span> <span class='ocrx_word' id='word_1_62' title='bbox 1489 1431 1600 1494; x_wconf 89' lang='lat' dir='ltr'>omnia</span> 
     </span>
     <span class='ocr_line' id='line_1_9' title="bbox 497 1531 1598 1616; baseline 0.001 -23"><span class='ocrx_word' id='word_1_63' title='bbox 497 1531 658 1610; x_wconf 85' lang='lat' dir='ltr'>curabam,</span> <span class='ocrx_word' id='word_1_64' title='bbox 682 1537 778 1615; x_wconf 91' lang='lat' dir='ltr'>atque</span> <span class='ocrx_word' id='word_1_65' title='bbox 801 1533 913 1596; x_wconf 92' lang='lat' dir='ltr'>eodem</span> <span class='ocrx_word' id='word_1_66' title='bbox 938 1533 1006 1596; x_wconf 83' lang='lat' dir='ltr'>fere</span> <span class='ocrx_word' id='word_1_67' title='bbox 1030 1538 1175 1616; x_wconf 88' lang='lat' dir='ltr'>tempore</span> <span class='ocrx_word' id='word_1_68' title='bbox 1200 1533 1409 1615; x_wconf 67' lang='lat' dir='ltr'>emplastrum</span> <span class='ocrx_word' id='word_1_69' title='bbox 1431 1532 1598 1616; x_wconf 85' lang='lat' dir='ltr'>epispasti-</span> 
     </span>
     <span class='ocr_line' id='line_1_10' title="bbox 496 1633 1597 1718; baseline 0.001 -22"><span class='ocrx_word' id='word_1_70' title='bbox 496 1653 571 1712; x_wconf 84' lang='lat' dir='ltr'>cum</span> <span class='ocrx_word' id='word_1_71' title='bbox 585 1633 669 1697; x_wconf 89' lang='lat' dir='ltr'>bene</span> <span class='ocrx_word' id='word_1_72' title='bbox 683 1635 809 1717; x_wconf 89' lang='lat' dir='ltr'>largum</span> <span class='ocrx_word' id='word_1_73' title='bbox 824 1635 950 1698; x_wconf 90' lang='lat' dir='ltr'>nuchae</span> <span class='ocrx_word' id='word_1_74' title='bbox 965 1635 1203 1718; x_wconf 88' lang='lat' dir='ltr'>applicandum.</span> <span class='ocrx_word' id='word_1_75' title='bbox 1245 1635 1308 1699; x_wconf 91' lang='lat' dir='ltr'>Die</span> <span class='ocrx_word' id='word_1_76' title='bbox 1322 1635 1467 1717; x_wconf 86' lang='lat' dir='ltr'>proximo</span> <span class='ocrx_word' id='word_1_77' title='bbox 1481 1634 1597 1717; x_wconf 81' lang='lat' dir='ltr'>clyste-</span> 
     </span>
     <span class='ocr_line' id='line_1_11' title="bbox 495 1735 1598 1821; baseline 0.001 -24"><span class='ocrx_word' id='word_1_78' title='bbox 495 1755 566 1800; x_wconf 88' lang='lat' dir='ltr'>rem</span> <span class='ocrx_word' id='word_1_79' title='bbox 578 1735 748 1800; x_wconf 87' lang='lat' dir='ltr'>lenitivum</span> <span class='ocrx_word' id='word_1_80' title='bbox 765 1737 813 1800; x_wconf 93' lang='lat' dir='ltr'>ita</span> <span class='ocrx_word' id='word_1_81' title='bbox 826 1737 966 1820; x_wconf 87' lang='lat' dir='ltr'>tempori</span> <span class='ocrx_word' id='word_1_82' title='bbox 981 1738 1192 1821; x_wconf 89' lang='lat' dir='ltr'>injiciendum</span> <span class='ocrx_word' id='word_1_83' title='bbox 1206 1739 1361 1821; x_wconf 89' lang='lat' dir='ltr'>praecepi,</span> <span class='ocrx_word' id='word_1_84' title='bbox 1375 1743 1414 1800; x_wconf 90' lang='lat' dir='ltr'>ut</span> <span class='ocrx_word' id='word_1_85' title='bbox 1432 1744 1507 1800; x_wconf 89' lang='lat' dir='ltr'>ante</span> <span class='ocrx_word' id='word_1_86' title='bbox 1522 1757 1598 1799; x_wconf 88' lang='lat' dir='ltr'>noc·</span> 
     </span>
     <span class='ocr_line' id='line_1_12' title="bbox 495 1839 1597 1923; baseline 0.001 -22"><span class='ocrx_word' id='word_1_87' title='bbox 495 1845 563 1908; x_wconf 85' lang='lat' dir='ltr'>tem</span> <span class='ocrx_word' id='word_1_88' title='bbox 578 1839 682 1902; x_wconf 89' lang='lat' dir='ltr'>sedari</span> <span class='ocrx_word' id='word_1_89' title='bbox 696 1846 802 1922; x_wconf 92' lang='lat' dir='ltr'>posset</span> <span class='ocrx_word' id='word_1_90' title='bbox 817 1841 978 1903; x_wconf 88' lang='lat' dir='ltr'>tumultus</span> <span class='ocrx_word' id='word_1_91' title='bbox 993 1840 1049 1923; x_wconf 91' lang='lat' dir='ltr'>qui</span> <span class='ocrx_word' id='word_1_92' title='bbox 1064 1840 1104 1903; x_wconf 89' lang='lat' dir='ltr'>ab</span> <span class='ocrx_word' id='word_1_93' title='bbox 1119 1861 1158 1903; x_wconf 92' lang='lat' dir='ltr'>eo</span> <span class='ocrx_word' id='word_1_94' title='bbox 1172 1841 1257 1903; x_wconf 87' lang='lat' dir='ltr'>inter</span> <span class='ocrx_word' id='word_1_95' title='bbox 1268 1839 1466 1922; x_wconf 91' lang='lat' dir='ltr'>operandum</span> <span class='ocrx_word' id='word_1_96' title='bbox 1480 1839 1597 1902; x_wconf 84' lang='lat' dir='ltr'>excita·</span> 
     </span>
     <span class='ocr_line' id='line_1_13' title="bbox 496 1942 1597 2027; baseline 0.002 -23"><span class='ocrx_word' id='word_1_97' title='bbox 496 1949 595 2019; x_wconf 88' lang='lat' dir='ltr'>retur,</span> <span class='ocrx_word' id='word_1_98' title='bbox 610 1942 691 2005; x_wconf 90' lang='lat' dir='ltr'>hora</span> <span class='ocrx_word' id='word_1_99' title='bbox 705 1943 825 2006; x_wconf 88' lang='lat' dir='ltr'>scilicet</span> <span class='ocrx_word' id='word_1_100' title='bbox 845 1943 985 2007; x_wconf 87' lang='lat' dir='ltr'>secunda</span> <span class='ocrx_word' id='word_1_101' title='bbox 1002 1943 1137 2007; x_wconf 79' lang='lat' dir='ltr'>tertiare</span> <span class='ocrx_word' id='word_1_102' title='bbox 1151 1951 1224 2027; x_wconf 91' lang='lat' dir='ltr'>post</span> <span class='ocrx_word' id='word_1_103' title='bbox 1237 1943 1414 2006; x_wconf 84' lang='lat' dir='ltr'>meridiem.</span> <span class='ocrx_word' id='word_1_104' title='bbox 1459 1942 1597 2026; x_wconf 81' lang='lat' dir='ltr'>Repete-</span> 
     </span>
     <span class='ocr_line' id='line_1_14' title="bbox 345 2041 1608 2126; baseline 0.001 -20"><span class='ocrx_word' id='word_1_105' title='bbox 345 2044 465 2092; x_wconf 64' lang='lat' dir='ltr'>Enemase</span> <span class='ocrx_word' id='word_1_106' title='bbox 496 2041 593 2106; x_wconf 90' lang='lat' dir='ltr'>batur</span> <span class='ocrx_word' id='word_1_107' title='bbox 608 2064 723 2107; x_wconf 88' lang='lat' dir='ltr'>enema</span> <span class='ocrx_word' id='word_1_108' title='bbox 737 2044 817 2108; x_wconf 90' lang='lat' dir='ltr'>illud</span> <span class='ocrx_word' id='word_1_109' title='bbox 832 2045 967 2126; x_wconf 90' lang='lat' dir='ltr'>singulis</span> <span class='ocrx_word' id='word_1_110' title='bbox 982 2045 1095 2108; x_wconf 91' lang='lat' dir='ltr'>diebus</span> <span class='ocrx_word' id='word_1_111' title='bbox 1113 2045 1215 2109; x_wconf 87' lang='lat' dir='ltr'>donec</span> <span class='ocrx_word' id='word_1_112' title='bbox 1233 2045 1479 2108; x_wconf 87' lang='lat' dir='ltr'>imminueretur</span> <span class='ocrx_word' id='word_1_113' title='bbox 1491 2043 1608 2108; x_wconf 82' lang='lat' dir='ltr'>morbi·</span> 
     </span>
     <span class='ocr_line' id='line_1_15' title="bbox 343 2123 1598 2235; baseline 0.001 -28"><span class='ocrx_word' id='word_1_114' title='bbox 343 2123 478 2235; x_wconf 48' lang='lat' dir='ltr'>dipiffi</span> <span class='ocrx_word' id='word_1_115' title='bbox 497 2144 544 2208; x_wconf 87' lang='lat' dir='ltr'>vis</span> <span class='ocrx_word' id='word_1_116' title='bbox 554 2169 564 2223; x_wconf 81' lang='lat'>3</span> <span class='ocrx_word' id='word_1_117' title='bbox 588 2165 651 2226; x_wconf 91' lang='lat' dir='ltr'>quo</span> <span class='ocrx_word' id='word_1_118' title='bbox 676 2141 805 2226; x_wconf 91' lang='lat' dir='ltr'>quidem</span> <span class='ocrx_word' id='word_1_119' title='bbox 828 2152 972 2228; x_wconf 89' lang='lat' dir='ltr'>tempore</span> <span class='ocrx_word' id='word_1_120' title='bbox 995 2146 1035 2210; x_wconf 91' lang='lat' dir='ltr'>ab</span> <span class='ocrx_word' id='word_1_121' title='bbox 1058 2168 1097 2210; x_wconf 91' lang='lat' dir='ltr'>eo</span> <span class='ocrx_word' id='word_1_122' title='bbox 1119 2147 1309 2211; x_wconf 89' lang='lat' dir='ltr'>cessandum</span> <span class='ocrx_word' id='word_1_123' title='bbox 1332 2168 1401 2210; x_wconf 87' lang='lat' dir='ltr'>esse</span> <span class='ocrx_word' id='word_1_124' title='bbox 1422 2145 1509 2223; x_wconf 86' lang='lat' dir='ltr'>duxi,</span> <span class='ocrx_word' id='word_1_125' title='bbox 1531 2147 1598 2209; x_wconf 92' lang='lat' dir='ltr'>imo</span> 
     </span>
     <span class='ocr_line' id='line_1_16' title="bbox 497 2247 1597 2333; baseline 0 -23"><span class='ocrx_word' id='word_1_126' title='bbox 497 2253 530 2310; x_wconf 86' lang='lat' dir='ltr'>et</span> <span class='ocrx_word' id='word_1_127' title='bbox 551 2247 722 2326; x_wconf 89' lang='lat' dir='ltr'>maturius,</span> <span class='ocrx_word' id='word_1_128' title='bbox 743 2248 770 2310; x_wconf 90' lang='lat' dir='ltr'>si</span> <span class='ocrx_word' id='word_1_129' title='bbox 788 2269 905 2331; x_wconf 89' lang='lat' dir='ltr'>nempe</span> <span class='ocrx_word' id='word_1_130' title='bbox 920 2249 1032 2312; x_wconf 80' lang='lat' dir='ltr'>Febris</span> <span class='ocrx_word' id='word_1_131' title='bbox 1051 2249 1137 2314; x_wconf 91' lang='lat' dir='ltr'>diem</span> <span class='ocrx_word' id='word_1_132' title='bbox 1152 2255 1303 2333; x_wconf 87' lang='lat' dir='ltr'>quartum</span> <span class='ocrx_word' id='word_1_133' title='bbox 1320 2257 1354 2312; x_wconf 91' lang='lat' dir='ltr'>et</span> <span class='ocrx_word' id='word_1_134' title='bbox 1369 2248 1529 2312; x_wconf 93' lang='lat' dir='ltr'>decimum</span> <span class='ocrx_word' id='word_1_135' title='bbox 1543 2268 1597 2311; x_wconf 80' lang='lat' dir='ltr'>ex-</span> 
     </span>
     <span class='ocr_line' id='line_1_17' title="bbox 496 2349 1598 2435; baseline 0 -21"><span class='ocrx_word' id='word_1_136' title='bbox 496 2349 652 2427; x_wconf 84' lang='lat' dir='ltr'>cessisset,</span> <span class='ocrx_word' id='word_1_137' title='bbox 670 2351 802 2432; x_wconf 82' lang='lat' dir='ltr'>J&#39;amque</span> <span class='ocrx_word' id='word_1_138' title='bbox 823 2350 1087 2430; x_wconf 69' lang='lat' dir='ltr'>inveterasceret,</span> <span class='ocrx_word' id='word_1_139' title='bbox 1115 2374 1178 2435; x_wconf 91' lang='lat' dir='ltr'>quo</span> <span class='ocrx_word' id='word_1_140' title='bbox 1199 2352 1236 2415; x_wconf 90' lang='lat' dir='ltr'>in</span> <span class='ocrx_word' id='word_1_141' title='bbox 1257 2372 1342 2429; x_wconf 87' lang='lat' dir='ltr'>casu,</span> <span class='ocrx_word' id='word_1_142' title='bbox 1361 2351 1437 2414; x_wconf 92' lang='lat' dir='ltr'>licet</span> <span class='ocrx_word' id='word_1_143' title='bbox 1459 2349 1499 2413; x_wconf 90' lang='lat' dir='ltr'>ab</span> <span class='ocrx_word' id='word_1_144' title='bbox 1522 2371 1598 2414; x_wconf 88' lang='lat' dir='ltr'>ene-</span> 
     </span>
     <span class='ocr_line' id='line_1_18' title="bbox 496 2451 1597 2535; baseline 0.001 -20"><span class='ocrx_word' id='word_1_145' title='bbox 496 2451 593 2515; x_wconf 90' lang='lat' dir='ltr'>matis</span> <span class='ocrx_word' id='word_1_146' title='bbox 607 2451 872 2535; x_wconf 87' lang='lat' dir='ltr'>praecedentibus</span> <span class='ocrx_word' id='word_1_147' title='bbox 890 2454 1049 2518; x_wconf 92' lang='lat' dir='ltr'>debellata</span> <span class='ocrx_word' id='word_1_148' title='bbox 1065 2477 1134 2519; x_wconf 91' lang='lat' dir='ltr'>non</span> <span class='ocrx_word' id='word_1_149' title='bbox 1147 2455 1254 2534; x_wconf 83' lang='lat' dir='ltr'>fuerit,</span> <span class='ocrx_word' id='word_1_150' title='bbox 1270 2454 1382 2520; x_wconf 88' lang='lat' dir='ltr'>eadem</span> <span class='ocrx_word' id='word_1_151' title='bbox 1399 2461 1510 2518; x_wconf 90' lang='lat' dir='ltr'>tamen</span> <span class='ocrx_word' id='word_1_152' title='bbox 1523 2461 1597 2535; x_wconf 92' lang='lat' dir='ltr'>post</span> 
     </span>
     <span class='ocr_line' id='line_1_19' title="bbox 397 2543 1597 2641; baseline 0.002 -24"><span class='ocrx_word' id='word_1_153' title='bbox 397 2543 400 2550; x_wconf 69' lang='grc'><strong>’</strong></span> <span class='ocrx_word' id='word_1_154' title='bbox 495 2555 620 2638; x_wconf 88' lang='lat' dir='ltr'>elapsos</span> <span class='ocrx_word' id='word_1_155' title='bbox 648 2555 708 2618; x_wconf 92' lang='lat' dir='ltr'>hos</span> <span class='ocrx_word' id='word_1_156' title='bbox 738 2555 805 2619; x_wconf 90' lang='lat' dir='ltr'>dies</span> <span class='ocrx_word' id='word_1_157' title='bbox 831 2577 1065 2640; x_wconf 86' lang='lat' dir='ltr'>supervacanea</span> <span class='ocrx_word' id='word_1_158' title='bbox 1092 2579 1161 2622; x_wconf 86' lang='lat' dir='ltr'>esse</span> <span class='ocrx_word' id='word_1_159' title='bbox 1190 2557 1346 2641; x_wconf 90' lang='lat' dir='ltr'>comperi:</span> <span class='ocrx_word' id='word_1_160' title='bbox 1376 2556 1481 2620; x_wconf 91' lang='lat' dir='ltr'>morbi</span> <span class='ocrx_word' id='word_1_161' title='bbox 1509 2556 1597 2620; x_wconf 91' lang='lat' dir='ltr'>enim</span> 
     </span>
     <span class='ocr_line' id='line_1_20' title="bbox 498 2657 1597 2743; baseline 0.002 -23"><span class='ocrx_word' id='word_1_162' title='bbox 498 2657 566 2720; x_wconf 92' lang='lat' dir='ltr'>acie</span> <span class='ocrx_word' id='word_1_163' title='bbox 591 2677 649 2740; x_wconf 94' lang='lat' dir='ltr'>per</span> <span class='ocrx_word' id='word_1_164' title='bbox 671 2657 893 2722; x_wconf 88' lang='lat' dir='ltr'>ebullitionem</span> <span class='ocrx_word' id='word_1_165' title='bbox 913 2680 1132 2743; x_wconf 89' lang='lat' dir='ltr'>praegressam</span> <span class='ocrx_word' id='word_1_166' title='bbox 1154 2661 1223 2743; x_wconf 89' lang='lat' dir='ltr'>jam</span> <span class='ocrx_word' id='word_1_167' title='bbox 1244 2666 1361 2738; x_wconf 87' lang='lat' dir='ltr'>retusa,</span> <span class='ocrx_word' id='word_1_168' title='bbox 1382 2666 1478 2742; x_wconf 84' lang='lat' dir='ltr'>atque</span> <span class='ocrx_word' id='word_1_169' title='bbox 1501 2679 1597 2741; x_wconf 82' lang='lat' dir='ltr'>aegro</span> 
     </span>
     <span class='ocr_line' id='line_1_21' title="bbox 497 2757 1597 2847; baseline 0.001 -24"><span class='ocrx_word' id='word_1_170' title='bbox 497 2758 558 2840; x_wconf 83' lang='grc' dir='ltr'>ἔξω</span> <span class='ocrx_word' id='word_1_171' title='bbox 571 2757 688 2838; x_wconf 55' lang='grc' dir='ltr'>βελους</span> <span class='ocrx_word' id='word_1_172' title='bbox 702 2761 889 2842; x_wconf 87' lang='lat' dir='ltr'>constituto,</span> <span class='ocrx_word' id='word_1_173' title='bbox 902 2769 935 2826; x_wconf 91' lang='lat' dir='ltr'>et</span> <span class='ocrx_word' id='word_1_174' title='bbox 946 2784 966 2826; x_wconf 91' lang='lat' dir='ltr'>a</span> <span class='ocrx_word' id='word_1_175' title='bbox 976 2763 1199 2847; x_wconf 81' lang='lat' dir='ltr'>symptomatis</span> <span class='ocrx_word' id='word_1_176' title='bbox 1209 2761 1448 2826; x_wconf 87' lang='lat' dir='ltr'>violentioribus</span> <span class='ocrx_word' id='word_1_177' title='bbox 1463 2782 1544 2844; x_wconf 91' lang='lat' dir='ltr'>quae</span> <span class='ocrx_word' id='word_1_178' title='bbox 1555 2760 1597 2824; x_wconf 91' lang='lat' dir='ltr'>ab</span> 
     </span>
     <span class='ocr_line' id='line_1_22' title="bbox 497 2862 1598 2949; baseline 0.003 -24"><span class='ocrx_word' id='word_1_179' title='bbox 497 2883 536 2926; x_wconf 87' lang='lat' dir='ltr'>eo</span> <span class='ocrx_word' id='word_1_180' title='bbox 553 2862 739 2946; x_wconf 88' lang='lat' dir='ltr'>pendebant</span> <span class='ocrx_word' id='word_1_181' title='bbox 760 2884 880 2943; x_wconf 89' lang='lat' dir='ltr'>securo,</span> <span class='ocrx_word' id='word_1_182' title='bbox 896 2865 980 2928; x_wconf 88' lang='lat' dir='ltr'>nihil</span> <span class='ocrx_word' id='word_1_183' title='bbox 996 2865 1085 2949; x_wconf 88' lang='lat' dir='ltr'>prius</span> <span class='ocrx_word' id='word_1_184' title='bbox 1104 2872 1182 2943; x_wconf 91' lang='lat' dir='ltr'>erat,</span> <span class='ocrx_word' id='word_1_185' title='bbox 1198 2885 1294 2948; x_wconf 90' lang='lat' dir='ltr'>quam</span> <span class='ocrx_word' id='word_1_186' title='bbox 1308 2871 1346 2927; x_wconf 92' lang='lat' dir='ltr'>ut</span> <span class='ocrx_word' id='word_1_187' title='bbox 1367 2863 1517 2928; x_wconf 90' lang='lat' dir='ltr'>morbum</span> <span class='ocrx_word' id='word_1_188' title='bbox 1537 2885 1598 2928; x_wconf 89' lang='lat' dir='ltr'>suo</span> 
     </span>
     <span class='ocr_line' id='line_1_23' title="bbox 496 2963 1597 3053; baseline 0.001 -25"><span class='ocrx_word' id='word_1_189' title='bbox 496 2963 547 3028; x_wconf 90' lang='lat' dir='ltr'>uti</span> <span class='ocrx_word' id='word_1_190' title='bbox 573 2965 677 3048; x_wconf 89' lang='lat' dir='ltr'>genio,</span> <span class='ocrx_word' id='word_1_191' title='bbox 698 2973 731 3029; x_wconf 90' lang='lat' dir='ltr'>et</span> <span class='ocrx_word' id='word_1_192' title='bbox 753 2965 843 3053; x_wconf 87' lang='lat' dir='ltr'>quasi</span> <span class='ocrx_word' id='word_1_193' title='bbox 866 2967 986 3032; x_wconf 90' lang='lat' dir='ltr'>sensim</span> <span class='ocrx_word' id='word_1_194' title='bbox 1005 2967 1189 3050; x_wconf 87' lang='lat' dir='ltr'>deflagrare,</span> <span class='ocrx_word' id='word_1_195' title='bbox 1205 2987 1242 3030; x_wconf 88' lang='lat' dir='ltr'>ac</span> <span class='ocrx_word' id='word_1_196' title='bbox 1262 2965 1329 3029; x_wconf 89' lang='lat' dir='ltr'>suis</span> <span class='ocrx_word' id='word_1_197' title='bbox 1351 2965 1471 3030; x_wconf 83' lang='lat' dir='ltr'>viribus</span> <span class='ocrx_word' id='word_1_198' title='bbox 1491 2987 1597 3046; x_wconf 91' lang='lat' dir='ltr'>ruere,</span> 
     </span>
     <span class='ocr_line' id='line_1_24' title="bbox 495 3067 1598 3153; baseline 0.002 -24"><span class='ocrx_word' id='word_1_199' title='bbox 495 3067 694 3145; x_wconf 87' lang='lat' dir='ltr'>sineremus;</span> <span class='ocrx_word' id='word_1_200' title='bbox 724 3069 810 3152; x_wconf 91' lang='lat' dir='ltr'>quod</span> <span class='ocrx_word' id='word_1_201' title='bbox 835 3069 916 3134; x_wconf 92' lang='lat' dir='ltr'>mihi</span> <span class='ocrx_word' id='word_1_202' title='bbox 945 3091 1070 3153; x_wconf 88' lang='lat' dir='ltr'>semper</span> <span class='ocrx_word' id='word_1_203' title='bbox 1095 3069 1191 3133; x_wconf 87' lang='lat' dir='ltr'>cessit</span> <span class='ocrx_word' id='word_1_204' title='bbox 1219 3069 1342 3147; x_wconf 81' lang='lat' dir='ltr'>malim,</span> <span class='ocrx_word' id='word_1_205' title='bbox 1366 3089 1463 3151; x_wconf 90' lang='lat' dir='ltr'>quam</span> <span class='ocrx_word' id='word_1_206' title='bbox 1483 3087 1598 3131; x_wconf 49' lang='lat' dir='ltr'>evaeus</span> 
     </span>
     <span class='ocr_line' id='line_1_25' title="bbox 494 3171 1596 3254; baseline 0.002 -22"><span class='ocrx_word' id='word_1_207' title='bbox 494 3171 638 3234; x_wconf 89' lang='lat' dir='ltr'>ationem</span> <span class='ocrx_word' id='word_1_208' title='bbox 672 3171 927 3254; x_wconf 89' lang='lat' dir='ltr'>qualemcunque</span> <span class='ocrx_word' id='word_1_209' title='bbox 956 3172 1178 3236; x_wconf 85' lang='lat' dir='ltr'>violentiorem</span> <span class='ocrx_word' id='word_1_210' title='bbox 1210 3171 1272 3236; x_wconf 93' lang='lat' dir='ltr'>hoc</span> <span class='ocrx_word' id='word_1_211' title='bbox 1303 3177 1447 3254; x_wconf 88' lang='lat' dir='ltr'>tempore</span> <span class='ocrx_word' id='word_1_212' title='bbox 1478 3171 1596 3234; x_wconf 89' lang='lat' dir='ltr'>moliri.</span> 
     </span>
     <span class='ocr_line' id='line_1_26' title="bbox 497 3271 1597 3354; baseline 0.004 -20"><span class='ocrx_word' id='word_1_213' title='bbox 497 3271 606 3354; x_wconf 82' lang='lat' dir='ltr'>Aegro</span> <span class='ocrx_word' id='word_1_214' title='bbox 634 3272 766 3336; x_wconf 83' lang='lat' dir='ltr'>mterim</span> <span class='ocrx_word' id='word_1_215' title='bbox 795 3273 944 3336; x_wconf 88' lang='lat' dir='ltr'>carnibus</span> <span class='ocrx_word' id='word_1_216' title='bbox 969 3272 1131 3354; x_wconf 87' lang='lat' dir='ltr'>interdixi,</span> <span class='ocrx_word' id='word_1_217' title='bbox 1154 3274 1338 3338; x_wconf 73' lang='lat' dir='ltr'>cerensiam</span> <span class='ocrx_word' id='word_1_218' title='bbox 1361 3294 1435 3338; x_wconf 83' lang='lat' dir='ltr'>vero</span> <span class='ocrx_word' id='word_1_219' title='bbox 1463 3279 1597 3338; x_wconf 88' lang='lat' dir='ltr'>tenuem</span> 
     </span>
    </p>

    <p class='ocr_par' dir='ltr' id='par_1_4' title="bbox 495 3371 890 3438">
     <span class='ocr_line' id='line_1_27' title="bbox 495 3371 890 3438; baseline 0 -2"><span class='ocrx_word' id='word_1_220' title='bbox 495 3372 539 3436; x_wconf 89' lang='lat' dir='ltr'>ad</span> <span class='ocrx_word' id='word_1_221' title='bbox 554 3371 724 3436; x_wconf 88' lang='lat' dir='ltr'>arbitrium</span> <span class='ocrx_word' id='word_1_222' title='bbox 739 3373 890 3438; x_wconf 87' lang='lat' dir='ltr'>concessi.</span> 
     </span>
    </p>

    <p class='ocr_par' dir='ltr' id='par_1_5' title="bbox 344 3473 1597 3788">
     <span class='ocr_line' id='line_1_28' title="bbox 546 3473 1597 3562; baseline 0.005 -25"><span class='ocrx_word' id='word_1_223' title='bbox 546 3473 629 3557; x_wconf 68' lang='grc'>[12]</span> <span class='ocrx_word' id='word_1_224' title='bbox 658 3476 772 3539; x_wconf 87' lang='lat' dir='ltr'>Restat</span> <span class='ocrx_word' id='word_1_225' title='bbox 795 3481 829 3540; x_wconf 87' lang='lat' dir='ltr'>ct</span> <span class='ocrx_word' id='word_1_226' title='bbox 854 3475 951 3556; x_wconf 89' lang='lat' dir='ltr'>aliud,</span> <span class='ocrx_word' id='word_1_227' title='bbox 977 3476 1072 3559; x_wconf 91' lang='lat' dir='ltr'>quod,</span> <span class='ocrx_word' id='word_1_228' title='bbox 1099 3477 1174 3562; x_wconf 89' lang='lat' dir='ltr'>quia</span> <span class='ocrx_word' id='word_1_229' title='bbox 1201 3477 1372 3562; x_wconf 91' lang='lat' dir='ltr'>multiplici</span> <span class='ocrx_word' id='word_1_230' title='bbox 1399 3477 1597 3562; x_wconf 88' lang='lat' dir='ltr'>experientia</span> 
     </span>
     <span class='ocr_line' id='line_1_29' title="bbox 353 3562 1596 3661; baseline 0.004 -21"><span class='ocrx_word' id='word_1_231' title='bbox 353 3563 390 3658; x_wconf 54' lang='grc' dir='ltr'>ἵξῃ</span> <span class='ocrx_word' id='word_1_232' title='bbox 409 3562 471 3658; x_wconf 44' lang='grc' dir='ltr'>ἐξ</span> <span class='ocrx_word' id='word_1_233' title='bbox 498 3575 693 3658; x_wconf 88' lang='lat' dir='ltr'>astipulante</span> <span class='ocrx_word' id='word_1_234' title='bbox 721 3577 824 3660; x_wconf 81' lang='lat' dir='ltr'>aegris</span> <span class='ocrx_word' id='word_1_235' title='bbox 853 3578 974 3661; x_wconf 91' lang='lat' dir='ltr'>optime</span> <span class='ocrx_word' id='word_1_236' title='bbox 1007 3579 1129 3644; x_wconf 88' lang='lat' dir='ltr'>solebat</span> <span class='ocrx_word' id='word_1_237' title='bbox 1157 3588 1289 3661; x_wconf 83' lang='lat' dir='ltr'>vertere,</span> <span class='ocrx_word' id='word_1_238' title='bbox 1319 3581 1355 3644; x_wconf 93' lang='lat' dir='ltr'>in</span> <span class='ocrx_word' id='word_1_239' title='bbox 1388 3580 1596 3646; x_wconf 88' lang='lat' dir='ltr'>describendo</span> 
     </span>
     <span class='ocr_line' id='line_1_30' title="bbox 344 3677 1597 3788; baseline 0.005 -48"><span class='ocrx_word' id='word_1_240' title='bbox 344 3691 403 3788; x_wconf 59' lang='lat' dir='ltr'>‘Tse</span> <span class='ocrx_word' id='word_1_241' title='bbox 423 3691 467 3722; x_wconf 54' lang='grc' dir='ltr'>ω»</span> <span class='ocrx_word' id='word_1_242' title='bbox 497 3677 631 3761; x_wconf 89' lang='lat' dir='ltr'>hujusce</span> <span class='ocrx_word' id='word_1_243' title='bbox 654 3677 758 3742; x_wconf 88' lang='lat' dir='ltr'>morbi</span> <span class='ocrx_word' id='word_1_244' title='bbox 782 3679 939 3762; x_wconf 87' lang='lat' dir='ltr'>regimine</span> <span class='ocrx_word' id='word_1_245' title='bbox 962 3681 1043 3744; x_wconf 90' lang='lat' dir='ltr'>mihi</span> <span class='ocrx_word' id='word_1_246' title='bbox 1063 3683 1198 3746; x_wconf 91' lang='lat' dir='ltr'>minime</span> <span class='ocrx_word' id='word_1_247' title='bbox 1220 3683 1491 3766; x_wconf 87' lang='lat' dir='ltr'>praetereundum</span> <span class='ocrx_word' id='word_1_248' title='bbox 1510 3683 1597 3762; x_wconf 77' lang='lat' dir='ltr'>firit3</span> 
     </span>
    </p>

    <p class='ocr_par' dir='ltr' id='par_1_6' title="bbox 404 3774 1599 4583">
     <span class='ocr_line' id='line_1_31' title="bbox 404 3774 1597 3865; baseline 0.005 -23"><span class='ocrx_word' id='word_1_249' title='bbox 404 3774 411 3788; x_wconf 86' lang='lat'>&#39;</span> <span class='ocrx_word' id='word_1_250' title='bbox 496 3800 613 3862; x_wconf 87' lang='lat' dir='ltr'>nempe</span> <span class='ocrx_word' id='word_1_251' title='bbox 636 3785 674 3842; x_wconf 93' lang='lat' dir='ltr'>ut</span> <span class='ocrx_word' id='word_1_252' title='bbox 698 3800 793 3863; x_wconf 86' lang='lat' dir='ltr'>aeger</span> <span class='ocrx_word' id='word_1_253' title='bbox 815 3782 956 3865; x_wconf 92' lang='lat' dir='ltr'>quotidie</span> <span class='ocrx_word' id='word_1_254' title='bbox 977 3784 1062 3848; x_wconf 91' lang='lat' dir='ltr'>lecto</span> <span class='ocrx_word' id='word_1_255' title='bbox 1088 3784 1274 3864; x_wconf 89' lang='lat' dir='ltr'>abstineret,</span> <span class='ocrx_word' id='word_1_256' title='bbox 1296 3786 1411 3848; x_wconf 85' lang='lat' dir='ltr'>saltem</span> <span class='ocrx_word' id='word_1_257' title='bbox 1434 3783 1478 3848; x_wconf 89' lang='lat' dir='ltr'>ad</span> <span class='ocrx_word' id='word_1_258' title='bbox 1500 3784 1597 3848; x_wconf 87' lang='lat' dir='ltr'>horas</span> 
     </span>
     <span class='ocr_line' id='line_1_32' title="bbox 498 3881 1597 3971; baseline 0 -21"><span class='ocrx_word' id='word_1_259' title='bbox 498 3882 630 3964; x_wconf 78' lang='lat' dir='ltr'>aliquot,</span> <span class='ocrx_word' id='word_1_260' title='bbox 652 3881 711 3961; x_wconf 82' lang='lat' dir='ltr'>vel,</span> <span class='ocrx_word' id='word_1_261' title='bbox 732 3883 758 3946; x_wconf 87' lang='lat' dir='ltr'>si</span> <span class='ocrx_word' id='word_1_262' title='bbox 777 3883 812 3947; x_wconf 92' lang='lat' dir='ltr'>id</span> <span class='ocrx_word' id='word_1_263' title='bbox 834 3891 956 3950; x_wconf 87' lang='lat' dir='ltr'>vetaret</span> <span class='ocrx_word' id='word_1_264' title='bbox 975 3887 1077 3970; x_wconf 89' lang='lat' dir='ltr'>major</span> <span class='ocrx_word' id='word_1_265' title='bbox 1095 3889 1165 3971; x_wconf 89' lang='lat' dir='ltr'>ejus</span> <span class='ocrx_word' id='word_1_266' title='bbox 1183 3887 1340 3967; x_wconf 86' lang='lat' dir='ltr'>debilitas,</span> <span class='ocrx_word' id='word_1_267' title='bbox 1355 3895 1459 3952; x_wconf 88' lang='lat' dir='ltr'>vestes</span> <span class='ocrx_word' id='word_1_268' title='bbox 1481 3888 1597 3951; x_wconf 87' lang='lat' dir='ltr'>saltem</span> 
     </span>
     <span class='ocr_line' id='line_1_33' title="bbox 497 3983 1596 4072; baseline 0.005 -26"><span class='ocrx_word' id='word_1_269' title='bbox 497 3983 655 4063; x_wconf 89' lang='lat' dir='ltr'>indueret,</span> <span class='ocrx_word' id='word_1_270' title='bbox 687 3991 720 4049; x_wconf 93' lang='lat' dir='ltr'>et</span> <span class='ocrx_word' id='word_1_271' title='bbox 748 4005 847 4070; x_wconf 89' lang='lat' dir='ltr'>supra</span> <span class='ocrx_word' id='word_1_272' title='bbox 879 3987 1001 4052; x_wconf 89' lang='lat' dir='ltr'>lectum</span> <span class='ocrx_word' id='word_1_273' title='bbox 1031 3989 1173 4069; x_wconf 90' lang='lat' dir='ltr'>cubaret,</span> <span class='ocrx_word' id='word_1_274' title='bbox 1203 3990 1308 4072; x_wconf 89' lang='lat' dir='ltr'>capite</span> <span class='ocrx_word' id='word_1_275' title='bbox 1336 3990 1433 4072; x_wconf 92' lang='lat' dir='ltr'>paulo</span> <span class='ocrx_word' id='word_1_276' title='bbox 1459 3989 1596 4053; x_wconf 86' lang='lat' dir='ltr'>elatiori.</span> 
     </span>
     <span class='ocr_line' id='line_1_34' title="bbox 497 4085 1597 4175; baseline 0.003 -24"><span class='ocrx_word' id='word_1_277' title='bbox 497 4085 629 4170; x_wconf 84' lang='lat' dir='ltr'>Etenim</span> <span class='ocrx_word' id='word_1_278' title='bbox 652 4107 726 4152; x_wconf 91' lang='lat' dir='ltr'>cum</span> <span class='ocrx_word' id='word_1_279' title='bbox 752 4109 910 4173; x_wconf 91' lang='lat' dir='ltr'>magnum</span> <span class='ocrx_word' id='word_1_280' title='bbox 932 4090 1024 4154; x_wconf 92' lang='lat' dir='ltr'>illum</span> <span class='ocrx_word' id='word_1_281' title='bbox 1046 4091 1203 4175; x_wconf 91' lang='lat' dir='ltr'>impetum</span> <span class='ocrx_word' id='word_1_282' title='bbox 1225 4113 1290 4174; x_wconf 91' lang='lat' dir='ltr'>quo</span> <span class='ocrx_word' id='word_1_283' title='bbox 1311 4092 1421 4155; x_wconf 86' lang='lat' dir='ltr'>Febris</span> <span class='ocrx_word' id='word_1_284' title='bbox 1442 4092 1478 4154; x_wconf 92' lang='lat' dir='ltr'>in</span> <span class='ocrx_word' id='word_1_285' title='bbox 1497 4097 1597 4174; x_wconf 90' lang='lat' dir='ltr'>caput</span> 
     </span>
     <span class='ocr_line' id='line_1_35' title="bbox 496 4189 1597 4277; baseline 0.004 -25"><span class='ocrx_word' id='word_1_286' title='bbox 496 4189 668 4269; x_wconf 86' lang='lat' dir='ltr'>serebatur,</span> <span class='ocrx_word' id='word_1_287' title='bbox 685 4197 718 4256; x_wconf 90' lang='lat' dir='ltr'>et</span> <span class='ocrx_word' id='word_1_288' title='bbox 733 4190 1016 4257; x_wconf 86' lang='lat' dir='ltr'>inflammatoriam</span> <span class='ocrx_word' id='word_1_289' title='bbox 1035 4194 1131 4257; x_wconf 92' lang='lat' dir='ltr'>simul</span> <span class='ocrx_word' id='word_1_290' title='bbox 1148 4195 1314 4277; x_wconf 90' lang='lat' dir='ltr'>sanguinis</span> <span class='ocrx_word' id='word_1_291' title='bbox 1336 4193 1505 4273; x_wconf 89' lang='lat' dir='ltr'>diathesiu,</span> <span class='ocrx_word' id='word_1_292' title='bbox 1520 4214 1597 4258; x_wconf 92' lang='lat' dir='ltr'>con·</span> 
     </span>
     <span class='ocr_line' id='line_1_36' title="bbox 496 4291 1599 4378; baseline 0.003 -23"><span class='ocrx_word' id='word_1_293' title='bbox 496 4293 677 4376; x_wconf 76' lang='lat' dir='ltr'>templares,</span> <span class='ocrx_word' id='word_1_294' title='bbox 693 4291 790 4357; x_wconf 91' lang='lat' dir='ltr'>subiit</span> <span class='ocrx_word' id='word_1_295' title='bbox 806 4294 887 4358; x_wconf 89' lang='lat' dir='ltr'>mihi</span> <span class='ocrx_word' id='word_1_296' title='bbox 901 4295 936 4358; x_wconf 94' lang='lat' dir='ltr'>in</span> <span class='ocrx_word' id='word_1_297' title='bbox 950 4301 1094 4359; x_wconf 88' lang='lat' dir='ltr'>mentem</span> <span class='ocrx_word' id='word_1_298' title='bbox 1113 4317 1246 4378; x_wconf 88' lang='lat' dir='ltr'>aegrum</span> <span class='ocrx_word' id='word_1_299' title='bbox 1260 4317 1280 4358; x_wconf 93' lang='lat' dir='ltr'>a</span> <span class='ocrx_word' id='word_1_300' title='bbox 1293 4293 1433 4378; x_wconf 89' lang='lat' dir='ltr'>corporis</span> <span class='ocrx_word' id='word_1_301' title='bbox 1454 4294 1599 4377; x_wconf 85' lang='lat' dir='ltr'>positura</span> 
     </span>
     <span class='ocr_line' id='line_1_37' title="bbox 496 4395 1597 4482; baseline 0 -24"><span class='ocrx_word' id='word_1_302' title='bbox 496 4395 645 4460; x_wconf 91' lang='lat' dir='ltr'>nonnihil</span> <span class='ocrx_word' id='word_1_303' title='bbox 660 4395 871 4462; x_wconf 90' lang='lat' dir='ltr'>emolumenti</span> <span class='ocrx_word' id='word_1_304' title='bbox 882 4419 994 4480; x_wconf 89' lang='lat' dir='ltr'>capere</span> <span class='ocrx_word' id='word_1_305' title='bbox 1013 4420 1115 4481; x_wconf 86' lang='lat' dir='ltr'>posse,</span> <span class='ocrx_word' id='word_1_306' title='bbox 1131 4399 1158 4461; x_wconf 87' lang='lat' dir='ltr'>si</span> <span class='ocrx_word' id='word_1_307' title='bbox 1171 4419 1288 4482; x_wconf 91' lang='lat' dir='ltr'>nempe</span> <span class='ocrx_word' id='word_1_308' title='bbox 1303 4419 1342 4462; x_wconf 90' lang='lat' dir='ltr'>ea</span> <span class='ocrx_word' id='word_1_309' title='bbox 1358 4398 1433 4462; x_wconf 87' lang='lat' dir='ltr'>talis</span> <span class='ocrx_word' id='word_1_310' title='bbox 1447 4397 1544 4461; x_wconf 84' lang='lat' dir='ltr'>fuerit</span> <span class='ocrx_word' id='word_1_311' title='bbox 1558 4402 1597 4458; x_wconf 93' lang='lat' dir='ltr'>ut</span> 
     </span>
     <span class='ocr_line' id='line_1_38' title="bbox 498 4497 1599 4583; baseline 0 -23"><span class='ocrx_word' id='word_1_312' title='bbox 498 4519 518 4560; x_wconf 89' lang='lat' dir='ltr'>a</span> <span class='ocrx_word' id='word_1_313' title='bbox 532 4497 814 4562; x_wconf 88' lang='lat' dir='ltr'>circumambiente</span> <span class='ocrx_word' id='word_1_314' title='bbox 831 4499 1018 4563; x_wconf 88' lang='lat' dir='ltr'>nullatenus</span> <span class='ocrx_word' id='word_1_315' title='bbox 1032 4507 1217 4581; x_wconf 87' lang='lat' dir='ltr'>augesceret</span> <span class='ocrx_word' id='word_1_316' title='bbox 1236 4501 1332 4579; x_wconf 89' lang='lat' dir='ltr'>calor,</span> <span class='ocrx_word' id='word_1_317' title='bbox 1351 4500 1450 4583; x_wconf 90' lang='lat' dir='ltr'>(quod</span> <span class='ocrx_word' id='word_1_318' title='bbox 1464 4498 1599 4563; x_wconf 92' lang='lat' dir='ltr'>omnino</span> 
     </span>
    </p>

    <p class='ocr_par' dir='ltr' id='par_1_7' title="bbox 373 4597 1598 4890">
     <span class='ocr_line' id='line_1_39' title="bbox 373 4597 1598 4685; baseline 0.007 -29"><span class='ocrx_word' id='word_1_319' title='bbox 373 4648 375 4656; x_wconf 89' lang='grc'><em>,</em></span> <span class='ocrx_word' id='word_1_320' title='bbox 498 4597 567 4660; x_wconf 89' lang='lat' dir='ltr'>fieri</span> <span class='ocrx_word' id='word_1_321' title='bbox 584 4618 713 4661; x_wconf 89' lang='lat' dir='ltr'>necesse</span> <span class='ocrx_word' id='word_1_322' title='bbox 732 4605 791 4677; x_wconf 85' lang='lat' dir='ltr'>est,</span> <span class='ocrx_word' id='word_1_323' title='bbox 807 4599 834 4662; x_wconf 91' lang='lat' dir='ltr'>si</span> <span class='ocrx_word' id='word_1_324' title='bbox 852 4599 887 4662; x_wconf 93' lang='lat' dir='ltr'>in</span> <span class='ocrx_word' id='word_1_325' title='bbox 904 4600 988 4663; x_wconf 91' lang='lat' dir='ltr'>lecto</span> <span class='ocrx_word' id='word_1_326' title='bbox 1003 4620 1037 4663; x_wconf 92' lang='lat' dir='ltr'>se</span> <span class='ocrx_word' id='word_1_327' title='bbox 1056 4601 1179 4684; x_wconf 90' lang='lat' dir='ltr'>jugiter</span> <span class='ocrx_word' id='word_1_328' title='bbox 1194 4602 1382 4682; x_wconf 71' lang='lat' dir='ltr'>contineat)</span> <span class='ocrx_word' id='word_1_329' title='bbox 1399 4623 1505 4685; x_wconf 90' lang='lat' dir='ltr'>neque</span> <span class='ocrx_word' id='word_1_330' title='bbox 1524 4623 1598 4665; x_wconf 80' lang='lat' dir='ltr'>san·</span> 
     </span>
     <span class='ocr_line' id='line_1_40' title="bbox 498 4697 1598 4787; baseline 0.009 -27"><span class='ocrx_word' id='word_1_331' title='bbox 498 4697 605 4780; x_wconf 91' lang='lat' dir='ltr'>guinis</span> <span class='ocrx_word' id='word_1_332' title='bbox 619 4699 655 4762; x_wconf 91' lang='lat' dir='ltr'>in</span> <span class='ocrx_word' id='word_1_333' title='bbox 669 4700 781 4782; x_wconf 87' lang='lat' dir='ltr'>capitis</span> <span class='ocrx_word' id='word_1_334' title='bbox 797 4721 902 4765; x_wconf 89' lang='lat' dir='ltr'>arcem</span> <span class='ocrx_word' id='word_1_335' title='bbox 917 4701 1081 4765; x_wconf 91' lang='lat' dir='ltr'>tendentis</span> <span class='ocrx_word' id='word_1_336' title='bbox 1095 4703 1235 4786; x_wconf 88' lang='lat' dir='ltr'>impetus</span> <span class='ocrx_word' id='word_1_337' title='bbox 1245 4713 1499 4787; x_wconf 79' lang='lat' dir='ltr'>promoveretur3</span> <span class='ocrx_word' id='word_1_338' title='bbox 1521 4725 1598 4768; x_wconf 89' lang='lat' dir='ltr'>cum</span> 
     </span>
     <span class='ocr_line' id='line_1_41' title="bbox 498 4799 1598 4890; baseline 0.005 -26"><span class='ocrx_word' id='word_1_339' title='bbox 498 4799 587 4878; x_wconf 85' lang='lat' dir='ltr'>illinc</span> <span class='ocrx_word' id='word_1_340' title='bbox 605 4801 726 4866; x_wconf 90' lang='lat' dir='ltr'>cerebri</span> <span class='ocrx_word' id='word_1_341' title='bbox 744 4801 847 4867; x_wconf 74' lang='lat' dir='ltr'>femor</span> <span class='ocrx_word' id='word_1_342' title='bbox 865 4803 1063 4884; x_wconf 86' lang='lat' dir='ltr'>intendatur,</span> <span class='ocrx_word' id='word_1_343' title='bbox 1078 4803 1275 4889; x_wconf 88' lang='lat' dir='ltr'>proindeque</span> <span class='ocrx_word' id='word_1_344' title='bbox 1294 4805 1423 4890; x_wconf 86' lang='lat' dir='ltr'>spiritus</span> <span class='ocrx_word' id='word_1_345' title='bbox 1440 4805 1598 4870; x_wconf 86' lang='lat' dir='ltr'>animales</span> 
     </span>
    </p>
   </div>
   <div class='ocr_carea' id='block_1_3' title="bbox 0 0 1919 5759">
    <p class='ocr_par' dir='ltr' id='par_1_8' title="bbox 0 0 1919 5759">
     <span class='ocr_line' id='line_1_42' title="bbox 0 0 1919 5759; baseline 0 0"><span class='ocrx_word' id='word_1_346' title='bbox 0 0 1919 5759; x_wconf 95' lang='lat' dir='ltr'> </span> 
     </span>
    </p>
   </div>
  </div>
 </body>
</html>
