3825 5759
530 648 593 709 190
841 647 1036 712 ΤΗΟΜΑΕ
1060 649 1318 714 SYDENHAM

373 819 513 872 11110111
527 828 613 890 pore,
625 807 711 870 inter
726 808 803 872 alios
815 809 861 872 ita
874 810 958 872 male
973 811 1136 888 multatos,
1148 811 1282 874 ineunte
1293 812 1314 874 J
1315 809 1456 887 anuario,
1471 811 1625 888 1669-70,

374 887 513 1000 mm
527 911 671 974 accersiri
692 932 744 974 me
767 912 888 974 curavit
910 913 957 974 vir
977 913 1104 994 probus,
1120 913 1250 976 nomine
1270 912 1401 990 Collina,
1417 912 1570 996 aythepsa
1591 915 1626 976 in

393 1015 495 1066 ¹7⁰·'72
526 1013 725 1094 parochias.
742 1013 879 1096 Aegidii,
895 1015 987 1098 cujus
1001 1015 1085 1078 filius
1105 1015 1210 1079 adhuc
1223 1015 1330 1078 infans
1343 1015 1497 1078 vesiculas
1510 1016 1625 1080 habuit

524 1115 560 1176 in
579 1114 752 1179 femoribus
770 1116 960 1199 juglandem
980 1137 1097 1181 nucem
1117 1125 1340 1201 exaequantes,
1359 1138 1429 1181 sero
1447 1117 1626 1200 limpidiore

524 1217 679 1300 repletas3
707 1217 823 1301 quibus
849 1217 1011 1302 disruptis,
1034 1219 1196 1284 substrata
1221 1241 1294 1283 caro
1320 1219 1410 1303 quasi
1435 1219 1626 1283 mortificata

525 1319 656 1384 omnino
671 1320 875 1404 comparebat
884 1347 893 1399 i
917 1327 1013 1404 atque
1029 1322 1157 1386 nonita
1175 1322 1231 1385 diu
1252 1331 1324 1405 post
1346 1342 1442 1404 aeger
1455 1321 1529 1384 fatis
1548 1342 1626 1385 con-

525 1421 629 1500 cessit,
645 1443 726 1506 quae
741 1430 774 1486 et
789 1443 900 1486 eorum
915 1423 1061 1486 omnium
1076 1445 1144 1488 sors
1159 1424 1231 1501 fuit,
1246 1445 1324 1506 quos
1338 1423 1399 1487 hoc
1413 1430 1482 1486 tam
1496 1422 1625 1486 funesto

526 1531 739 1607 symptomata
768 1533 929 1608 correptos
958 1525 1024 1588 vidi
1051 1546 1206 1608 unquam.
1268 1525 1328 1607 [6.]
1363 1524 1425 1586 Die
1454 1524 1625 1589 undecimo

525 1625 658 1704 circiter,
680 1626 829 1709 pellicula
858 1627 930 1691 alba
959 1626 1164 1709 resplendens
1189 1626 1308 1689 tumori
1339 1624 1507 1703 subrubro,
1530 1625 1625 1688 variis

523 1728 614 1792 faciei
630 1729 785 1812 partibus,
801 1735 834 1792 01
854 1729 1009 1812 paulatim
1028 1728 1133 1792 vultui
1151 1727 1248 1806 omni,
1267 1727 1406 1791 obducta
1425 1735 1483 1790 est
1528 1727 1624 1790 Pelli-

523 1831 596 1894 cula
609 1831 688 1896 haec
700 1832 773 1894 alba
786 1830 874 1896 brevi
889 1837 961 1915 post
972 1831 1139 1895 materiam
1153 1829 1315 1913 quandam
1326 1836 1503 1893 crustosam
1518 1829 1624 1911 splen·

525 1931 708 1996 descentem
723 1933 898 2010 eructabat,
915 1933 1019 1997 colore
1033 1932 1164 2016 quidem
1177 1952 1283 2014 neque
1297 1931 1388 2008 flavo,
1403 1952 1508 2014 neque
1523 1931 1623 2008 fusco,

528 2034 595 2115 (qui
609 2034 673 2098 duo
687 2035 722 2097 in
737 2035 806 2098 aliis
821 2035 1023 2099 Variolarum
1038 2035 1202 2118 speciebus
1216 2033 1442 2116 reperiuntur,)
1456 2034 1512 2097 sed
1526 2033 1625 2097 rubro

526 2143 678 2215 saturato,
697 2145 883 2200 concretum
906 2137 1096 2220 sanguinem
1118 2136 1284 2214 imitante,
1303 2136 1371 2219 qui,
1389 2143 1625 2198 maturescente

525 2239 663 2322 pustula,
682 2241 723 2304 ad
744 2240 905 2324 nigrorem
924 2239 1026 2303 indies
1048 2240 1150 2322 magis
1170 2238 1350 2318 accedebat,
1368 2239 1470 2302 donec
1491 2238 1625 2302 tandem

524 2341 621 2405 facies
640 2343 766 2426 integra
780 2343 956 2426 nigredine,
972 2342 1114 2425 fuliginis
1134 2342 1266 2407 omnino
1283 2342 1418 2422 aemula,
1433 2341 1623 2424 tingeretur.

525 2443 672 2528 Cumque
690 2445 724 2507 in
739 2445 801 2508 alia
815 2445 1018 2509 Variolaram
1033 2444 1276 2510 confluentium
1295 2444 1399 2527 specie
1414 2443 1481 2506 dies
1495 2443 1625 2506 undeci-

525 2569 599 2611 mus
613 2548 648 2612 in
662 2547 836 2612 marimum
851 2548 933 2611 vitae
949 2547 1119 2611 discrimen
1135 2568 1247 2629 aegros
1261 2545 1443 2624 adduceret,
1459 2553 1492 2608 et
1513 2545 1624 2628 pleris-

526 2672 588 2733 que
610 2651 833 2716 emorientium
854 2671 1020 2734 supremus
1042 2657 1144 2727 esset;
1166 2649 1202 2712 in
1227 2649 1288 2712 hac
1307 2647 1411 2732 specie
1431 2669 1526 2730 aeger
1550 2647 1625 2730 (nisi

525 2753 680 2836 regimine
694 2753 902 2818 immoderate
917 2752 1020 2817 calido
1031 2773 1201 2835 oppressus
1215 2751 1327 2816 mortis
1340 2750 1541 2833 refrigerium
1556 2772 1625 2814 ma·

525 2856 628 2919 turius
646 2857 927 2940 praeoccupasset)
945 2854 1106 2919 decimum
1121 2860 1272 2937 quartum
1286 2852 1514 2935 utplurimum
1528 2853 1623 2931 diem,

526 2959 696 3042 aliquando
711 2959 808 3022 etiam
824 2959 984 3023 decimum
1004 2956 1186 3039 septimum,
1202 2955 1398 3037 expectabat,
1414 2975 1477 3037 quo
1493 2954 1625 3018 demum

525 3061 641 3144 elapso,
657 3061 806 3124 salvares
821 3069 899 3124 erat.
945 3058 1137 3122 Notandum
1155 3064 1203 3121 est
1217 3063 1337 3134 tamen,
1352 3055 1439 3138 quod
1453 3055 1508 3138 qui
1522 3056 1625 3119 letha-

524 3163 608 3226 libus
630 3163 699 3226 istis
723 3163 868 3226 vesicnlis
891 3184 927 3225 ac
953 3161 1207 3238 mortificatione,
1227 3180 1308 3242 quae
1330 3159 1495 3222 nonnullis
1520 3159 1626 3242 primo

525 3285 635 3328 mense
661 3285 723 3346 quo
749 3265 827 3326 baec
854 3263 972 3346 species
998 3262 1169 3328 invadebat
1195 3261 1342 3326 accidisse
1367 3261 1624 3340 memoravimus,

526 3364 686 3428 Libitinae
709 3364 962 3442 destinabantur,
983 3365 1069 3427 intra
1093 3384 1209 3447 paucos
1231 3363 1299 3429 dies
1324 3364 1364 3427 ab
1387 3363 1554 3446 emptione
1575 3364 1625 3426 in-

525 3467 677 3550 teribant.

570 3569 629 3654 [7.]
653 3569 696 3632 Et
710 3569 816 3648 febris,
833 3576 866 3632 et
885 3576 1102 3653 symptomata
1123 3569 1185 3633 alia
1206 3568 1315 3632 omnia
1329 3588 1409 3651 quae
1426 3567 1477 3630 vel
1498 3587 1624 3650 praece-

525 3671 645 3734 debant
656 3671 707 3734 vel
717 3670 953 3734 comitabantur
963 3672 1025 3736 hoc
1035 3672 1238 3736 Variolarum
1250 3691 1361 3753 genus,
1374 3669 1518 3752 graviora
1531 3678 1625 3733 erant

526 3795 622 3857 quam
637 3775 670 3836 in
690 3774 910 3856 praecedente,
926 3781 959 3837 et
974 3775 1235 3839 inflammationis
1254 3774 1359 3838 adhuc
1377 3773 1507 3857 majoris
1521 3774 1624 3836 mani·

524 3877 607 3940 festa
636 3877 756 3940 dabant
784 3877 909 3940 indicia.
954 3877 1055 3959 Aegri
1079 3878 1120 3940 ad
1146 3877 1364 3940 salivationem
1393 3883 1486 3939 erant
1510 3875 1624 3958 procli-

524 3979 643 4058 viores;
669 3979 816 4063 pustulae
839 3987 871 4043 et
893 3980 1096 4058 efferatiores,
1121 3986 1153 4043 et
1176 3980 1259 4043 mole
1284 3979 1381 4062 longe
1402 3978 1553 4056 minores,
1578 3979 1626 4041 ita

525 4089 560 4145 ut
586 4103 653 4145 non
678 4083 779 4161 facile,
800 4083 856 4146 ubi
881 4083 1021 4166 primum
1047 4082 1253 4165 apparebant,
1273 4081 1313 4146 ab
1339 4081 1528 4165 erysipelate
1554 4081 1625 4162 quis

524 4207 578 4248 eas
600 4184 791 4263 discreverit,
817 4186 866 4248 vel
891 4187 988 4250 etiarn
1014 4207 1034 4248 a
1058 4185 1223 4263 morbillis,
1250 4184 1312 4248 nisi
1337 4184 1424 4267 quod
1448 4182 1484 4245 hi
1509 4204 1548 4246 ex
1574 4183 1625 4245 dic

525 4287 709 4370 eruptionis,
726 4295 759 4352 et
774 4288 842 4351 aliis
862 4288 961 4371 signis
975 4289 1010 4351 in
1023 4287 1157 4352 historia
1169 4286 1389 4350 morbillorum
1411 4309 1508 4370 supra
1535 4287 1576 4370 [0.
1593 4287 1624 4348 5.

527 4392 545 4474 p
561 4389 607 4471 2.]
627 4389 801 4467 recensitis,
817 4399 904 4454 certo
920 4391 1123 4454 innotescant
1131 4416 1141 4468 5
1164 4388 1299 4470 pustulis
1314 4389 1543 4467 decidentibus,
1558 4388 1626 4451 lirr-

525 4491 611 4554 fures
626 4491 746 4556 diutius
765 4493 949 4571 haerebant,
965 4493 1168 4576 foedioraque
1188 4493 1339 4577 stigmata
1356 4492 1530 4556 inurebant
1547 4491 1625 4555 cuti.

526 4593 650 4674 Operae
672 4596 811 4676 pretium
837 4605 885 4659 cst
911 4603 943 4659 01
968 4596 1049 4659 illud
1074 4596 1258 4680 adjungere,
1286 4595 1381 4678 quod,
1405 4596 1542 4659 durante
1564 4594 1627 4658 hac

525 4695 613 4758 omni
626 4695 873 4776 Constitutione,
886 4719 949 4781 qua
959 4706 1027 4761 tam
1038 4699 1211 4781 epidemice
1222 4698 1405 4762 saeviebant
1414 4697 1627 4783 dysenteriae,

525 4797 682 4876 Variolae,
698 4799 853 4882 regimine
864 4801 952 4882 justo
967 4799 1115 4865 calidiore
1129 4809 1326 4883 provocatae,
1338 4822 1395 4883 per
1410 4801 1628 4882 dysenteriam
