3825 5759
543 667 762 730 EPISTOLA
785 667 1167 732 Ι.1ιΕ8ΡοΝ801ιΙΑ.
1337 672 1399 734 295

321 828 430 914 [ιιι]
459 829 613 892 Verum'
605 850 640 891 111
660 828 779 892 morbis
799 829 1003 912 Epidemicis,
1026 833 1247 915 cujuscunque
1270 831 1401 896 demum
1415 847 1555 896 ιιιιιοιιι.

303 933 428 1014 generis
454 932 529 1010 sint,
556 931 594 1012 (si
620 931 715 995 modo
737 951 849 995 recens
873 932 979 996 adhuc
1005 954 1138 1014 aegrum
1163 933 1399 1017 compserint)
1425 911 1542 1025 Εζξῗθο

303 1057 504 1118 summopere
527 1035 705 1099 cavendum
725 1056 767 1097 ne
788 1035 926 1098 alvus
899 1057 929 1098 er
952 1035 1090 1098 ducatur
1112 1035 1176 1097 nisi
1193 1035 1290 1099 misso
1311 1037 1401 1120 prius
1414 1035 1557 1104 RT—‘tio
1499 1060 1554 1106 μοι

303 1146 477 1228 sanguine:
510 1148 565 1229 qui
585 1146 673 1208 enim
690 1145 794 1209 morbi
814 1168 834 1210 a
854 1146 1085 1209 constitutione
1109 1146 1193 1211 aeris
1215 1121 1465 1233 Epidemicaffl
1458 1138 1556 1234 mquffi

303 1248 456 1331 pendent,
473 1257 529 1312 aut
541 1249 609 1331 jam
624 1247 729 1311 febres
745 1253 831 1326 sunt,
848 1247 955 1310 autin
970 1267 1082 1309 earum
1096 1247 1231 1310 classem
1245 1246 1403 1311 levissima
1414 1251 1505 1298 mortu
1517 1252 1553 1298 Ε·

304 1351 343 1414 de
359 1372 454 1414 causa
468 1357 660 1428 transcuutJ
684 1371 758 1414 cum
773 1371 812 1414 ex
827 1349 999 1412 tumultu
989 1371 1024 1412 ιιι
1040 1315 1541 1441 sanguineethumori-1,J,‘i{1,0it⁰o

303 1452 363 1514 bus
386 1474 407 1515 a
428 1451 565 1515 catharsi
583 1452 633 1516 vel
651 1452 815 1516 lenissima
832 1453 980 1530 excitato,
997 1460 1030 1516 et
1050 1453 1266 1536 subsequente
1288 1456 1401 1534 calore,
1414 1459 1515 1492 maa-

302 1553 395 1617 facile
410 1553 604 1617 accendatur
623 1553 731 1632 lebria,
749 1575 846 1637 quam
861 1555 939 1618 alias
953 1555 1083 1619 Natura
1096 1555 1312 1639 propulsasset
1327 1578 1403 1621 con
1391 1504 1530 1635 piamecc-

303 1657 402 1719 suetis
418 1657 570 1720 materiae
584 1657 767 1720 morbificae
788 1658 1059 1737 evacuationibus,
1076 1660 1248 1742 gravedine
1268 1662 1404 1744 exempli
1416 1637 1488 1684 Μ
1500 1645 1550 1692 '²⁵⁵‘

304 1758 416 1840 gratia,
434 1765 524 1822 autt
525 1760 591 1822 ussi
613 1759 648 1822 in
668 1759 728 1823 hoc
749 1760 789 1823 de
810 1781 872 1843 quo
891 1761 961 1844 jam
983 1762 1109 1843 agimus
1126 1762 1323 1846 Epidemieo,
1347 1773 1404 1828 aut

304 1859 471 1924 diarrhoea
486 1861 611 1943 quoties
625 1861 723 1924 febris
738 1882 813 1924 cum
828 1862 883 1924 illa
897 1860 1019 1925 faciens
1034 1863 1210 1945 epidemice
1230 1872 1404 1947 grassatur.

304 1962 397 2026 Idem
416 1969 523 2046 potest
544 1963 606 2026 dici
627 1963 667 2027 de
686 1985 878 2047 quacunque
898 1963 962 2027 aha
981 1965 1063 2028 aeris
1084 1966 1407 2049 constitutioneque

304 2085 417 2149 corpus
440 2065 481 2129 ad
504 2072 628 2129 certum
651 2065 781 2148 aliquod
803 2065 901 2128 febris
925 2085 1028 2148 genus
1055 2065 1299 2144 determinatim,
1323 2089 1405 2150 quae

304 2166 434 2249 quidem
458 2189 526 2230 non
549 2189 675 2251 semper
701 2175 776 2232 actu
798 2166 930 2246 invadit,
954 2167 1011 2230 sed
1039 2167 1236 2250 benignioris
1257 2168 1406 2232 Naturae

304 2270 404 2334 ductu
421 2271 524 2334 morbi
541 2271 676 2336 fomese
697 2272 864 2354 sanguine,
880 2270 1046 2335 mediante
1068 2270 1276 2335 evacuatione
1298 2271 1406 2354 aliqua

304 2373 372 2456 ejus
388 2374 483 2455 genio
503 2374 716 2452 accommoda,
738 2373 939 2437 exturbatur.
986 2374 1059 2438 Hoc
1079 2380 1265 2439 constanter
1287 2395 1404 2452 assero,

305 2475 544 2558 quantumlibet
572 2497 641 2540 mos
664 2477 733 2559 J'am
759 2475 904 2540 obtineat
928 2476 1101 2541 exhibendi
1123 2477 1301 2541 cathartica
1329 2484 1407 2541 ante

305 2575 497 2640 celebratam
508 2577 808 2655 venae-sectionem,
820 2579 870 2640 vel
885 2579 983 2660 (quod
997 2579 1103 2643 adhuc
1114 2578 1403 2662 estperieulosius,)

305 2697 344 2740 ea
367 2677 497 2760 penitus
521 2677 655 2741 omissa:
680 2678 762 2761 [49]
789 2679 865 2743 licet
892 2681 979 2743 enim
1001 2681 1172 2764 objiciatur
1196 2679 1406 2744 faeculentias

305 2780 341 2841 in
369 2780 481 2862 primis
510 2779 567 2842 viis
596 2779 796 2843 stabulantes
825 2781 922 2844 toties
947 2782 983 2843 iu
1007 2802 1124 2844 vacuas
1144 2801 1241 2844 venas
1259 2781 1406 2864 propelli,

307 2881 432 2964 quoties
447 2881 628 2945 detrahitur
643 2883 783 2965 sanguis,
799 2883 868 2946 alvo
882 2905 950 2948 non
964 2884 1053 2968 prius
1068 2883 1228 2947 subducta
1235 2909 1245 2962 3
1267 2884 1406 2948 certissi-

306 3003 398 3046 mum
419 2990 531 3046 tamen
553 2989 611 3061 est,
635 2985 884 3065 evacuationem,
902 3007 999 3069 quam
1020 2986 1075 3049 isti
1095 2986 1260 3069 praemitti
1281 2986 1406 3065 volunt,

306 3085 397 3149 nullo
410 3085 507 3150 modo
517 3086 670 3150 resarcire
683 3107 776 3169 posse
787 3087 939 3171 injuriam
950 3089 1102 3172 sanguini
1111 3088 1236 3153 illatam
1251 3086 1405 3152 atumul-

306 3193 421 3252 tuante
451 3187 628 3252 cathartico
655 3187 893 3270 phlebotomiae
921 3190 1107 3274 praemisso.
1155 3193 1265 3275 Atque
1293 3189 1407 3274 negari

307 3311 374 3353 non
388 3296 504 3373 potest,
520 3289 734 3353 catharticum
750 3311 859 3354 mosa
880 3291 1012 3376 dempto
1025 3292 1183 3376 sanguine
1205 3299 1408 3376 assumptum

306 3389 404 3474 longe
418 3391 528 3454 mitius
542 3391 608 3455 vim
623 3413 714 3455 suam
729 3413 867 3472 exerere,
883 3415 989 3478 neque
1002 3395 1136 3478 perinde
1151 3395 1343 3477 sangruncm
1355 3395 1408 3458 vel

309 3494 490 3572 calefacere,
509 3494 559 3557 vel
581 3495 752 3577 exagitare,
776 3502 873 3579 atque
894 3497 982 3562 idem
1004 3498 1085 3562 solet
1106 3498 1134 3560 si
1155 3496 1408 3581 phlebotomiam

309 3597 497 3679 praecedat:
520 3597 625 3680 neque
645 3619 773 3681 paucos,
797 3621 835 3663 ex
857 3600 1039 3664 infantibus
1058 3601 1208 3680 maxime,
1223 3601 1279 3665 vel·
1296 3600 1337 3666 ob
1358 3600 1408 3683 ig-

310 3707 457 3764 noratam
471 3699 556 3764 hanc
570 3721 649 3779 rem,
664 3702 715 3765 vel
728 3703 919 3784 neglectam,
933 3704 1065 3787 periisse
1080 3704 1238 3768 existimo.

359 3802 441 3887 [50]
469 3803 579 3885 Atque
600 3803 662 3869 hoc
690 3805 771 3868 mihi
793 3807 990 3922 suffragaptc
1012 3808 1211 3892 experientia
1237 3806 1498 3891 multiplicicuim
1473 3821 1538 3869 ιιι-ιι

310 3905 600 3988 compertissimum
622 3911 691 3984 est3
713 3909 912 3990 eaperieatia,
938 3909 1083 4023 inquam,
1113 3910 1236 3992 optima
1264 3908 1347 3972 duce
1374 3913 1408 3972 et
1420 3888 1552 4014 ξξιζζῇζ

311 4009 472 4092 magistra,
483 4007 525 4071 ad
539 4009 631 4092 cujus
644 4008 732 4091 leges
747 4015 780 4072 et
794 4031 942 4074 normam
956 4011 1021 4073 nisi
1035 4018 1222 4074 exerceatur
1232 4008 1407 4084 Medicina,
1421 4017 1471 4063 dux
1478 4021 1549 4062 emta
1535 4031 1562 4061 ι-

311 4131 383 4174 eam
397 4132 527 4194 prorsus
547 4111 676 4175 exulare
691 4111 790 4174 satius
805 4118 907 4174 esset.
939 4111 1059 4173 luditur
1072 4110 1160 4174 euim
1177 4109 1277 4193 (quod
1290 4108 1406 4189 aiunt,)
1420 4095 1452 4206 ξ’
1438 4080 1521 4199 ⁸21⁸,

311 4213 351 4276 dc
365 4215 448 4276 corio
463 4215 615 4278 humanos
629 4213 701 4296 plus
717 4213 804 4291 satis,
817 4234 892 4276 cum
902 4212 979 4276 hinc
994 4211 1147 4296 empirici,
1162 4231 1268 4293 neque
1281 4208 1408 4272 morbo-
1420 4159 1538 4319 *idwi-

311 4339 385 4380 rum
399 4317 566 4382 historiam
587 4339 648 4382 nec
662 4317 851 4382 methodum
871 4315 1022 4380 medendi
1040 4315 1202 4391 callentes,
1218 4317 1252 4375 et
1272 4277 1463 4394 receptistur
1423 4351 1543 4415 amu·
1501 4367 1546 4400 na

311 4427 442 4485 tantum
463 4421 548 4500 freti,
569 4421 688 4484 isthinc
710 4420 881 4484 sciolorum
900 4418 1075 4496 vanissimi,
1105 4437 1195 4499 spem
1215 4435 1346 4479 omnem
1374 4414 1527 4477 ιιιιιίοὶί

312 4525 461 4588 affectato
476 4523 568 4588 Artis
590 4523 717 4588 ambitu
738 4529 771 4587 et
793 4520 1065 4606 speculationibus
1086 4518 1239 4601 utrinque
1259 4539 1331 4601 pan
1320 4517 1411 4582 fere
1423 4483 1539 4611 marn

312 4633 479 4690 momento
507 4623 649 4708 discepta
629 4624 691 4688 atis
719 4630 885 4708 ponentes,
910 4624 1001 4707 quasi
1018 4621 1141 4705 junctis
1159 4620 1284 4686 viribus
1310 4621 1412 4705 majo-

313 4749 381 4792 rem
396 4727 499 4791 edunt
485 4733 656 4809 tetragem
674 4747 771 4809 quam
787 4725 918 4789 ederent
933 4722 1039 4788 morbi
1058 4744 1170 4787 corum
1189 4721 1338 4787 destituti
1355 4743 1412 4786 au-

345 4861 357 4884 “
374 4859 402 4903 de
412 4857 487 4903 alieno
498 4859 558 4902 carlo
570 4858 655 4912 ludere,
667 4855 683 4902 i.
695 4869 715 4902 e.
728 4858 802 4902 altorio
813 4871 881 4916 agere
890 4855 1000 4915 ριιιοιιὶι.
1030 4851 1067 4900 Ct
1081 4851 1179 4899 Erasini
1189 4853 1266 4914 Δάας.
1279 4852 1305 4899 ii.
1317 4853 1339 4898 ι.
1352 4851 1391 4899 88.
