<?xml version="1.0" encoding="UTF-8"?>
<!DOCTYPE html PUBLIC "-//W3C//DTD XHTML 1.0 Transitional//EN"
    "http://www.w3.org/TR/xhtml1/DTD/xhtml1-transitional.dtd">
<html xmlns="http://www.w3.org/1999/xhtml" xml:lang="en" lang="en">
 <head>
  <title>
</title>
<meta http-equiv="Content-Type" content="text/html;charset=utf-8" />
  <meta name='ocr-system' content='tesseract 3.04.00' />
  <meta name='ocr-capabilities' content='ocr_page ocr_carea ocr_par ocr_line ocrx_word'/>
</head>
<body>
  <div class='ocr_page' id='page_1' title='image "./thomaesydenhamm00greegoog_0237.png"; bbox 0 0 3825 5759; ppageno 0'>
   <div class='ocr_carea' id='block_1_1' title="bbox 468 674 1421 744">
    <p class='ocr_par' dir='ltr' id='par_1_1' title="bbox 468 674 1421 744">
     <span class='ocr_line' id='line_1_1' title="bbox 468 674 1421 744; baseline 0.003 -7"><span class='ocrx_word' id='word_1_1' title='bbox 468 674 865 744; x_wconf 82' lang='lat' dir='ltr'><strong>OBSERVATIONUM</strong></span> <span class='ocrx_word' id='word_1_2' title='bbox 888 679 1174 744; x_wconf 89' lang='lat' dir='ltr'>MEDICARUM</span> <span class='ocrx_word' id='word_1_3' title='bbox 1198 686 1230 738; x_wconf 92' lang='lat' dir='ltr'>V</span> <span class='ocrx_word' id='word_1_4' title='bbox 1252 692 1273 743; x_wconf 91' lang='lat'>1</span> <span class='ocrx_word' id='word_1_5' title='bbox 1358 679 1421 740; x_wconf 79' lang='lat'><strong>205</strong></span> 
     </span>
    </p>
   </div>
   <div class='ocr_carea' id='block_1_2' title="bbox 316 833 1574 4814">
    <p class='ocr_par' dir='ltr' id='par_1_2' title="bbox 318 833 1573 2044">
     <span class='ocr_line' id='line_1_2' title="bbox 367 833 1567 926; baseline 0.002 -26"><span class='ocrx_word' id='word_1_6' title='bbox 367 833 403 916; x_wconf 82' lang='lat'><strong>[3</strong></span> <span class='ocrx_word' id='word_1_7' title='bbox 407 835 430 918; x_wconf 89' lang='lat'><strong>.]</strong></span> <span class='ocrx_word' id='word_1_8' title='bbox 458 835 666 903; x_wconf 87' lang='lat' dir='ltr'><strong>Praemature</strong></span> <span class='ocrx_word' id='word_1_9' title='bbox 687 841 860 905; x_wconf 81' lang='lat' dir='ltr'><strong>admodum</strong></span> <span class='ocrx_word' id='word_1_10' title='bbox 879 849 1035 926; x_wconf 86' lang='lat' dir='ltr'><strong>sequente</strong></span> <span class='ocrx_word' id='word_1_11' title='bbox 1058 861 1154 920; x_wconf 92' lang='lat' dir='ltr'><strong>anno,</strong></span> <span class='ocrx_word' id='word_1_12' title='bbox 1169 860 1281 904; x_wconf 87' lang='lat' dir='ltr'><strong>mense</strong></span> <span class='ocrx_word' id='word_1_13' title='bbox 1300 838 1514 903; x_wconf 72' lang='lat' dir='ltr'><strong>scilicetcom</strong></span> <span class='ocrx_word' id='word_1_14' title='bbox 1502 869 1567 903; x_wconf 76' lang='grc' dir='ltr'><strong>ιιιτ.</strong></span> 
     </span>
     <span class='ocr_line' id='line_1_3' title="bbox 318 920 1573 1032; baseline 0.006 -33"><span class='ocrx_word' id='word_1_15' title='bbox 318 937 488 1016; x_wconf 81' lang='lat' dir='ltr'><strong>Januario,</strong></span> <span class='ocrx_word' id='word_1_16' title='bbox 503 940 700 1006; x_wconf 90' lang='lat' dir='ltr'><strong>invadebant</strong></span> <span class='ocrx_word' id='word_1_17' title='bbox 722 944 877 1022; x_wconf 89' lang='lat' dir='ltr'><strong>Morbilli,</strong></span> <span class='ocrx_word' id='word_1_18' title='bbox 897 945 987 1008; x_wconf 91' lang='lat' dir='ltr'><strong>haud</strong></span> <span class='ocrx_word' id='word_1_19' title='bbox 1005 945 1113 1008; x_wconf 91' lang='lat' dir='ltr'><strong>minus</strong></span> <span class='ocrx_word' id='word_1_20' title='bbox 1135 942 1303 1027; x_wconf 89' lang='lat' dir='ltr'><strong>epidemici</strong></span> <span class='ocrx_word' id='word_1_21' title='bbox 1322 920 1468 1025; x_wconf 74' lang='lat' dir='ltr'><strong>atqueE</strong></span> <span class='ocrx_word' id='word_1_22' title='bbox 1432 986 1456 1032; x_wconf 79' lang='lat' dir='ltr'>A</span> <span class='ocrx_word' id='word_1_23' title='bbox 1553 999 1573 1032; x_wconf 73' lang='lat' dir='ltr'><strong>a</strong></span> 
     </span>
     <span class='ocr_line' id='line_1_4' title="bbox 318 1042 1556 1131; baseline 0.006 -29"><span class='ocrx_word' id='word_1_24' title='bbox 318 1049 414 1104; x_wconf 87' lang='lat' dir='ltr'><strong>eraut</strong></span> <span class='ocrx_word' id='word_1_25' title='bbox 435 1042 491 1106; x_wconf 91' lang='lat' dir='ltr'><strong>isti</strong></span> <span class='ocrx_word' id='word_1_26' title='bbox 511 1045 565 1127; x_wconf 90' lang='lat' dir='ltr'><strong>qui</strong></span> <span class='ocrx_word' id='word_1_27' title='bbox 587 1045 700 1110; x_wconf 91' lang='lat' dir='ltr'><strong>eodem</strong></span> <span class='ocrx_word' id='word_1_28' title='bbox 722 1047 823 1112; x_wconf 82' lang='lat' dir='ltr'><strong>ferme</strong></span> <span class='ocrx_word' id='word_1_29' title='bbox 844 1055 991 1131; x_wconf 88' lang='lat' dir='ltr'><strong>tempore</strong></span> <span class='ocrx_word' id='word_1_30' title='bbox 1012 1047 1091 1110; x_wconf 90' lang='lat' dir='ltr'><strong>anni</strong></span> <span class='ocrx_word' id='word_1_31' title='bbox 1111 1049 1197 1112; x_wconf 92' lang='grc'><strong>1670</strong></span> <span class='ocrx_word' id='word_1_32' title='bbox 1218 1046 1418 1111; x_wconf 80' lang='grc'><strong>166166116-</strong></span> <span class='ocrx_word' id='word_1_33' title='bbox 1453 1049 1505 1100; x_wconf 46' lang='lat'><strong>“⁷³</strong></span> <span class='ocrx_word' id='word_1_34' title='bbox 1508 1052 1556 1099; x_wconf 72' lang='lat'><strong>75.</strong></span> 
     </span>
     <span class='ocr_line' id='line_1_5' title="bbox 319 1143 1548 1227; baseline 0.003 -18"><span class='ocrx_word' id='word_1_35' title='bbox 319 1145 431 1226; x_wconf 82' lang='lat' dir='ltr'><strong>gressi.</strong></span> <span class='ocrx_word' id='word_1_36' title='bbox 476 1147 632 1212; x_wconf 85' lang='lat' dir='ltr'>Etenim</span> <span class='ocrx_word' id='word_1_37' title='bbox 623 1170 659 1211; x_wconf 92' lang='grc'><strong>16</strong></span> <span class='ocrx_word' id='word_1_38' title='bbox 673 1150 797 1214; x_wconf 90' lang='lat' dir='ltr'><strong>nullam</strong></span> <span class='ocrx_word' id='word_1_39' title='bbox 816 1170 884 1214; x_wconf 93' lang='lat' dir='ltr'><strong>non</strong></span> <span class='ocrx_word' id='word_1_40' title='bbox 898 1151 966 1214; x_wconf 83' lang='grc'><strong>1616</strong></span> <span class='ocrx_word' id='word_1_41' title='bbox 979 1150 1135 1214; x_wconf 85' lang='lat' dir='ltr'><strong>familiam</strong></span> <span class='ocrx_word' id='word_1_42' title='bbox 1149 1171 1185 1214; x_wconf 91' lang='lat' dir='ltr'><strong>se</strong></span> <span class='ocrx_word' id='word_1_43' title='bbox 1198 1149 1418 1227; x_wconf 75' lang='lat' dir='ltr'><strong>insinuabant,</strong></span> <span class='ocrx_word' id='word_1_44' title='bbox 1461 1143 1548 1202; x_wconf 83' lang='grc'><strong>1674·</strong></span> 
     </span>
     <span class='ocr_line' id='line_1_6' title="bbox 318 1225 1574 1337; baseline 0.007 -29"><span class='ocrx_word' id='word_1_45' title='bbox 318 1245 462 1310; x_wconf 75' lang='lat' dir='ltr'><strong>infantes</strong></span> <span class='ocrx_word' id='word_1_46' title='bbox 484 1270 560 1332; x_wconf 91' lang='lat' dir='ltr'><strong>prae</strong></span> <span class='ocrx_word' id='word_1_47' title='bbox 590 1251 723 1316; x_wconf 90' lang='lat' dir='ltr'><strong>caeteris</strong></span> <span class='ocrx_word' id='word_1_48' title='bbox 749 1274 861 1317; x_wconf 90' lang='lat' dir='ltr'><strong>omnes</strong></span> <span class='ocrx_word' id='word_1_49' title='bbox 890 1253 1004 1317; x_wconf 91' lang='lat' dir='ltr'><strong>adorti.</strong></span> <span class='ocrx_word' id='word_1_50' title='bbox 1048 1252 1128 1317; x_wconf 93' lang='lat' dir='ltr'><strong>Non</strong></span> <span class='ocrx_word' id='word_1_51' title='bbox 1151 1261 1262 1317; x_wconf 80' lang='lat' dir='ltr'><strong>antem</strong></span> <span class='ocrx_word' id='word_1_52' title='bbox 1286 1225 1574 1337; x_wconf 67' lang='lat' dir='ltr'><strong>perinde——</strong></span> 
     </span>
     <span class='ocr_line' id='line_1_7' title="bbox 319 1351 1436 1441; baseline 0.005 -27"><span class='ocrx_word' id='word_1_53' title='bbox 319 1351 482 1432; x_wconf 72' lang='lat' dir='ltr'>regulares</span> <span class='ocrx_word' id='word_1_54' title='bbox 512 1361 615 1433; x_wconf 89' lang='lat' dir='ltr'><strong>erant,</strong></span> <span class='ocrx_word' id='word_1_55' title='bbox 641 1377 746 1440; x_wconf 88' lang='lat' dir='ltr'><strong>neque</strong></span> <span class='ocrx_word' id='word_1_56' title='bbox 771 1363 887 1441; x_wconf 85' lang='lat' dir='ltr'><strong>typum</strong></span> <span class='ocrx_word' id='word_1_57' title='bbox 912 1357 960 1421; x_wconf 90' lang='lat' dir='ltr'><strong>ita</strong></span> <span class='ocrx_word' id='word_1_58' title='bbox 988 1357 1031 1421; x_wconf 89' lang='lat' dir='ltr'><strong>ad</strong></span> <span class='ocrx_word' id='word_1_59' title='bbox 1055 1358 1210 1421; x_wconf 75' lang='lat' dir='ltr'><strong>amussim</strong></span> <span class='ocrx_word' id='word_1_60' title='bbox 1239 1357 1436 1436; x_wconf 90' lang='lat' dir='ltr'><strong>servabant,</strong></span> 
     </span>
     <span class='ocr_line' id='line_1_8' title="bbox 321 1452 1420 1540; baseline 0.008 -26"><span class='ocrx_word' id='word_1_61' title='bbox 321 1457 420 1535; x_wconf 87' lang='lat' dir='ltr'><strong>atque</strong></span> <span class='ocrx_word' id='word_1_62' title='bbox 441 1452 495 1517; x_wconf 92' lang='lat' dir='ltr'><strong>isti</strong></span> <span class='ocrx_word' id='word_1_63' title='bbox 519 1456 574 1538; x_wconf 91' lang='lat' dir='ltr'><strong>qui</strong></span> <span class='ocrx_word' id='word_1_64' title='bbox 599 1457 762 1540; x_wconf 88' lang='lat' dir='ltr'><strong>praedicto</strong></span> <span class='ocrx_word' id='word_1_65' title='bbox 785 1480 872 1523; x_wconf 92' lang='lat' dir='ltr'><strong>anno</strong></span> <span class='ocrx_word' id='word_1_66' title='bbox 896 1459 1105 1524; x_wconf 82' lang='lat' dir='ltr'><strong>infestabant.</strong></span> <span class='ocrx_word' id='word_1_67' title='bbox 1150 1460 1201 1522; x_wconf 91' lang='lat' dir='ltr'><strong>De</strong></span> <span class='ocrx_word' id='word_1_68' title='bbox 1225 1459 1286 1523; x_wconf 88' lang='lat' dir='ltr'><strong>hae</strong></span> <span class='ocrx_word' id='word_1_69' title='bbox 1310 1467 1420 1523; x_wconf 90' lang='lat' dir='ltr'><strong>autem</strong></span> 
     </span>
     <span class='ocr_line' id='line_1_9' title="bbox 320 1553 1420 1645; baseline 0.007 -29"><span class='ocrx_word' id='word_1_70' title='bbox 320 1553 450 1618; x_wconf 88' lang='lat' dir='ltr'><strong>illorum</strong></span> <span class='ocrx_word' id='word_1_71' title='bbox 465 1555 505 1620; x_wconf 92' lang='lat' dir='ltr'><strong>ab</strong></span> <span class='ocrx_word' id='word_1_72' title='bbox 519 1557 657 1623; x_wconf 90' lang='lat' dir='ltr'><strong>invicem</strong></span> <span class='ocrx_word' id='word_1_73' title='bbox 669 1559 883 1644; x_wconf 80' lang='lat' dir='ltr'><strong>discrepantia</strong></span> <span class='ocrx_word' id='word_1_74' title='bbox 896 1563 990 1645; x_wconf 90' lang='lat' dir='ltr'><strong>plura</strong></span> <span class='ocrx_word' id='word_1_75' title='bbox 1003 1561 1109 1626; x_wconf 90' lang='lat' dir='ltr'><strong>dicam</strong></span> <span class='ocrx_word' id='word_1_76' title='bbox 1119 1561 1177 1626; x_wconf 91' lang='lat' dir='ltr'><strong>ubi</strong></span> <span class='ocrx_word' id='word_1_77' title='bbox 1191 1561 1232 1624; x_wconf 91' lang='grc'><strong>66</strong></span> <span class='ocrx_word' id='word_1_78' title='bbox 1245 1561 1309 1624; x_wconf 87' lang='grc'><strong>11116</strong></span> <span class='ocrx_word' id='word_1_79' title='bbox 1324 1583 1420 1644; x_wconf 86' lang='lat' dir='ltr'><strong>agam</strong></span> 
     </span>
     <span class='ocr_line' id='line_1_10' title="bbox 320 1657 1419 1747; baseline 0.005 -27"><span class='ocrx_word' id='word_1_80' title='bbox 320 1657 545 1740; x_wconf 81' lang='lat' dir='ltr'><strong>particularius</strong></span> <span class='ocrx_word' id='word_1_81' title='bbox 566 1661 606 1746; x_wconf 89' lang='lat' dir='ltr'><strong>[c.</strong></span> <span class='ocrx_word' id='word_1_82' title='bbox 624 1661 685 1746; x_wconf 88' lang='lat'><strong>3.].</strong></span> <span class='ocrx_word' id='word_1_83' title='bbox 710 1663 757 1727; x_wconf 88' lang='lat' dir='ltr'><strong>Hi</strong></span> <span class='ocrx_word' id='word_1_84' title='bbox 771 1664 874 1747; x_wconf 86' lang='lat' dir='ltr'><strong>magis</strong></span> <span class='ocrx_word' id='word_1_85' title='bbox 889 1665 993 1728; x_wconf 91' lang='lat' dir='ltr'><strong>indies</strong></span> <span class='ocrx_word' id='word_1_86' title='bbox 1007 1664 1173 1746; x_wconf 80' lang='lat' dir='ltr'><strong>magisque</strong></span> <span class='ocrx_word' id='word_1_87' title='bbox 1189 1662 1419 1746; x_wconf 74' lang='lat' dir='ltr'><strong>grassabantur</strong></span> 
     </span>
     <span class='ocr_line' id='line_1_11' title="bbox 320 1757 1418 1850; baseline 0.007 -30"><span class='ocrx_word' id='word_1_88' title='bbox 320 1757 363 1820; x_wconf 88' lang='grc'><strong>66</strong></span> <span class='ocrx_word' id='word_1_89' title='bbox 380 1761 618 1842; x_wconf 76' lang='lat' dir='ltr'><strong>aequinoctium</strong></span> <span class='ocrx_word' id='word_1_90' title='bbox 640 1785 741 1848; x_wconf 91' lang='lat' dir='ltr'><strong>usque</strong></span> <span class='ocrx_word' id='word_1_91' title='bbox 755 1767 893 1846; x_wconf 88' lang='lat' dir='ltr'><strong>vernale,</strong></span> <span class='ocrx_word' id='word_1_92' title='bbox 909 1789 929 1831; x_wconf 89' lang='lat' dir='ltr'><strong>a</strong></span> <span class='ocrx_word' id='word_1_93' title='bbox 943 1788 1007 1850; x_wconf 90' lang='lat' dir='ltr'><strong>quo</strong></span> <span class='ocrx_word' id='word_1_94' title='bbox 1022 1774 1166 1850; x_wconf 89' lang='lat' dir='ltr'><strong>tempore</strong></span> <span class='ocrx_word' id='word_1_95' title='bbox 1183 1764 1298 1828; x_wconf 90' lang='lat' dir='ltr'><strong>iisdem</strong></span> <span class='ocrx_word' id='word_1_96' title='bbox 1313 1764 1418 1848; x_wconf 82' lang='lat' dir='ltr'><strong>gradi·</strong></span> 
     </span>
     <span class='ocr_line' id='line_1_12' title="bbox 321 1859 1419 1953; baseline 0.008 -30"><span class='ocrx_word' id='word_1_97' title='bbox 321 1859 382 1924; x_wconf 92' lang='lat' dir='ltr'><strong>bus</strong></span> <span class='ocrx_word' id='word_1_98' title='bbox 398 1861 632 1944; x_wconf 83' lang='lat' dir='ltr'><strong>decrescebant,</strong></span> <span class='ocrx_word' id='word_1_99' title='bbox 648 1867 750 1932; x_wconf 89' lang='lat' dir='ltr'><strong>donec</strong></span> <span class='ocrx_word' id='word_1_100' title='bbox 769 1869 865 1953; x_wconf 89' lang='lat' dir='ltr'><strong>paulo</strong></span> <span class='ocrx_word' id='word_1_101' title='bbox 880 1877 953 1953; x_wconf 91' lang='lat' dir='ltr'><strong>post</strong></span> <span class='ocrx_word' id='word_1_102' title='bbox 971 1869 1116 1952; x_wconf 89' lang='lat' dir='ltr'><strong>elapsum</strong></span> <span class='ocrx_word' id='word_1_103' title='bbox 1135 1867 1309 1933; x_wconf 86' lang='lat' dir='ltr'><strong>solstitium</strong></span> <span class='ocrx_word' id='word_1_104' title='bbox 1324 1867 1419 1932; x_wconf 89' lang='lat' dir='ltr'><strong>aesti-</strong></span> 
     </span>
     <span class='ocr_line' id='line_1_13' title="bbox 321 1965 795 2044; baseline 0.023 -20"><span class='ocrx_word' id='word_1_105' title='bbox 321 1984 397 2026; x_wconf 88' lang='lat' dir='ltr'><strong>vum</strong></span> <span class='ocrx_word' id='word_1_106' title='bbox 412 1965 795 2044; x_wconf 84' lang='lat' dir='ltr'><strong>tandemcvanescerent.</strong></span> 
     </span>
    </p>

    <p class='ocr_par' dir='ltr' id='par_1_3' title="bbox 370 2067 1420 2159">
     <span class='ocr_line' id='line_1_14' title="bbox 370 2067 1420 2159; baseline 0.01 -30"><span class='ocrx_word' id='word_1_107' title='bbox 370 2067 431 2150; x_wconf 82' lang='grc'><strong>[4.]</strong></span> <span class='ocrx_word' id='word_1_108' title='bbox 444 2123 446 2128; x_wconf 96' lang='grc'><strong>.</strong></span> <span class='ocrx_word' id='word_1_109' title='bbox 460 2069 552 2136; x_wconf 87' lang='lat' dir='ltr'><strong>Sicut</strong></span> <span class='ocrx_word' id='word_1_110' title='bbox 567 2077 675 2136; x_wconf 90' lang='lat' dir='ltr'><strong>autem</strong></span> <span class='ocrx_word' id='word_1_111' title='bbox 691 2073 836 2138; x_wconf 92' lang='lat' dir='ltr'><strong>Morbilli</strong></span> <span class='ocrx_word' id='word_1_112' title='bbox 851 2075 1029 2159; x_wconf 86' lang='lat' dir='ltr'><strong>epidemici,</strong></span> <span class='ocrx_word' id='word_1_113' title='bbox 1045 2076 1101 2159; x_wconf 93' lang='lat' dir='ltr'><strong>qui</strong></span> <span class='ocrx_word' id='word_1_114' title='bbox 1115 2073 1311 2140; x_wconf 86' lang='lat' dir='ltr'><strong>invadebant</strong></span> <span class='ocrx_word' id='word_1_115' title='bbox 1324 2075 1420 2139; x_wconf 91' lang='lat' dir='ltr'><strong>initio</strong></span> 
     </span>
    </p>

    <p class='ocr_par' dir='ltr' id='par_1_4' title="bbox 320 2170 1420 3485">
     <span class='ocr_line' id='line_1_15' title="bbox 321 2170 1420 2263; baseline 0.009 -31"><span class='ocrx_word' id='word_1_116' title='bbox 321 2170 400 2232; x_wconf 87' lang='lat' dir='ltr'><strong>anni</strong></span> <span class='ocrx_word' id='word_1_117' title='bbox 424 2172 517 2252; x_wconf 92' lang='grc'><strong>1670,</strong></span> <span class='ocrx_word' id='word_1_118' title='bbox 534 2174 681 2240; x_wconf 86' lang='lat' dir='ltr'><strong>Variolas</strong></span> <span class='ocrx_word' id='word_1_119' title='bbox 701 2177 808 2260; x_wconf 87' lang='lat' dir='ltr'><strong>nigras</strong></span> <span class='ocrx_word' id='word_1_120' title='bbox 826 2177 947 2242; x_wconf 89' lang='lat' dir='ltr'><strong>ibidem</strong></span> <span class='ocrx_word' id='word_1_121' title='bbox 969 2179 1143 2263; x_wconf 88' lang='lat' dir='ltr'><strong>descriptas</strong></span> <span class='ocrx_word' id='word_1_122' title='bbox 1157 2178 1420 2256; x_wconf 82' lang='lat' dir='ltr'><strong>introducebant,</strong></span> 
     </span>
     <span class='ocr_line' id='line_1_16' title="bbox 320 2271 1418 2367; baseline 0.009 -33"><span class='ocrx_word' id='word_1_123' title='bbox 320 2271 356 2334; x_wconf 89' lang='lat' dir='ltr'><strong>hi</strong></span> <span class='ocrx_word' id='word_1_124' title='bbox 375 2273 495 2355; x_wconf 85' lang='lat' dir='ltr'><strong>pariter</strong></span> <span class='ocrx_word' id='word_1_125' title='bbox 508 2275 596 2341; x_wconf 90' lang='lat' dir='ltr'><strong>haud</strong></span> <span class='ocrx_word' id='word_1_126' title='bbox 613 2279 722 2344; x_wconf 91' lang='lat' dir='ltr'><strong>minus</strong></span> <span class='ocrx_word' id='word_1_127' title='bbox 744 2281 920 2364; x_wconf 90' lang='lat' dir='ltr'><strong>epidcmici,</strong></span> <span class='ocrx_word' id='word_1_128' title='bbox 937 2281 993 2366; x_wconf 91' lang='lat' dir='ltr'><strong>qui</strong></span> <span class='ocrx_word' id='word_1_129' title='bbox 1011 2281 1105 2345; x_wconf 91' lang='lat' dir='ltr'><strong>initio</strong></span> <span class='ocrx_word' id='word_1_130' title='bbox 1118 2283 1217 2367; x_wconf 89' lang='lat' dir='ltr'><strong>hujus</strong></span> <span class='ocrx_word' id='word_1_131' title='bbox 1232 2282 1309 2346; x_wconf 90' lang='lat' dir='ltr'><strong>anni</strong></span> <span class='ocrx_word' id='word_1_132' title='bbox 1332 2302 1418 2345; x_wconf 92' lang='lat' dir='ltr'><strong>com-</strong></span> 
     </span>
     <span class='ocr_line' id='line_1_17' title="bbox 321 2375 1417 2470; baseline 0.008 -33"><span class='ocrx_word' id='word_1_133' title='bbox 321 2375 486 2457; x_wconf 87' lang='lat' dir='ltr'><strong>parebant,</strong></span> <span class='ocrx_word' id='word_1_134' title='bbox 509 2379 712 2446; x_wconf 88' lang='lat' dir='ltr'><strong>Variolarum</strong></span> <span class='ocrx_word' id='word_1_135' title='bbox 742 2385 879 2468; x_wconf 90' lang='lat' dir='ltr'><strong>speciem</strong></span> <span class='ocrx_word' id='word_1_136' title='bbox 903 2385 1110 2450; x_wconf 87' lang='lat' dir='ltr'><strong>introduxere</strong></span> <span class='ocrx_word' id='word_1_137' title='bbox 1134 2385 1189 2448; x_wconf 90' lang='lat' dir='ltr'><strong>isti</strong></span> <span class='ocrx_word' id='word_1_138' title='bbox 1213 2385 1417 2470; x_wconf 87' lang='lat' dir='ltr'><strong>persimilem.</strong></span> 
     </span>
     <span class='ocr_line' id='line_1_18' title="bbox 322 2477 1418 2572; baseline 0.008 -32"><span class='ocrx_word' id='word_1_139' title='bbox 322 2477 406 2541; x_wconf 85' lang='lat' dir='ltr'><strong>Cum</strong></span> <span class='ocrx_word' id='word_1_140' title='bbox 417 2481 503 2544; x_wconf 85' lang='lat' dir='ltr'><strong>eninr</strong></span> <span class='ocrx_word' id='word_1_141' title='bbox 519 2481 615 2565; x_wconf 91' lang='lat' dir='ltr'><strong>(quod</strong></span> <span class='ocrx_word' id='word_1_142' title='bbox 626 2485 715 2568; x_wconf 92' lang='lat' dir='ltr'><strong>prius</strong></span> <span class='ocrx_word' id='word_1_143' title='bbox 733 2486 788 2570; x_wconf 89' lang='lat' dir='ltr'><strong>[iv.</strong></span> <span class='ocrx_word' id='word_1_144' title='bbox 805 2488 835 2550; x_wconf 92' lang='lat'><strong>6.</strong></span> <span class='ocrx_word' id='word_1_145' title='bbox 852 2487 898 2571; x_wconf 87' lang='lat'><strong>8.]</strong></span> <span class='ocrx_word' id='word_1_146' title='bbox 919 2493 968 2552; x_wconf 89' lang='lat' dir='ltr'><strong>est</strong></span> <span class='ocrx_word' id='word_1_147' title='bbox 978 2488 1151 2572; x_wconf 69' lang='lat' dir='ltr'><strong>notatum)</strong></span> <span class='ocrx_word' id='word_1_148' title='bbox 1164 2487 1313 2552; x_wconf 85' lang='lat' dir='ltr'><strong>Variolae</strong></span> <span class='ocrx_word' id='word_1_149' title='bbox 1327 2507 1418 2570; x_wconf 91' lang='lat' dir='ltr'><strong>prae·</strong></span> 
     </span>
     <span class='ocr_line' id='line_1_19' title="bbox 321 2580 1418 2675; baseline 0.008 -32"><span class='ocrx_word' id='word_1_150' title='bbox 321 2580 463 2646; x_wconf 77' lang='lat' dir='ltr'><strong>oedentis</strong></span> <span class='ocrx_word' id='word_1_151' title='bbox 479 2585 718 2652; x_wconf 84' lang='lat' dir='ltr'><strong>constitutionis</strong></span> <span class='ocrx_word' id='word_1_152' title='bbox 733 2597 804 2673; x_wconf 91' lang='lat' dir='ltr'><strong>post</strong></span> <span class='ocrx_word' id='word_1_153' title='bbox 819 2589 941 2672; x_wconf 88' lang='lat' dir='ltr'><strong>priores</strong></span> <span class='ocrx_word' id='word_1_154' title='bbox 956 2610 1058 2654; x_wconf 90' lang='lat' dir='ltr'><strong>annos</strong></span> <span class='ocrx_word' id='word_1_155' title='bbox 1069 2591 1150 2675; x_wconf 83' lang='lat' dir='ltr'><strong>duos</strong></span> <span class='ocrx_word' id='word_1_156' title='bbox 1164 2591 1309 2674; x_wconf 87' lang='lat' dir='ltr'><strong>pustulas</strong></span> <span class='ocrx_word' id='word_1_157' title='bbox 1324 2589 1418 2652; x_wconf 91' lang='lat' dir='ltr'><strong>emit·</strong></span> 
     </span>
     <span class='ocr_line' id='line_1_20' title="bbox 320 2684 1418 2776; baseline 0.007 -31"><span class='ocrx_word' id='word_1_158' title='bbox 320 2689 427 2747; x_wconf 88' lang='lat' dir='ltr'><strong>terent</strong></span> <span class='ocrx_word' id='word_1_159' title='bbox 442 2684 550 2750; x_wconf 90' lang='lat' dir='ltr'><strong>minus</strong></span> <span class='ocrx_word' id='word_1_160' title='bbox 565 2708 602 2751; x_wconf 87' lang='lat' dir='ltr'><strong>ac</strong></span> <span class='ocrx_word' id='word_1_161' title='bbox 617 2689 724 2753; x_wconf 92' lang='lat' dir='ltr'><strong>minus</strong></span> <span class='ocrx_word' id='word_1_162' title='bbox 738 2691 943 2774; x_wconf 84' lang='lat' dir='ltr'><strong>nigricantes,</strong></span> <span class='ocrx_word' id='word_1_163' title='bbox 955 2693 1092 2776; x_wconf 89' lang='lat' dir='ltr'><strong>majores</strong></span> <span class='ocrx_word' id='word_1_164' title='bbox 1106 2692 1237 2774; x_wconf 90' lang='lat' dir='ltr'><strong>insuper</strong></span> <span class='ocrx_word' id='word_1_165' title='bbox 1251 2689 1370 2754; x_wconf 91' lang='lat' dir='ltr'><strong>sensim</strong></span> <span class='ocrx_word' id='word_1_166' title='bbox 1385 2696 1418 2753; x_wconf 91' lang='lat' dir='ltr'><strong>et</strong></span> 
     </span>
     <span class='ocr_line' id='line_1_21' title="bbox 321 2785 1418 2878; baseline 0.005 -31"><span class='ocrx_word' id='word_1_167' title='bbox 321 2785 468 2868; x_wconf 87' lang='lat' dir='ltr'><strong>majores,</strong></span> <span class='ocrx_word' id='word_1_168' title='bbox 481 2787 582 2854; x_wconf 91' lang='lat' dir='ltr'><strong>donec</strong></span> <span class='ocrx_word' id='word_1_169' title='bbox 597 2790 656 2856; x_wconf 91' lang='lat' dir='ltr'><strong>sub</strong></span> <span class='ocrx_word' id='word_1_170' title='bbox 671 2793 770 2856; x_wconf 87' lang='lat' dir='ltr'><strong>finem</strong></span> <span class='ocrx_word' id='word_1_171' title='bbox 785 2795 863 2858; x_wconf 89' lang='lat' dir='ltr'><strong>anni</strong></span> <span class='ocrx_word' id='word_1_172' title='bbox 880 2795 964 2860; x_wconf 87' lang='grc'><strong>1673</strong></span> <span class='ocrx_word' id='word_1_173' title='bbox 979 2815 1037 2878; x_wconf 91' lang='lat' dir='ltr'><strong>pro</strong></span> <span class='ocrx_word' id='word_1_174' title='bbox 1052 2793 1168 2877; x_wconf 88' lang='lat' dir='ltr'><strong>speciei</strong></span> <span class='ocrx_word' id='word_1_175' title='bbox 1182 2793 1307 2857; x_wconf 90' lang='lat' dir='ltr'><strong>ratione</strong></span> <span class='ocrx_word' id='word_1_176' title='bbox 1321 2791 1418 2853; x_wconf 88' lang='lat' dir='ltr'><strong>mites</strong></span> 
     </span>
     <span class='ocr_line' id='line_1_22' title="bbox 321 2891 1418 2980; baseline 0.004 -30"><span class='ocrx_word' id='word_1_177' title='bbox 321 2895 428 2952; x_wconf 87' lang='lat' dir='ltr'><strong>essent</strong></span> <span class='ocrx_word' id='word_1_178' title='bbox 443 2897 477 2953; x_wconf 92' lang='lat' dir='ltr'><strong>et</strong></span> <span class='ocrx_word' id='word_1_179' title='bbox 493 2891 671 2976; x_wconf 80' lang='lat' dir='ltr'><strong>benignae3</strong></span> <span class='ocrx_word' id='word_1_180' title='bbox 690 2895 759 2978; x_wconf 88' lang='lat' dir='ltr'><strong>jam</strong></span> <span class='ocrx_word' id='word_1_181' title='bbox 773 2903 902 2980; x_wconf 89' lang='lat' dir='ltr'><strong>recepta</strong></span> <span class='ocrx_word' id='word_1_182' title='bbox 922 2897 1059 2980; x_wconf 91' lang='lat' dir='ltr'><strong>pristina</strong></span> <span class='ocrx_word' id='word_1_183' title='bbox 1072 2895 1209 2972; x_wconf 85' lang='lat' dir='ltr'><strong>feritate,</strong></span> <span class='ocrx_word' id='word_1_184' title='bbox 1222 2901 1255 2957; x_wconf 92' lang='grc'><strong>61</strong></span> <span class='ocrx_word' id='word_1_185' title='bbox 1272 2892 1418 2976; x_wconf 89' lang='lat' dir='ltr'><strong>pessimis</strong></span> 
     </span>
     <span class='ocr_line' id='line_1_23' title="bbox 322 2994 1417 3080; baseline 0.005 -27"><span class='ocrx_word' id='word_1_186' title='bbox 322 2995 544 3074; x_wconf 81' lang='lat' dir='ltr'><strong>symptomatis</strong></span> <span class='ocrx_word' id='word_1_187' title='bbox 559 2997 705 3080; x_wconf 88' lang='lat' dir='ltr'><strong>stipatae,</strong></span> <span class='ocrx_word' id='word_1_188' title='bbox 720 2999 973 3064; x_wconf 84' lang='lat' dir='ltr'><strong>revertebantur.</strong></span> <span class='ocrx_word' id='word_1_189' title='bbox 1018 2997 1160 3061; x_wconf 84' lang='lat' dir='ltr'><strong>Invaluit</strong></span> <span class='ocrx_word' id='word_1_190' title='bbox 1174 2996 1253 3059; x_wconf 89' lang='lat' dir='ltr'><strong>haec</strong></span> <span class='ocrx_word' id='word_1_191' title='bbox 1272 2994 1417 3058; x_wconf 85' lang='lat' dir='ltr'><strong>Variola·</strong></span> 
     </span>
     <span class='ocr_line' id='line_1_24' title="bbox 321 3097 1418 3184; baseline 0.003 -27"><span class='ocrx_word' id='word_1_192' title='bbox 321 3113 394 3157; x_wconf 90' lang='lat' dir='ltr'><strong>rum</strong></span> <span class='ocrx_word' id='word_1_193' title='bbox 409 3097 528 3178; x_wconf 86' lang='lat' dir='ltr'><strong>species</strong></span> <span class='ocrx_word' id='word_1_194' title='bbox 543 3107 700 3164; x_wconf 89' lang='lat' dir='ltr'><strong>autumno</strong></span> <span class='ocrx_word' id='word_1_195' title='bbox 717 3102 872 3184; x_wconf 84' lang='lat' dir='ltr'><strong>proximo,</strong></span> <span class='ocrx_word' id='word_1_196' title='bbox 886 3102 1015 3184; x_wconf 84' lang='lat' dir='ltr'><strong>longius</strong></span> <span class='ocrx_word' id='word_1_197' title='bbox 1034 3101 1133 3164; x_wconf 88' lang='lat' dir='ltr'><strong>etiam</strong></span> <span class='ocrx_word' id='word_1_198' title='bbox 1146 3099 1183 3162; x_wconf 94' lang='lat' dir='ltr'><strong>in</strong></span> <span class='ocrx_word' id='word_1_199' title='bbox 1196 3097 1345 3184; x_wconf 80' lang='lat' dir='ltr'><strong>hyemem</strong></span> <span class='ocrx_word' id='word_1_200' title='bbox 1364 3117 1418 3161; x_wconf 84' lang='lat' dir='ltr'><strong>ex·</strong></span> 
     </span>
     <span class='ocr_line' id='line_1_25' title="bbox 322 3199 1418 3282; baseline 0.004 -22"><span class='ocrx_word' id='word_1_201' title='bbox 322 3217 463 3277; x_wconf 89' lang='lat' dir='ltr'><strong>currens,</strong></span> <span class='ocrx_word' id='word_1_202' title='bbox 476 3221 565 3282; x_wconf 90' lang='lat' dir='ltr'><strong>quae,</strong></span> <span class='ocrx_word' id='word_1_203' title='bbox 578 3223 652 3266; x_wconf 91' lang='lat' dir='ltr'><strong>cum</strong></span> <span class='ocrx_word' id='word_1_204' title='bbox 668 3203 768 3267; x_wconf 90' lang='lat' dir='ltr'><strong>solitis</strong></span> <span class='ocrx_word' id='word_1_205' title='bbox 783 3205 915 3269; x_wconf 87' lang='lat' dir='ltr'><strong>calidior</strong></span> <span class='ocrx_word' id='word_1_206' title='bbox 925 3204 1030 3268; x_wconf 92' lang='lat' dir='ltr'><strong>multo</strong></span> <span class='ocrx_word' id='word_1_207' title='bbox 1044 3211 1136 3282; x_wconf 88' lang='lat' dir='ltr'><strong>esset,</strong></span> <span class='ocrx_word' id='word_1_208' title='bbox 1151 3201 1264 3266; x_wconf 87' lang='lat' dir='ltr'><strong>morbo</strong></span> <span class='ocrx_word' id='word_1_209' title='bbox 1273 3199 1418 3279; x_wconf 84' lang='lat' dir='ltr'><strong>favebat;</strong></span> 
     </span>
     <span class='ocr_line' id='line_1_26' title="bbox 321 3303 1420 3391; baseline 0.008 -30"><span class='ocrx_word' id='word_1_210' title='bbox 321 3309 493 3384; x_wconf 87' lang='lat' dir='ltr'><strong>appetente</strong></span> <span class='ocrx_word' id='word_1_211' title='bbox 507 3325 582 3369; x_wconf 89' lang='lat' dir='ltr'><strong>vcro</strong></span> <span class='ocrx_word' id='word_1_212' title='bbox 596 3313 788 3390; x_wconf 87' lang='lat' dir='ltr'><strong>tempestate</strong></span> <span class='ocrx_word' id='word_1_213' title='bbox 802 3307 967 3391; x_wconf 84' lang='lat' dir='ltr'><strong>frigidiore</strong></span> <span class='ocrx_word' id='word_1_214' title='bbox 981 3307 1156 3372; x_wconf 89' lang='lat' dir='ltr'><strong>imminuta</strong></span> <span class='ocrx_word' id='word_1_215' title='bbox 1169 3313 1229 3384; x_wconf 88' lang='lat' dir='ltr'><strong>est,</strong></span> <span class='ocrx_word' id='word_1_216' title='bbox 1244 3303 1339 3368; x_wconf 86' lang='lat' dir='ltr'><strong>Febri</strong></span> <span class='ocrx_word' id='word_1_217' title='bbox 1349 3305 1420 3389; x_wconf 82' lang='lat' dir='ltr'><strong>jam</strong></span> 
     </span>
     <span class='ocr_line' id='line_1_27' title="bbox 321 3405 828 3485; baseline 0.016 -19"><span class='ocrx_word' id='word_1_218' title='bbox 321 3406 481 3485; x_wconf 86' lang='lat' dir='ltr'><strong>grassanti</strong></span> <span class='ocrx_word' id='word_1_219' title='bbox 494 3427 569 3470; x_wconf 85' lang='lat' dir='ltr'><strong>mox</strong></span> <span class='ocrx_word' id='word_1_220' title='bbox 579 3405 685 3472; x_wconf 91' lang='lat' dir='ltr'><strong>locum</strong></span> <span class='ocrx_word' id='word_1_221' title='bbox 701 3409 828 3474; x_wconf 89' lang='lat' dir='ltr'><strong>cedens.</strong></span> 
     </span>
    </p>

    <p class='ocr_par' dir='ltr' id='par_1_5' title="bbox 316 3507 1572 4802">
     <span class='ocr_line' id='line_1_28' title="bbox 369 3507 1549 3597; baseline 0.006 -28"><span class='ocrx_word' id='word_1_222' title='bbox 369 3507 432 3590; x_wconf 87' lang='grc'><strong>[5.]</strong></span> <span class='ocrx_word' id='word_1_223' title='bbox 460 3508 570 3572; x_wconf 84' lang='lat' dir='ltr'><strong>Febris</strong></span> <span class='ocrx_word' id='word_1_224' title='bbox 592 3510 682 3590; x_wconf 91' lang='lat' dir='ltr'><strong>haec,</strong></span> <span class='ocrx_word' id='word_1_225' title='bbox 704 3533 784 3594; x_wconf 90' lang='grc'><strong>6666</strong></span> <span class='ocrx_word' id='word_1_226' title='bbox 806 3533 865 3595; x_wconf 91' lang='lat' dir='ltr'><strong>per</strong></span> <span class='ocrx_word' id='word_1_227' title='bbox 889 3535 1013 3577; x_wconf 87' lang='lat' dir='ltr'><strong>annum</strong></span> <span class='ocrx_word' id='word_1_228' title='bbox 1036 3520 1253 3597; x_wconf 83' lang='lat' dir='ltr'><strong>perseverarat</strong></span> <span class='ocrx_word' id='word_1_229' title='bbox 1278 3531 1417 3590; x_wconf 91' lang='lat' dir='ltr'><strong>omnem,</strong></span> <span class='ocrx_word' id='word_1_230' title='bbox 1461 3519 1549 3579; x_wconf 84' lang='grc'><strong>1675.</strong></span> 
     </span>
     <span class='ocr_line' id='line_1_29' title="bbox 320 3601 1572 3699; baseline 0.006 -27"><span class='ocrx_word' id='word_1_231' title='bbox 320 3608 415 3674; x_wconf 89' lang='grc'><strong>161116</strong></span> <span class='ocrx_word' id='word_1_232' title='bbox 430 3610 451 3672; x_wconf 88' lang='lat' dir='ltr'>J</span> <span class='ocrx_word' id='word_1_233' title='bbox 452 3611 520 3690; x_wconf 92' lang='lat' dir='ltr'><strong>ulii,</strong></span> <span class='ocrx_word' id='word_1_234' title='bbox 534 3613 736 3697; x_wconf 82' lang='lat' dir='ltr'><strong>1675,10nge</strong></span> <span class='ocrx_word' id='word_1_235' title='bbox 750 3615 878 3699; x_wconf 88' lang='lat' dir='ltr'><strong>lateque</strong></span> <span class='ocrx_word' id='word_1_236' title='bbox 892 3615 1086 3699; x_wconf 90' lang='lat' dir='ltr'><strong>depopulata</strong></span> <span class='ocrx_word' id='word_1_237' title='bbox 1099 3624 1168 3694; x_wconf 78' lang='lat' dir='ltr'><strong>est3</strong></span> <span class='ocrx_word' id='word_1_238' title='bbox 1192 3615 1247 3679; x_wconf 88' lang='lat' dir='ltr'><strong>sed</strong></span> <span class='ocrx_word' id='word_1_239' title='bbox 1262 3611 1418 3679; x_wconf 86' lang='lat' dir='ltr'><strong>autumno</strong></span> <span class='ocrx_word' id='word_1_240' title='bbox 1430 3601 1572 3613; x_wconf 56' lang='lat'><strong>—’</strong></span> 
     </span>
     <span class='ocr_line' id='line_1_30' title="bbox 316 3711 1419 3802; baseline 0.005 -28"><span class='ocrx_word' id='word_1_241' title='bbox 316 3711 386 3795; x_wconf 87' lang='lat' dir='ltr'><strong>jam</strong></span> <span class='ocrx_word' id='word_1_242' title='bbox 408 3715 740 3798; x_wconf 80' lang='lat' dir='ltr'><strong>appropinquantem</strong></span> <span class='ocrx_word' id='word_1_243' title='bbox 762 3718 883 3782; x_wconf 88' lang='lat' dir='ltr'><strong>viscera</strong></span> <span class='ocrx_word' id='word_1_244' title='bbox 901 3719 1007 3802; x_wconf 92' lang='lat' dir='ltr'><strong>coepit</strong></span> <span class='ocrx_word' id='word_1_245' title='bbox 1028 3720 1179 3797; x_wconf 85' lang='lat' dir='ltr'><strong>converti,</strong></span> <span class='ocrx_word' id='word_1_246' title='bbox 1193 3738 1281 3781; x_wconf 91' lang='lat' dir='ltr'><strong>nuuc</strong></span> <span class='ocrx_word' id='word_1_247' title='bbox 1304 3717 1419 3801; x_wconf 88' lang='lat' dir='ltr'><strong>dysen-</strong></span> 
     </span>
     <span class='ocr_line' id='line_1_31' title="bbox 319 3815 1419 3904; baseline 0.007 -28"><span class='ocrx_word' id='word_1_248' title='bbox 319 3815 420 3879; x_wconf 87' lang='lat' dir='ltr'><strong>teriae</strong></span> <span class='ocrx_word' id='word_1_249' title='bbox 437 3819 669 3900; x_wconf 86' lang='lat' dir='ltr'><strong>symptomatis,</strong></span> <span class='ocrx_word' id='word_1_250' title='bbox 682 3841 770 3884; x_wconf 92' lang='lat' dir='ltr'><strong>nunc</strong></span> <span class='ocrx_word' id='word_1_251' title='bbox 782 3819 967 3885; x_wconf 82' lang='lat' dir='ltr'><strong>diarrhoeae</strong></span> <span class='ocrx_word' id='word_1_252' title='bbox 982 3843 1016 3885; x_wconf 91' lang='lat' dir='ltr'><strong>se</strong></span> <span class='ocrx_word' id='word_1_253' title='bbox 1029 3821 1177 3904; x_wconf 88' lang='lat' dir='ltr'><strong>prodens,</strong></span> <span class='ocrx_word' id='word_1_254' title='bbox 1188 3820 1264 3884; x_wconf 92' lang='lat' dir='ltr'><strong>licet</strong></span> <span class='ocrx_word' id='word_1_255' title='bbox 1275 3819 1419 3904; x_wconf 88' lang='lat' dir='ltr'><strong>quando·</strong></span> 
     </span>
     <span class='ocr_line' id='line_1_32' title="bbox 320 3919 1419 4008; baseline 0.005 -28"><span class='ocrx_word' id='word_1_256' title='bbox 320 3937 383 4000; x_wconf 89' lang='lat' dir='ltr'><strong>que</strong></span> <span class='ocrx_word' id='word_1_257' title='bbox 409 3939 514 4002; x_wconf 90' lang='lat' dir='ltr'><strong>neque</strong></span> <span class='ocrx_word' id='word_1_258' title='bbox 538 3919 623 3985; x_wconf 91' lang='lat' dir='ltr'><strong>hanc</strong></span> <span class='ocrx_word' id='word_1_259' title='bbox 649 3921 782 3986; x_wconf 88' lang='lat' dir='ltr'><strong>haberet</strong></span> <span class='ocrx_word' id='word_1_260' title='bbox 806 3923 967 4002; x_wconf 89' lang='lat' dir='ltr'><strong>comitem,</strong></span> <span class='ocrx_word' id='word_1_261' title='bbox 989 3945 1095 4008; x_wconf 90' lang='lat' dir='ltr'><strong>neque</strong></span> <span class='ocrx_word' id='word_1_262' title='bbox 1118 3924 1217 4000; x_wconf 86' lang='lat' dir='ltr'><strong>illam,</strong></span> <span class='ocrx_word' id='word_1_263' title='bbox 1240 3922 1297 3986; x_wconf 89' lang='lat' dir='ltr'><strong>sed</strong></span> <span class='ocrx_word' id='word_1_264' title='bbox 1321 3929 1419 4005; x_wconf 89' lang='lat' dir='ltr'><strong>caput</strong></span> 
     </span>
     <span class='ocr_line' id='line_1_33' title="bbox 318 4020 1418 4109; baseline 0.005 -27"><span class='ocrx_word' id='word_1_265' title='bbox 318 4020 423 4102; x_wconf 84' lang='lat' dir='ltr'><strong>magis</strong></span> <span class='ocrx_word' id='word_1_266' title='bbox 437 4021 595 4101; x_wconf 90' lang='lat' dir='ltr'><strong>tentabat,</strong></span> <span class='ocrx_word' id='word_1_267' title='bbox 612 4023 803 4108; x_wconf 86' lang='lat' dir='ltr'><strong>stupidiores</strong></span> <span class='ocrx_word' id='word_1_268' title='bbox 813 4025 950 4088; x_wconf 89' lang='lat' dir='ltr'><strong>reddens</strong></span> <span class='ocrx_word' id='word_1_269' title='bbox 966 4047 1087 4109; x_wconf 83' lang='lat' dir='ltr'><strong>aegros.</strong></span> <span class='ocrx_word' id='word_1_270' title='bbox 1121 4025 1270 4088; x_wconf 87' lang='lat' dir='ltr'><strong>Variolae</strong></span> <span class='ocrx_word' id='word_1_271' title='bbox 1284 4024 1418 4101; x_wconf 89' lang='lat' dir='ltr'><strong>interea,</strong></span> 
     </span>
     <span class='ocr_line' id='line_1_34' title="bbox 319 4123 1420 4208; baseline 0.003 -24"><span class='ocrx_word' id='word_1_272' title='bbox 319 4143 402 4204; x_wconf 89' lang='lat' dir='ltr'><strong>quae</strong></span> <span class='ocrx_word' id='word_1_273' title='bbox 423 4123 492 4205; x_wconf 87' lang='lat' dir='ltr'><strong>jam</strong></span> <span class='ocrx_word' id='word_1_274' title='bbox 517 4125 670 4206; x_wconf 88' lang='lat' dir='ltr'><strong>pauculos</strong></span> <span class='ocrx_word' id='word_1_275' title='bbox 694 4127 868 4191; x_wconf 91' lang='lat' dir='ltr'><strong>hincinde</strong></span> <span class='ocrx_word' id='word_1_276' title='bbox 892 4126 1074 4206; x_wconf 86' lang='lat' dir='ltr'><strong>affecerant,</strong></span> <span class='ocrx_word' id='word_1_277' title='bbox 1096 4126 1156 4189; x_wconf 91' lang='lat' dir='ltr'><strong>sub</strong></span> <span class='ocrx_word' id='word_1_278' title='bbox 1180 4125 1420 4208; x_wconf 87' lang='lat' dir='ltr'><strong>aequinoctium</strong></span> 
     </span>
     <span class='ocr_line' id='line_1_35' title="bbox 319 4225 1418 4312; baseline 0.003 -26"><span class='ocrx_word' id='word_1_279' title='bbox 319 4225 507 4288; x_wconf 86' lang='lat' dir='ltr'><strong>autumnale</strong></span> <span class='ocrx_word' id='word_1_280' title='bbox 529 4227 659 4308; x_wconf 88' lang='lat' dir='ltr'><strong>penitus</strong></span> <span class='ocrx_word' id='word_1_281' title='bbox 681 4228 897 4312; x_wconf 88' lang='lat' dir='ltr'><strong>disparebant,</strong></span> <span class='ocrx_word' id='word_1_282' title='bbox 919 4230 974 4292; x_wconf 86' lang='lat' dir='ltr'><strong>vix</strong></span> <span class='ocrx_word' id='word_1_283' title='bbox 998 4250 1103 4291; x_wconf 90' lang='lat' dir='ltr'><strong>unum</strong></span> <span class='ocrx_word' id='word_1_284' title='bbox 1124 4227 1299 4289; x_wconf 88' lang='lat' dir='ltr'><strong>alterumve</strong></span> <span class='ocrx_word' id='word_1_285' title='bbox 1320 4226 1418 4307; x_wconf 83' lang='lat' dir='ltr'><strong>jugu-</strong></span> 
     </span>
     <span class='ocr_line' id='line_1_36' title="bbox 317 4325 1419 4411; baseline 0 -24"><span class='ocrx_word' id='word_1_286' title='bbox 317 4325 433 4388; x_wconf 89' lang='lat' dir='ltr'><strong>lantes.</strong></span> <span class='ocrx_word' id='word_1_287' title='bbox 479 4327 500 4389; x_wconf 92' lang='lat' dir='ltr'><strong>J</strong></span> <span class='ocrx_word' id='word_1_288' title='bbox 502 4349 554 4390; x_wconf 92' lang='lat' dir='ltr'><strong>am</strong></span> <span class='ocrx_word' id='word_1_289' title='bbox 569 4329 656 4390; x_wconf 92' lang='lat' dir='ltr'><strong>enim</strong></span> <span class='ocrx_word' id='word_1_290' title='bbox 671 4331 781 4394; x_wconf 85' lang='lat' dir='ltr'><strong>Febris</strong></span> <span class='ocrx_word' id='word_1_291' title='bbox 797 4331 874 4395; x_wconf 90' lang='lat' dir='ltr'><strong>alios</strong></span> <span class='ocrx_word' id='word_1_292' title='bbox 888 4331 1019 4393; x_wconf 90' lang='lat' dir='ltr'><strong>vincens</strong></span> <span class='ocrx_word' id='word_1_293' title='bbox 1033 4327 1225 4411; x_wconf 90' lang='lat' dir='ltr'><strong>epidemicos</strong></span> <span class='ocrx_word' id='word_1_294' title='bbox 1236 4325 1314 4388; x_wconf 93' lang='lat' dir='ltr'><strong>anni</strong></span> <span class='ocrx_word' id='word_1_295' title='bbox 1327 4345 1419 4408; x_wconf 87' lang='lat' dir='ltr'><strong>prae-</strong></span> 
     </span>
     <span class='ocr_line' id='line_1_37' title="bbox 317 4427 1417 4512; baseline 0.003 -22"><span class='ocrx_word' id='word_1_296' title='bbox 317 4427 461 4491; x_wconf 92' lang='lat' dir='ltr'><strong>dominio</strong></span> <span class='ocrx_word' id='word_1_297' title='bbox 490 4429 682 4512; x_wconf 87' lang='lat' dir='ltr'><strong>potiebatur.</strong></span> <span class='ocrx_word' id='word_1_298' title='bbox 728 4433 973 4497; x_wconf 82' lang='lat' dir='ltr'><strong>Observandum</strong></span> <span class='ocrx_word' id='word_1_299' title='bbox 1002 4438 1051 4495; x_wconf 91' lang='lat' dir='ltr'><strong>cst</strong></span> <span class='ocrx_word' id='word_1_300' title='bbox 1079 4429 1297 4506; x_wconf 91' lang='lat' dir='ltr'><strong>nihilominus,</strong></span> <span class='ocrx_word' id='word_1_301' title='bbox 1321 4427 1417 4512; x_wconf 91' lang='lat' dir='ltr'><strong>quod,</strong></span> 
     </span>
     <span class='ocr_line' id='line_1_38' title="bbox 317 4530 1418 4613; baseline 0.002 -21"><span class='ocrx_word' id='word_1_302' title='bbox 317 4550 394 4592; x_wconf 89' lang='lat' dir='ltr'><strong>cum</strong></span> <span class='ocrx_word' id='word_1_303' title='bbox 422 4531 591 4613; x_wconf 83' lang='lat' dir='ltr'><strong>proclivior</strong></span> <span class='ocrx_word' id='word_1_304' title='bbox 620 4541 702 4596; x_wconf 88' lang='lat' dir='ltr'><strong>esset</strong></span> <span class='ocrx_word' id='word_1_305' title='bbox 727 4535 838 4598; x_wconf 85' lang='lat' dir='ltr'><strong>Febris</strong></span> <span class='ocrx_word' id='word_1_306' title='bbox 863 4534 943 4598; x_wconf 85' lang='lat' dir='ltr'><strong>haec</strong></span> <span class='ocrx_word' id='word_1_307' title='bbox 967 4533 1136 4597; x_wconf 89' lang='lat' dir='ltr'><strong>materiam</strong></span> <span class='ocrx_word' id='word_1_308' title='bbox 1158 4530 1357 4597; x_wconf 89' lang='lat' dir='ltr'><strong>morbificam</strong></span> <span class='ocrx_word' id='word_1_309' title='bbox 1381 4531 1418 4594; x_wconf 92' lang='lat' dir='ltr'><strong>in</strong></span> 
     </span>
     <span class='ocr_line' id='line_1_39' title="bbox 316 4631 1551 4736; baseline 0.003 -42"><span class='ocrx_word' id='word_1_310' title='bbox 316 4632 439 4695; x_wconf 90' lang='lat' dir='ltr'><strong>viscera</strong></span> <span class='ocrx_word' id='word_1_311' title='bbox 452 4631 622 4714; x_wconf 88' lang='lat' dir='ltr'><strong>deponere,</strong></span> <span class='ocrx_word' id='word_1_312' title='bbox 635 4655 715 4715; x_wconf 87' lang='lat' dir='ltr'><strong>quae</strong></span> <span class='ocrx_word' id='word_1_313' title='bbox 727 4636 842 4720; x_wconf 86' lang='lat' dir='ltr'><strong>dyseut</strong></span> <span class='ocrx_word' id='word_1_314' title='bbox 843 4636 942 4700; x_wconf 89' lang='lat' dir='ltr'><strong>eriam</strong></span> <span class='ocrx_word' id='word_1_315' title='bbox 958 4635 1157 4719; x_wconf 91' lang='lat' dir='ltr'><strong>quandoque,</strong></span> <span class='ocrx_word' id='word_1_316' title='bbox 1168 4634 1292 4718; x_wconf 89' lang='lat' dir='ltr'><strong>saepius</strong></span> <span class='ocrx_word' id='word_1_317' title='bbox 1307 4641 1416 4698; x_wconf 89' lang='lat' dir='ltr'><strong>autem</strong></span> <span class='ocrx_word' id='word_1_318' title='bbox 1431 4659 1514 4736; x_wconf 62' lang='grc'><strong>6666</strong></span> <span class='ocrx_word' id='word_1_319' title='bbox 1473 4665 1551 4705; x_wconf 69' lang='grc'><strong>666</strong></span> 
     </span>
     <span class='ocr_line' id='line_1_40' title="bbox 318 4722 1568 4814; baseline 0.003 -15"><span class='ocrx_word' id='word_1_320' title='bbox 318 4735 530 4810; x_wconf 80' lang='lat' dir='ltr'><strong>diarrhoeam,</strong></span> <span class='ocrx_word' id='word_1_321' title='bbox 546 4733 714 4814; x_wconf 80' lang='lat' dir='ltr'><strong>excitabat,</strong></span> <span class='ocrx_word' id='word_1_322' title='bbox 730 4759 769 4802; x_wconf 88' lang='lat' dir='ltr'><strong>ex</strong></span> <span class='ocrx_word' id='word_1_323' title='bbox 791 4739 851 4801; x_wconf 91' lang='lat' dir='ltr'><strong>hac</strong></span> <span class='ocrx_word' id='word_1_324' title='bbox 871 4739 1035 4802; x_wconf 87' lang='lat' dir='ltr'><strong>occasione</strong></span> <span class='ocrx_word' id='word_1_325' title='bbox 1050 4739 1170 4801; x_wconf 92' lang='lat' dir='ltr'><strong>ventris</strong></span> <span class='ocrx_word' id='word_1_326' title='bbox 1191 4739 1331 4802; x_wconf 88' lang='lat' dir='ltr'><strong>tormina</strong></span> <span class='ocrx_word' id='word_1_327' title='bbox 1346 4741 1450 4802; x_wconf 84' lang='lat' dir='ltr'><strong>eam&#39;</strong></span> <span class='ocrx_word' id='word_1_328' title='bbox 1430 4722 1568 4772; x_wconf 62' lang='lat' dir='ltr'><strong>W‘dm&#39;</strong></span> 
     </span>
    </p>
   </div>
   <div class='ocr_carea' id='block_1_3' title="bbox 319 4789 1562 4922">
    <p class='ocr_par' dir='ltr' id='par_1_6' title="bbox 319 4789 1562 4922">
     <span class='ocr_line' id='line_1_41' title="bbox 319 4789 1562 4922; baseline -0.002 -21"><span class='ocrx_word' id='word_1_329' title='bbox 319 4837 455 4902; x_wconf 88' lang='lat' dir='ltr'><strong>edidisse</strong></span> <span class='ocrx_word' id='word_1_330' title='bbox 478 4841 617 4914; x_wconf 82' lang='lat' dir='ltr'><strong>stragem</strong></span> <span class='ocrx_word' id='word_1_331' title='bbox 642 4836 736 4920; x_wconf 84' lang='lat' dir='ltr'><strong>vulgo</strong></span> <span class='ocrx_word' id='word_1_332' title='bbox 758 4839 965 4922; x_wconf 88' lang='lat' dir='ltr'><strong>putabantur,</strong></span> <span class='ocrx_word' id='word_1_333' title='bbox 989 4861 1071 4922; x_wconf 90' lang='lat' dir='ltr'><strong>quae</strong></span> <span class='ocrx_word' id='word_1_334' title='bbox 1096 4839 1191 4903; x_wconf 90' lang='lat' dir='ltr'><strong>Febri</strong></span> <span class='ocrx_word' id='word_1_335' title='bbox 1212 4839 1288 4902; x_wconf 91' lang='lat' dir='ltr'><strong>huic</strong></span> <span class='ocrx_word' id='word_1_336' title='bbox 1310 4860 1418 4902; x_wconf 89' lang='lat' dir='ltr'><strong>revera</strong></span> <span class='ocrx_word' id='word_1_337' title='bbox 1430 4789 1562 4911; x_wconf 64' lang='grc'><strong>116616-</strong></span> <span class='ocrx_word' id='word_1_338' title='bbox 1489 4799 1558 4832; x_wconf 83' lang='lat' dir='ltr'><strong>ro</strong></span> 
     </span>
    </p>
   </div>
   <div class='ocr_carea' id='block_1_4' title="bbox 0 0 1921 5759">
    <p class='ocr_par' dir='ltr' id='par_1_7' title="bbox 0 0 1921 5759">
     <span class='ocr_line' id='line_1_42' title="bbox 0 0 1921 5759; baseline 0 0"><span class='ocrx_word' id='word_1_339' title='bbox 0 0 1921 5759; x_wconf 95' lang='lat' dir='ltr'><strong> </strong></span> 
     </span>
    </p>
   </div>
  </div>
 </body>
</html>
