3825 5759
556 664 801 730 SCHEDULA
823 663 1089 730 MONITORIA
1111 664 1140 729 I.
1335 665 1400 727 499

298 826 429 905 dianam
453 822 654 910 aliquatenus
673 826 837 890 imitatur:
874 826 932 890 ubi
955 848 1031 890 vero
1049 825 1207 890 tertianae
1227 826 1397 908 genuinae,
1411 837 1552 887 Dauovar

297 931 348 994 vel
368 930 500 993 alternis
524 928 637 993 diebus
656 929 847 1008 invadentis,
863 936 960 1014 typus
981 928 1150 1012 reperitur,
1166 934 1275 992 cortex
1298 903 1547 1015 Peru-1333„

297 1034 411 1097 vianus
436 1031 569 1114 perinde
594 1031 690 1095 hodie
716 1036 813 1113 atque
839 1031 915 1094 olim
938 1031 1042 1113 aegris
1067 1031 1255 1114 opitulatur.
1299 1029 1549 1094 Unde-‘'-

296 1134 419 1217 liquido
441 1138 578 1211 constat,
598 1132 683 1197 hanc
705 1134 842 1196 Febrem
864 1133 903 1197 ab
925 1134 997 1196 istis
1011 1132 1262 1196 Constitutionis
1284 1132 1397 1214 prioris

297 1243 368 1301 toto
391 1236 478 1299 coelo
500 1235 639 1313 distare;
673 1256 749 1299 cum
769 1255 812 1297 ne
833 1234 936 1297 hilum
960 1234 1088 1318 quidem
1113 1234 1239 1298 corticis
1259 1256 1323 1298 usu
1344 1236 1397 1299 hic

297 1339 510 1421 proficiamus,
527 1360 664 1421 eumque
685 1339 764 1402 haee
784 1360 803 1401 a
820 1338 893 1409 vino
913 1344 945 1401 et
963 1338 1115 1401 cardiacis
1135 1338 1267 1420 aliisque
1286 1338 1397 1402 calidis

298 1447 503 1524 exasperetur
522 1441 642 1523 magis;
681 1440 796 1523 quibus
820 1439 971 1503 omnibus
993 1460 1067 1503 cum
1090 1440 1217 1504 corticis
1235 1462 1299 1504 usu
1319 1441 1396 1504 olim

299 1542 376 1605 satis
391 1541 610 1620 conveniebat,
626 1542 705 1625 quin
719 1550 752 1605 et
766 1563 841 1606 cum
855 1542 924 1625 ipsa
938 1541 1051 1606 Febre.

348 1640 432 1727 [aa]
456 1642 556 1705 Porro
571 1642 751 1705 notandum
769 1648 828 1721 est,
845 1643 940 1726 quod,
957 1650 1122 1725 grassante
1135 1642 1197 1708 hac
1212 1644 1325 1723 Febre,
1339 1666 1398 1729 per
1410 1659 1512 1711 Moram

298 1751 455 1809 aestatem
472 1764 603 1807 omnem
620 1744 770 1825 (maxime
789 1744 878 1807 illam
894 1746 973 1808 anni
983 1746 1053 1829 jam
1067 1747 1248 1829 currentia)
1265 1747 1397 1811 morbus
1409 1724 1554 1839 ξξηζζζζζζ

298 1868 449 1933 persaepe
467 1868 536 1911 non
556 1853 626 1910 tam
644 1848 945 1929 pathognomonicis
967 1848 1064 1912 febris
1085 1850 1185 1933 signis
1203 1850 1318 1932 (calore
1338 1850 1396 1913 sci-
1410 1856 1539 1931 praecipue

298 1951 384 2029 licet,
395 1949 628 2033 inquietudine,
641 1950 726 2031 etc.,)
741 1970 838 2032 quam
848 1950 969 2014 ventris
982 1951 1185 2030 torminibus,
1196 1973 1285 2016 nunc
1296 1952 1397 2031 siccis,
1409 1920 1535 2033 {imi
1621 2036 1627 2045 ι

298 2073 387 2117 ιιιιιιο
416 2050 658 2136 dejectionibus,
686 2071 719 2114 se
745 2050 956 2116 ostendebat:
994 2074 1069 2117 cnm
1097 2054 1308 2118 nihilominus
1337 2054 1398 2118 sub
1411 2050 1461 2106 ‘¹12³

298 2156 360 2219 hac
373 2156 461 2218 larva
477 2155 547 2237 ipsa
563 2154 698 2237 hujusce
715 2155 916 2237 tempestatis
931 2155 1043 2219 Febris
1061 2156 1269 2237 delitesceret,
1285 2158 1321 2221 in
1335 2180 1400 2242 qua

300 2258 517 2322 exhalationes
532 2256 698 2339 sanguinis
713 2257 980 2323 inflammatoriae
995 2280 1062 2322 non
1076 2280 1135 2343 pro
1149 2280 1239 2323 more
1256 2260 1349 2324 solito
1363 2260 1400 2324 in

299 2366 468 2423 externum
495 2359 634 2441 corporis
659 2358 807 2422 habitum
837 2360 1119 2442 protrudebantur,
1142 2363 1199 2426 sed
1224 2364 1399 2428 introrsum

299 2483 357 2546 per
383 2462 515 2527 arterias
543 2462 769 2525 mesentericas
795 2462 831 2524 in
856 2462 978 2527 viscera
997 2464 1157 2529 inferioris
1178 2466 1309 2543 ventris,
1334 2465 1400 2528 sive

300 2565 465 2643 intestina,
481 2570 514 2629 et
534 2585 769 2645 nonnunquam
789 2564 887 2626 etiam
904 2585 963 2647 per
982 2566 1171 2628 arteriarum
1188 2566 1399 2629 coeliacorum

299 2690 406 2732 ramos
431 2668 466 2729 in
487 2666 702 2730 ventriculum
725 2666 988 2749 deponebantur,
1015 2688 1097 2749 quae
1119 2668 1249 2750 quidem
1271 2668 1399 2731 exhala-
1412 2686 1523 2733 itemvo

300 2770 404 2833 tiones
425 2769 700 2832 vomituritionem
726 2768 864 2831 excitare
890 2768 1004 2843 solent,
1026 2771 1196 2853 praecipue
1222 2771 1332 2833 statim
1357 2770 1398 2834 ab
1412 2751 1528 2863 {ffiffi'

300 2871 480 2953 ingestione
509 2870 574 2933 sive
606 2876 702 2953 potus
736 2869 802 2932 sive
838 2868 1031 2931 nutrimenti
1063 2871 1203 2953 cujusvis
1232 2871 1398 2937 solidioris.

302 2972 457 3039 Quamvis
486 2978 595 3035 autem
624 2972 703 3035 haec
729 2971 839 3035 Febris
869 2971 929 3035 sub
960 2971 1119 3035 dictorum
1148 2981 1400 3057 symptomatum

301 3075 405 3159 specie
427 3096 464 3139 ac
485 3074 589 3138 forma
608 3074 784 3152 delitescat,
805 3074 937 3137 omnino
959 3080 1069 3137 tamen
1092 3075 1236 3155 genuina
1255 3074 1312 3139 illa
1332 3096 1399 3139 rne-

300 3179 401 3243 thodo
425 3200 522 3261 quam
548 3199 645 3261 snpra
667 3176 813 3255 dedimus
839 3176 1055 3259 expugnanda
1076 3182 1134 3254 est,
1158 3174 1291 3259 perinde
1313 3198 1350 3240 ac
1372 3178 1400 3240 si

300 3282 420 3345 usitata
448 3280 546 3363 hujus
572 3278 682 3344 Febris
711 3278 792 3342 facie
817 3284 1025 3362 compareret,
1051 3278 1149 3360 idque
1176 3284 1246 3341 tam
1275 3279 1400 3343 ratione

300 3381 567 3467 venae-sectionis
597 3402 694 3464 quarn
722 3381 879 3464 repetitae
904 3381 1103 3445 catharseos:
1141 3381 1204 3445 nisi
1233 3383 1320 3469 quod
1347 3383 1400 3447 hic

301 3482 623 3547 animadvertendum
643 3483 695 3561 sit,
712 3482 807 3565 quod,
823 3482 947 3565 quoties
967 3482 1080 3547 Febris
1102 3505 1140 3548 eo
1158 3506 1262 3568 usque
1280 3486 1399 3549 ventri-

301 3584 410 3650 culum
429 3586 569 3663 infestet,
589 3592 627 3649 ut
651 3604 746 3668 aeger
769 3585 933 3667 potionem
954 3585 1094 3648 retinere
1113 3592 1262 3667 nequeat,
1281 3586 1401 3668 pilulae

300 3690 429 3754 cocbiae
443 3690 580 3773 majores
598 3690 691 3771 (quae
709 3688 751 3751 ad
770 3689 935 3771 scrupulos
955 3688 1036 3752 duos
1056 3688 1216 3753 exhibitae
1230 3710 1399 3772 nunquam

299 3814 367 3857 non
382 3794 570 3876 perviscera
584 3792 645 3855 sibi
660 3792 783 3855 exitum
797 3792 936 3874 parant)
954 3791 1025 3855 loco
1038 3792 1177 3874 potionis
1191 3792 1309 3855 leniter
1322 3814 1399 3875 pur-

300 3896 407 3977 gantis
419 3894 571 3959 substitui
581 3894 715 3978 possint.
761 3894 965 3957 Devorentur
973 3914 1048 3957 vero
1062 3894 1180 3975 pilulae
1193 3894 1274 3957 hora
1285 3903 1400 3976 quarta

300 3998 470 4074 matutina,
482 3997 528 4059 ita
541 4005 579 4059 nt
591 4018 686 4078 aeger
700 3996 944 4078 superdormiat.
975 3995 1059 4057 Tum
1074 3996 1171 4057 etiam
1185 3995 1399 4076 hypnoticum

301 4096 370 4159 dosi
394 4098 491 4179 paulo
511 4098 649 4179 largiore
672 4104 720 4160 est
741 4097 982 4159 concedendum
991 4121 1002 4173 3
1027 4095 1116 4158 verbi
1137 4096 1250 4176 gratia
1265 4097 1398 4159 laudaui

301 4196 393 4260 solidi
408 4198 621 4261 Londinensis
639 4198 882 4279 sesquigranum
902 4216 978 4259 cum
996 4196 1093 4259 simili
1110 4197 1292 4278 quantitate
1313 4218 1398 4259 mas.

300 4299 403 4362 tiches
418 4299 453 4361 in
469 4298 548 4361 duas
562 4297 678 4381 pilulas
692 4298 823 4361 redacta
837 4298 948 4360 eadem
964 4306 1059 4361 nocte
1070 4298 1307 4380 deglutianture
1315 4323 1325 4375 3
1347 4300 1399 4363 vel

301 4401 399 4464 etiam
424 4399 555 4462 landani
573 4398 687 4479 liquidi
711 4406 822 4481 guttae
841 4398 1019 4461 octodecim
1035 4400 1087 4462 vel
1103 4400 1220 4481 viginti
1243 4400 1279 4463 in
1301 4402 1399 4465 uncia

300 4524 368 4566 una
393 4521 495 4583 aquae
523 4500 719 4563 cinnamomi
744 4499 925 4577 bordeatae,
950 4508 1008 4563 aut
1029 4501 1092 4564 alio
1117 4502 1227 4583 quovis
1251 4502 1398 4569 vehiculo

302 4604 502 4688 generosiore
510 4628 520 4680 3
543 4622 607 4685 quo
621 4601 818 4665 ventriculus
832 4601 929 4683 hujus
944 4609 1016 4665 tum
1030 4603 1150 4667 viribus
1164 4604 1397 4686 corroboratus,

300 4713 373 4771 tum
395 4705 513 4769 minori
532 4703 714 4787 quantitate
733 4724 801 4767 non
822 4704 977 4782 irritatus,
993 4706 1034 4768 ad
1053 4705 1281 4771 medicamenti
1299 4710 1398 4793 rejec-

334 4840 346 4865 e
362 4835 457 4881 redacta
468 4866 474 4880 .
487 4866 493 4878 .
505 4868 511 4881 .
524 4830 696 4894 deglutimrtur]
710 4831 749 4879 Sic
762 4832 827 4894 Syd,
841 4832 883 4879 sed
894 4832 989 4887 videtur
998 4842 1079 4881 -1ara
1092 4868 1098 4881 .
1109 4868 1115 4881 .
1127 4870 1133 4883 .
1146 4842 1233 4881 -ctur
1243 4835 1381 4897 legendum.
