3825 5759
511 628 576 691 502
824 626 1020 694 THOMAE
1043 628 1304 696 SYDENHAM

355 798 496 848 Dertona
508 809 656 852 normam
678 789 936 872 suprascriptam,
960 791 1003 854 ad
1026 791 1264 857 medicamenta
1287 794 1396 859 nescio
1421 817 1505 880 quae
1529 801 1617 865 cale-

379 864 478 913 Fnsars

354 929 490 979 lauressa
507 890 669 968 facientia,
695 898 763 953 tam
788 890 875 955 iutro
899 893 1093 957 assumenda
1115 916 1212 977 quam
1236 902 1328 961 extra
1351 899 1554 981 applicanda,
1577 924 1616 967 aa

505 992 651 1069 confert3
674 1014 712 1057 eo
727 993 848 1056 scilicet
870 994 989 1072 animo,
1004 1002 1044 1058 ut
1060 996 1167 1074 datus,
1183 997 1378 1082 quoshujus
1391 1002 1471 1065 mali
1484 1004 1615 1069 fontem

505 1115 575 1158 esse
594 1102 781 1177 auguratur,
803 1095 855 1158 his
880 1096 996 1159 mediis
1019 1097 1192 1161 discutiat:
1214 1098 1317 1163 donec
1339 1102 1474 1166 tandem
1496 1126 1614 1189 augea-

504 1204 598 1259 cente
620 1196 737 1274 dolore,
762 1203 795 1259 et
814 1197 989 1262 visceribus
1014 1198 1209 1263 diuturniori
1230 1222 1322 1264 mora
1343 1204 1436 1286 quasi
1457 1206 1613 1298 impacto

503 1304 612 1360 motus
641 1298 871 1361 intestinorum
898 1300 1125 1381 peristalticus,
1155 1322 1220 1385 quo
1248 1324 1289 1366 ex
1317 1304 1466 1370 Naturae
1495 1308 1613 1374 ordine

504 1402 614 1465 omnia
633 1402 782 1466 deorsum
804 1404 981 1487 propellere
1002 1404 1132 1484 debent,
1147 1404 1265 1470 inverti
1286 1409 1413 1522 occipit,
1431 1418 1466 1473 et
1483 1411 1612 1479 inclusa

505 1506 614 1569 omnia
636 1526 764 1569 sursum
778 1506 940 1585 tendunt,
961 1506 1050 1570 unde
1069 1528 1166 1590 aeger
1183 1509 1366 1573 saevissimo
1380 1512 1529 1575 cruciatu
1541 1520 1610 1577 tor-

504 1617 631 1693 quetur,
656 1618 689 1673 et
712 1617 903 1693 provocatur
926 1609 968 1673 ad
989 1610 1208 1690 vomitionem,
1231 1613 1335 1676 malo⁸
1356 1614 1426 1697 jam
1452 1615 1489 1677 in
1513 1616 1609 1680 iliaca

502 1714 650 1797 passione
669 1713 847 1777 desinente.
901 1712 1019 1775 Hicin
1041 1712 1194 1777 medendi
1215 1716 1341 1779 ratione
1363 1737 1461 1799 quam
1483 1718 1607 1798 Febris,

504 1838 586 1900 quae
600 1817 734 1899 hujusce
749 1813 972 1899 symptomatis
994 1834 1092 1877 causa
1109 1821 1179 1877 erat
1198 1814 1402 1893 antecedens,
1417 1816 1480 1880 sibi
1493 1826 1607 1900 postu.

501 1918 601 1996 labat,
616 1917 752 1981 ulterius
765 1916 936 2000 procedere
950 1916 1064 1999 nequit
1079 1915 1236 1992 Medicus,
1248 1938 1347 1999 quam
1360 1924 1398 1981 ut
1412 1919 1606 2000 sanguinem

502 2040 542 2083 ex
557 2042 645 2102 aegn
635 2019 791 2083 brachio
806 2018 904 2082 semel
919 2018 1153 2081 extrahendum
1171 2019 1364 2101 praecipiat.
1387 2020 1510 2083 etenim
1523 2028 1606 2103 quot

502 2126 535 2184 et
559 2121 792 2203 qualiacunque
818 2120 949 2183 demum
974 2120 1151 2183 cathartica
1177 2120 1405 2203 propinaveris,
1428 2143 1468 2185 ea
1490 2124 1605 2187 statim

501 2221 637 2285 emetica
660 2222 740 2298 lieri,
767 2228 864 2303 atque
886 2220 933 2284 ita
956 2242 1086 2285 sursum
1109 2221 1274 2285 inversum
1296 2222 1453 2285 viscerum
1474 2234 1605 2289 motum

500 2324 603 2406 magis
625 2344 820 2406 promovere,
843 2324 967 2401 solent,
997 2344 1073 2387 cum
1096 2323 1334 2438 utplurimum
1353 2324 1408 2386 rix
1428 2323 1605 2391 fortissima

501 2426 632 2510 quidem
653 2425 889 2489 medicamenta
906 2426 1081 2509 purgantis
1098 2426 1150 2489 rel
1171 2425 1306 2489 minima
1324 2447 1437 2489 eorum
1455 2448 1529 2510 pars
1551 2428 1603 2491 in·

349 2547 481 2598 castiora
500 2530 620 2595 testina
633 2550 796 2613 permeare
813 2529 942 2592 valeant
962 2550 1000 2592 ac
1018 2527 1128 2592 sedem
1148 2534 1268 2611 petere.
1319 2528 1401 2611 [30.]
1430 2528 1580 2593 Rebus
1555 2552 1604 2595 sac

348 2612 393 2661 hoc
405 2630 470 2663 casu

501 2632 671 2711 stantibus,
683 2631 819 2696 cousult'
796 2632 957 2696 tissimum
969 2652 1038 2695 esse
1049 2630 1188 2693 arbitror
1198 2629 1322 2694 brachii
1331 2651 1447 2693 venam
1458 2632 1602 2714 primum

498 2736 711 2851 pertundere5
733 2755 818 2812 mox,
833 2734 1004 2817 interjecta
1016 2732 1096 2796 hora
1114 2754 1183 2795 una
1195 2732 1343 2810 alterave,
1358 2732 1527 2816 clysterem
1541 2735 1601 2797 ali·

500 2860 596 2922 quem
619 2860 660 2903 ex
683 2838 722 2901 iis
746 2837 802 2919 qui
821 2836 987 2921 potentius
1010 2841 1185 2918 operantur
1205 2834 1356 2917 injicere;
1389 2856 1450 2917 ego
1470 2834 1601 2901 fumum

498 2941 679 3007 nicotianae
699 2940 764 3005 sive
782 2938 898 3017 tabaci,
914 2960 954 3001 ex
967 2937 1083 3001 tubulo
1102 2936 1228 2999 inverso
1247 2956 1304 3018 per
1323 2936 1462 2999 vesicam
1478 2939 1598 3021 majus-

498 3044 605 3109 culam
626 3044 662 3107 in
684 3042 841 3105 intestina
863 3040 1057 3103 validissime
1080 3038 1289 3117 insufflatum,
1313 3058 1428 3102 enema
1450 3040 1599 3104 omnium

498 3166 580 3228 quae
602 3144 684 3207 mihi
708 3144 917 3207 innotescunt
939 3141 1097 3205 hactenus
1121 3140 1376 3204 efficacissimum
1399 3161 1469 3204 ease
1491 3141 1597 3206 duco:

498 3248 554 3329 qui
579 3246 677 3310 etiam
701 3252 775 3328 post
798 3264 922 3306 moram
951 3243 1092 3326 aliquam
1116 3242 1263 3305 reiterari
1284 3248 1401 3325 potest,
1425 3242 1488 3304 nisi
1509 3243 1598 3325 prior

495 3348 668 3423 immissus,
699 3346 805 3407 soluta
832 3343 913 3421 alvo,
936 3351 1063 3407 meatus
1089 3343 1240 3408 deorsum
1262 3364 1372 3407 versus
1394 3345 1595 3409 reseraverit.

497 3447 603 3513 Huic¹²
630 3454 738 3510 autem
765 3444 907 3508 remedio
933 3453 1149 3528 symptomate
1176 3445 1266 3509 haud
1293 3445 1439 3523 cedente,
1460 3447 1596 3511 omnino

493 3570 623 3617 necesse
649 3556 759 3611 estut
784 3546 999 3611 catharticum
1022 3548 1119 3631 paulo
1143 3548 1260 3611 fortius
1282 3568 1320 3611 ac
1345 3544 1596 3634 dpcorwo'rrepov

494 3653 529 3714 in
543 3671 639 3713 usum
653 3650 771 3728 veniat,
782 3655 859 3712 utut
875 3648 1002 3713 difficile
1016 3650 1115 3713 fuerit
1130 3650 1245 3713 exinde
1256 3649 1341 3712 viam
1354 3650 1478 3714 facere:
1499 3658 1595 3729 ut,—

494 3792 601 3855 [Form.
615 3788 702 3854 112]Ι
721 3788 753 3868 ἦ
773 3790 921 3844 Pilularum
934 3809 968 3845 ex
981 3792 1093 3845 Duobus
1104 3808 1188 3860 grana
1196 3792 1307 3862 triginta
1317 3793 1443 3863 quinque,

776 3876 903 3930 Mercurii
917 3877 1012 3931 Dulcis
1021 3878 1174 3948 scrupulum
1186 3894 1279 3940 uuum,

773 3982 835 4019 cum
847 3964 992 4018 sufficiente
1004 3965 1152 4033 quantitate
1165 3962 1285 4015 Balsami
1297 3963 1454 4029 Perusiani3

633 4052 714 4107 Fiant
725 4052 822 4123 pilulae
830 4060 953 4121 quatuor,
962 4049 1107 4121 capiendae
1116 4068 1131 4102 e
1140 4050 1268 4103 cochleari
1277 4068 1331 4103 uno
1341 4051 1436 4122 Syropi
1444 4052 1592 4117 Violarum3

630 4140 734 4195 nullum
746 4141 853 4208 iusuper
863 4138 992 4209 liquorem
1004 4134 1170 4199 assumendo,
1182 4152 1216 4187 ue
1227 4136 1316 4188 minus
1327 4138 1497 4190 retinentur.

491 4280 551 4345 sin
566 4286 674 4343 autem
690 4296 785 4359 aeger
798 4274 860 4339 hoc
874 4273 1051 4339 remedium
1065 4291 1123 4354 per
1142 4291 1178 4333 os
1191 4271 1345 4354 rejecerit,
1360 4272 1422 4337 hac
1435 4272 1589 4339 methodo

489 4380 739 4468 procedendum.
777 4376 926 4441 Laudani
940 4374 1054 4458 liquidi
1069 4379 1182 4455 guttae
1196 4372 1313 4455 viginti
1327 4374 1471 4458 quinque
1485 4398 1589 4459 aquae

489 4483 686 4551 cinnamomi
700 4480 790 4545 fortis
802 4478 980 4543 semiuncia
993 4475 1168 4539 instillatae
1180 4475 1290 4537 statim
1305 4477 1518 4559 propinentur
1520 4504 1531 4557 3
1554 4486 1589 4545 et
1704 4534 1709 4541 ,

488 4587 667 4669 interjectis
688 4584 810 4666 aliquot
832 4580 918 4645 horis
939 4578 1027 4643 idem
1047 4577 1269 4660 paregoricum
1282 4585 1457 4661 repetatur.
1502 4580 1588 4645 Cum

520 4760 534 4796 ε
551 4748 770 4811 molo-desinente]
784 4764 831 4796 om.
844 4748 880 4795 ed.
894 4748 942 4794 ¹86.
1260 4741 1267 4777 i
1286 4744 1323 4792 Cf.
1336 4745 1404 4793 form.
1420 4746 1474 4795 196.

519 4812 534 4850 ¹¹
552 4818 616 4863 Huic
626 4822 701 4863 actem
713 4812 767 4875 lfa]
781 4812 877 4859 Desunt
889 4810 912 4857 in
925 4810 961 4856 ed.
974 4810 1014 4857 ’86
1028 4808 1147 4871 usquead
1158 4811 1170 4867 ς
1184 4808 1220 4855 ct.
