3825 5759
694 590 955 656 'PRACTATUS
980 591 1009 656 Ι.
1336 590 1400 652 431

295 756 368 839 jam
396 758 575 817 memorata
602 750 736 815 caeteris
769 749 1015 834 quibuscunque
1046 755 1228 834 praestare3
1266 755 1300 813 at
1329 771 1404 815 vero
1427 766 1470 815 Dr
1482 767 1550 815 1²01>-

301 856 373 921 dico
388 878 464 921 eum
482 855 537 939 qui
554 854 733 919 remedium
751 853 793 918 ad
810 853 894 917 banc
911 853 1128 917 intentionem
1141 851 1403 943 *satisfaciendam
1417 846 1558 911 ΔΕΒ-Α·-

299 959 562 1043 potentissimum
586 956 730 1023 invenire
751 956 903 1040 potuerit,
923 956 1020 1039 longe
1045 956 1168 1040 majora
1192 955 1229 1019 in
1250 955 1402 1019 sanandis

300 1061 422 1125 morbis
435 1059 605 1125 Chronicis
626 1064 789 1143 praestare
808 1078 909 1141 posse,
926 1079 1024 1142 quam
1042 1057 1112 1141 ipse
1132 1078 1166 1122 se
1187 1078 1279 1141 posse
1293 1057 1402 1122 existi·

301 1163 464 1243 maverit„

351 1265 433 1349 [41]
461 1263 556 1328 Istud
577 1285 651 1328 vero
676 1263 716 1327 iis
739 1262 889 1327 omnibus
915 1282 998 1345 quae
1023 1262 1064 1326 de
1086 1261 1234 1345 Podagra
1259 1261 1404 1327 sananda
1416 1278 1543 1342 bigama

302 1368 447 1431 dicturus
473 1390 546 1430 sum
570 1366 843 1447 praemittendum
865 1372 923 1444 est,
943 1372 977 1429 et
998 1365 1213 1448 maximopere
1234 1386 1311 1449 prae
1332 1386 1402 1429 cae-
1415 1343 1556 1464 ἓξὲξ

300 1470 380 1533 teris
410 1469 653 1548 observandum,
683 1489 800 1553 nempe
830 1467 916 1551 quod
945 1467 1102 1551 digestiva
1133 1468 1277 1534 remedia
1306 1472 1520 1550 quae-‚sidunt

301 1592 430 1655 cunque
462 1572 538 1654 (sive
567 1571 875 1636 medicamentorum
905 1577 1072 1654 apparatu,
1099 1570 1165 1634 sive
1194 1570 1312 1650 diaeta,
1338 1545 1560 1650 siveffiiffii'

301 1674 540 1752 exercitatione,
571 1694 609 1738 ea
638 1674 811 1757 constant)
843 1673 933 1737 haud
961 1672 1066 1736 obiter
1094 1671 1298 1736 instituenda
1326 1666 1505 1750 rictrude

300 1796 413 1839 verum
443 1782 629 1841 constanter
658 1784 755 1860 atque
785 1776 875 1840 omni
904 1774 1051 1839 adhibita
1079 1774 1248 1857 diligentia
1276 1773 1409 1847 assidue,

300 1879 496 1962 usurpanda.
543 1879 626 1943 Cum
646 1879 734 1942 enim
753 1879 789 1942 in
803 1879 865 1943 hoc
883 1877 1007 1956 morbo,
1025 1877 1076 1941 uti
1095 1877 1194 1942 etiam
1214 1877 1251 1941 in
1266 1876 1402 1942 Chroni-

300 2002 413 2045 corum
428 1981 682 2066 quamplurimis,
698 2002 795 2046 causa
812 1983 881 2065 ejus
900 1982 937 2045 in
955 1980 1107 2045 habitum
1123 1988 1157 2045 et
1174 2001 1291 2045 novam
1310 1981 1402 2063 quasi

301 2090 450 2147 natiuam
485 2084 678 2163 transiverit,
708 2106 805 2149 nemo
838 2104 935 2147 sanus
970 2081 1199 2147 existimaverit
1231 2081 1401 2147 leviculum

301 2184 441 2267 aliquam
464 2206 501 2249 ac
520 2194 782 2251 momentaneam
805 2186 1030 2251 alterationem
1052 2184 1203 2268 sanguini
1222 2190 1319 2268 atque
1340 2184 1401 2249 hu·

300 2288 445 2352 moribus
467 2310 487 2352 a
506 2289 649 2372 quolibet
672 2290 737 2353 sive
757 2289 890 2353 remedii
911 2289 976 2351 sive
992 2287 1096 2352 victus
1117 2308 1235 2370 genere
1256 2286 1401 2370 superin-

302 2390 443 2469 ductam,
459 2392 634 2455 curationis
652 2414 785 2476 scopum
802 2412 895 2475 posse
915 2390 1076 2472 attingere
1084 2415 1095 2468 ;
1118 2396 1153 2453 at
1170 2410 1245 2453 vero
1261 2390 1402 2472 corporis

300 2492 431 2557 habitus
461 2494 566 2558 omnis
597 2495 659 2558 alio
688 2493 906 2558 traducendus
936 2500 996 2571 est,
1023 2498 1120 2575 atque
1148 2492 1246 2556 bomo
1274 2492 1402 2573 integer

300 2594 451 2679 deinceps
473 2596 565 2679 quasi
591 2618 674 2660 nova
695 2596 812 2661 incude
837 2594 1056 2678 retingendus.
1100 2594 1217 2677 Neque
1238 2594 1326 2657 enim
1347 2594 1401 2658 hic

299 2698 347 2761 ita
370 2720 403 2762 se
428 2720 480 2762 res
505 2698 604 2761 habet
629 2705 725 2781 atque
750 2699 787 2761 in
811 2696 924 2761 morbo
951 2704 1046 2761 acuto
1068 2696 1185 2780 aliquo,
1210 2694 1317 2759 ubiis
1344 2698 1400 2779 qui

299 2800 396 2865 modo
419 2800 569 2864 athletice
596 2820 633 2863 ac
657 2800 840 2883 pancratice
862 2798 999 2877 valebat,
1022 2798 1195 2881 derepente
1215 2797 1305 2861 febre
1330 2818 1399 2861 cor-

299 2910 420 2985 reptus,
447 2902 487 2965 ab
517 2902 640 2986 optimo
668 2902 816 2966 sanitatis
842 2907 931 2965 statu
955 2901 992 2963 in
1019 2900 1171 2964 morbum
1198 2899 1408 2986 periculosis-¹

299 3006 429 3083 simum,
450 3006 541 3089 quasi
562 3012 658 3090 rupto
683 3012 792 3090 ponte,
811 3026 963 3089 praeceps
983 3004 1061 3067 ruit.
1105 3002 1272 3085 Podagrae
1293 3001 1400 3085 dispar

300 3107 474 3171 admodum
488 3108 589 3173 ratio:
611 3108 668 3173 ubi
684 3108 754 3192 quia
768 3129 826 3192 per
839 3108 960 3171 multos
975 3126 1078 3170 annos
1093 3104 1263 3169 continuos
1278 3126 1398 3169 comes·
1411 3138 1468 3173 nam

299 3210 478 3276 sationibus
508 3211 861 3296 compotationibusque
890 3208 1159 3293 intemperantius
1188 3208 1397 3290 indulgendo,
1410 3204 1549 3304 ξξέξωξί

300 3312 393 3375 solita
410 3312 562 3376 exercitia
578 3312 834 3392 intermittendo,
851 3311 974 3377 desidia
991 3318 1089 3395 atque
1108 3310 1240 3395 pigritia
1255 3310 1398 3375 intabes-
1411 3318 1493 3392 vebis.
1499 3321 1551 3367 sive

299 3415 411 3494 cendo,
429 3417 480 3480 vel
500 3417 598 3480 etiam
617 3416 718 3481 nimio
741 3417 848 3480 studio
870 3422 968 3498 atque
989 3414 1151 3479 irremissa
1170 3413 1271 3479 animi
1291 3414 1398 3477 inten-
1411 3382 1531 3511 iim*

299 3517 397 3595 tione,
419 3518 551 3601 aliisque
572 3519 657 3583 vitae
679 3519 848 3597 erroribus,
869 3517 904 3582 id
927 3519 995 3601 egit
1020 3518 1154 3582 tandem
1176 3518 1268 3601 quasi
1289 3518 1399 3583 dedita
1412 3514 1551 3590 amnonis

300 3640 394 3702 opera
415 3625 453 3682 ut
473 3620 560 3683 varia
579 3621 718 3703 corporis
740 3621 900 3685 fermenta
919 3628 1154 3705 pervertantur,
1169 3620 1270 3705 {atque
1292 3623 1397 3706 oppri·
1409 3583 1522 3690 affl

298 3730 431 3786 mantur
456 3722 586 3805 spiritus
609 3724 773 3804 animales,
803 3726 870 3808 (qui
895 3726 1049 3790 coctionis
1073 3726 1292 3790 instrumenta
1320 3720 1551 3820 suntfflggss

298 3823 471 3907 primaria)
495 3824 583 3887 unde
604 3824 755 3889 humores
776 3828 1068 3910 praeternaturales
1093 3828 1269 3892 coacervati
1290 3849 1396 3893 erum-
1409 3843 1531 3883 voeaau-

299 3932 381 4008 punt
396 3925 529 3989 tandem
547 3947 623 3991 cum
638 3928 707 4011 jam
725 3928 766 3993 ad
782 3950 945 3993 summum
961 3929 1099 4010 gradum
1115 3930 1248 3994 exaltati
1264 3930 1396 4009 fuerint,
1409 3899 1547 4024 {¹22⁸ssss

299 4046 335 4090 ac
350 4034 491 4109 stragem
506 4027 607 4092 edunt
615 4054 625 4106 3
646 4028 796 4093 carnibus
811 4030 949 4112 denique
964 4031 1123 4109 emollitis,
1136 4038 1169 4094 et
1183 4030 1396 4095 effoeminatis
1409 4028 1525 4088 ΨΜ

300 4129 450 4207 articulis,
484 4130 571 4193 unde
608 4130 759 4195 humores
796 4131 967 4196 illabentes
1003 4133 1182 4216 promptius
1220 4132 1394 4214 excipiunt.
1406 4100 1450 4143 εἰ

298 4231 406 4314 Atque
427 4232 475 4297 ita
496 4232 628 4296 demum
650 4234 713 4297 alia
734 4233 825 4316 qnasi
846 4240 965 4297 natura
986 4234 1106 4297 sensim
1126 4232 1396 4316 superinducitur,

299 4333 435 4415 pristina
459 4342 492 4398 et
514 4334 656 4399 naturali
681 4334 820 4418 corporis
847 4334 1032 4399 oeconomia
1056 4356 1166 4398 eversa
1189 4333 1337 4397 funditus
1363 4343 1397 4399 et

299 4434 420 4499 deleta:
454 4457 529 4500 cum
557 4438 613 4503 isti
637 4437 828 4522 paroxysmi,
852 4436 908 4520 qui
932 4437 1102 4500 bominum
1125 4436 1331 4500 incautorum
1360 4458 1398 4502 ac

299 4538 406 4601 minus
425 4540 656 4623 perspicaciam
676 4540 784 4605 oculos
805 4540 993 4622 animosque
1011 4538 1071 4603 soli
1089 4539 1156 4603 fere
1173 4538 1398 4623 perstringunt

300 4646 331 4705 et
353 4648 523 4723 occupant,
545 4641 628 4706 nihil
653 4662 782 4727 prorsus
809 4642 897 4705 aliud
923 4641 990 4705 sint
1013 4662 1110 4723 quam
1139 4640 1236 4705 series
1262 4648 1296 4705 et
1318 4642 1399 4709 ordo

300 4748 551 4825 symptomatum
581 4744 622 4809 ab
648 4745 704 4809 illa
729 4744 882 4811 methodo
907 4742 1120 4828 pendentium
1150 4764 1213 4827 qua
1238 4743 1288 4807 uti
1318 4746 1399 4810 solet
