3825 5759
515 638 735 702 EPISTOLA
757 637 805 702 II.
830 635 1160 704 RESPONSORIA.
1321 629 1385 703 815

284 797 443 861 enematis
473 796 636 879 agendum
659 805 719 877 est,
744 793 858 881 quibus
888 793 1017 882 injectis
1040 798 1172 882 utrique
1197 798 1387 862 indicationi
1413 817 1457 870 n„
1470 822 1528 870 Luc

286 899 445 982 (humoris
460 899 581 963 scilicet
600 907 673 963 tum
687 899 896 984 expurgandi,
911 907 985 964 tum
1005 900 1047 964 ab
1061 899 1178 965 affecta
1192 908 1285 984 parte
1302 900 1387 964 deri·
1397 887 1540 966 Q

282 1001 404 1083 randi)
419 1001 497 1064 satis
507 1001 578 1066 fieri
588 1007 705 1086 potest.
737 1001 926 1066 Quinetiam
934 1002 1014 1068 haec
1024 1003 1195 1067 methodus
1210 1003 1388 1087 expeditior

284 1111 337 1166 est
354 1123 590 1185 nonnunquam
606 1107 861 1186 praememorata
878 1102 951 1180 ista,
968 1110 1002 1166 at
1022 1123 1092 1166 non
1112 1123 1214 1186 aeque
1234 1110 1318 1182 tuta,
1333 1123 1387 1168 me

280 1201 412 1285 judice3
445 1223 520 1266 cum
542 1202 630 1285 prior
653 1202 717 1280 illa,
740 1202 816 1266 licet
840 1201 1055 1268 diuturnitate
1079 1204 1253 1283 molestior,
1277 1205 1387 1270 minus

284 1310 399 1367 tamen
417 1303 535 1367 habeat
554 1303 688 1388 periculi
709 1323 817 1386 nequa
839 1304 1017 1386 contagiosi
1033 1305 1155 1369 fomitis
1175 1307 1335 1389 particula
1350 1307 1387 1370 in

285 1404 461 1469 visceribus
478 1405 619 1484 haereat,
634 1424 734 1470 novos
754 1403 870 1468 dattrra
888 1405 1070 1472 tumultus:
1092 1407 1154 1470 hoc
1170 1429 1245 1472 vero
1263 1409 1386 1474 incom-

285 1507 421 1571 modum
431 1507 581 1571 facillime
592 1508 740 1586 evitatur,
753 1507 780 1570 si
790 1507 969 1571 cathartica
981 1529 1039 1591 per
1049 1529 1085 1572 os
1095 1516 1260 1592 assumpta
1273 1510 1386 1574 diebus

285 1609 328 1674 ab
343 1632 406 1674 usu
420 1610 594 1694 clysterum
607 1609 727 1688 liberis,
743 1615 892 1672 mutuam
906 1609 946 1672 iis
961 1630 1091 1693 operam
1105 1611 1320 1675 commodent.

332 1709 418 1798 [17.]
443 1710 516 1776 Hac
537 1713 646 1796 itaque
666 1711 717 1774 via
737 1711 869 1776 incedo:
896 1709 1011 1795 pilulas
1028 1713 1098 1796 jam
1118 1712 1308 1796 praedictas,
1330 1721 1531 1789 autquidiniis

285 1816 364 1880 alias
384 1816 550 1900 ejusmodi,
566 1815 691 1880 duabus
709 1814 851 1880 tribusve
869 1816 991 1880 auroris
1010 1815 1172 1880 continuis
1191 1807 1541 1922 exubendagffi

284 1939 364 1983 euro
373 1943 382 1996 3
405 1925 518 2002 postea
532 1938 647 1982 enema
664 1937 802 2001 sequens
821 1937 917 1981 mane
937 1925 971 1981 et
990 1918 1071 1982 hora
1085 1917 1198 2003 quinta
1215 1919 1386 2002 pomeridi-

285 2042 350 2085 ana
369 2021 511 2104 quotidie
530 2019 750 2104 injiciendum,
767 2019 869 2084 donee
888 2020 1019 2103 penitus
1037 2021 1231 2086 cessaverint
1245 2027 1387 2106 sympto-

285 2133 384 2204 mata,
410 2123 473 2188 uisi
498 2123 582 2206 quod
609 2123 709 2187 semel
735 2129 790 2188 aut
815 2121 865 2186 bis
890 2121 925 2186 in
949 2121 1151 2190 hebdomade
1176 2122 1387 2192 catharticum

285 2227 419 2310 impero,
435 2227 532 2290 misso
547 2225 598 2290 die
612 2226 676 2290 isto
689 2225 827 2310 clystere
837 2249 890 2289 1-

288 2421 388 2491 [Form.
401 2419 483 2483 61.]“
503 2417 533 2495 R
554 2418 698 2472 Electrurii
711 2434 726 2472 e
738 2417 822 2472 Succo
834 2416 965 2472 noemin
977 2415 1182 2484 drachmam,

551 2504 757 2558 Terebinthinae
767 2502 886 2556 Venetae
898 2503 988 2556 vitello
1000 2505 1042 2556 ovi
1054 2505 1156 2557 solutae
1168 2505 1357 2566 semiunciam

430 2590 612 2644 Dissolvantur
623 2591 652 2643 in
665 2591 756 2660 Aquae
770 2587 873 2640 Hordei
884 2587 952 2640 libra
963 2604 1034 2650 una;
1051 2589 1184 2642 celaturae
1196 2588 1264 2644 adde

554 2675 716 2728 Electuarii¹
730 2671 907 2726 Diacatholiei
919 2674 1014 2726 uncias
1025 2673 1106 2735 duas;

430 2762 532 2825 Miscet
549 2761 596 2814 hat
607 2775 710 2814 enema.

290 2947 433 3030 Singulis
459 2947 556 3012 etiam
580 2945 728 3010 noctibus
754 2943 960 3028 opobalsami,
983 2942 1035 3007 vel
1059 2942 1195 3007 balsami
1217 2963 1236 3008 e
1258 2943 1387 3024 Mecha,

289 3057 399 3132 guttas
413 3048 526 3132 viginti
542 3049 682 3133 quinque
697 3047 839 3111 sacchari
852 3046 993 3110 1111111111
1007 3053 1156 3128 exceptas
1166 3046 1318 3125 concedo,
1329 3045 1388 3110 sub

288 3152 364 3216 lecti
385 3151 534 3234 ingressu
544 3177 554 3230 ;
581 3151 668 3234 quod
693 3149 824 3234 quidem
847 3147 1131 3226 medicamentum,
1150 3169 1226 3212 cum
1248 3148 1389 3213 terebin-

287 3256 400 3322 thinae
416 3256 575 3340 quoddam
591 3277 694 3339 genus
709 3255 750 3319 sit
764 3253 924 3338 liquidum
944 3273 982 3317 ac
1000 3253 1391 3337 purum,iisdemqu1bus

287 3359 342 3424 illa
363 3359 568 3424 facultatibus
589 3357 699 3441 pollet,
722 3365 755 3421 et
777 3357 939 3420 ulcerosae
962 3355 1153 3439 genitalium
1175 3355 1314 3420 diathesi
1335 3377 1391 3439 ap-

287 3462 390 3546 prime
415 3461 590 3526 suceurrit:
621 3459 720 3543 hujus
745 3459 855 3542 itaque
877 3457 1008 3521 deleam
1031 3455 1253 3522 terebinthina
1274 3457 1394 3541 Cypria

289 3563 330 3628 ad
351 3564 566 3647 quantitatem
588 3561 750 3628 avellanae
773 3559 867 3624 dictis
888 3557 1088 3643 temporibus
1110 3557 1295 3624 devoranda
1315 3557 1391 3622 sub·

290 3665 380 3729 stitui
393 3665 503 3746 possit.

337 3765 419 3848 [18.]
439 3764 638 3830 Procedente
650 3764 823 3843 curatione,
836 3785 1027 3849 quacunque
1041 3786 1081 3829 ea
1091 3763 1223 3830 demum
1236 3765 1390 3830 methodo
1403 3789 1492 3837 1111111
1503 3786 1539 3836 in

290 3875 442 3947 tentetur,
458 3889 554 3951 aegro
569 3867 647 3932 cibis
662 3867 811 3932 omnihus
826 3867 892 3932 sale
911 3866 1051 3932 conditis
1064 3866 1116 3930 vel
1133 3867 1212 3931 alias
1226 3864 1391 3952 dyspeptis
1402 3861 1537 3967 {ffim'

293 3971 411 4054 (quales
430 3978 506 4034 sunt
524 3991 636 4035 carnes
650 3969 795 4048 bovinae,
811 3969 973 4052 porcinae,
987 3968 1101 4052 pisces,
1116 3989 1237 4047 osseus,
1256 3969 1391 4048 radices,

290 4073 396 4156 olera)
419 4080 452 4138 et
469 4073 626 4138 fi'uctibus
642 4072 777 4138 horariis
797 4071 1052 4155 quibusmmque,
1067 4071 1225 4135 interdico
1233 4095 1244 4149 ς
1275 4071 1393 4154 quibus

292 4175 448 4240 substituo
467 4196 598 4240 carnem
617 4175 825 4251 vervecinum,
840 4173 1022 4252 vitulinam,
1039 4172 1213 4255 pullorum,
1228 4172 1391 4258 cuniculo·

291 4299 371 4356 rum,
389 4283 422 4342 et
443 4285 572 4344 caetera
592 4276 746 4343 εὔπεπτα.
790 4275 875 4339 Volo
897 4275 996 4339 etiam
1012 4283 1051 4337 ut
1064 4273 1117 4336 vel
1137 4272 1188 4336 his
1208 4273 1393 4355 parcissime

292 4389 409 4461 1111111,
424 4389 556 4448 tantum
569 4390 608 4459 ut
628 4381 716 4466 aegri
730 4379 810 4444 vires
828 4399 896 4443 non
915 4377 1091 4442 labascunt.
1134 4375 1237 4439 Potus
1255 4374 1339 4458 (vino
1356 4375 1393 4442 in

293 4507 408 4569 genere
423 4485 581 4565 abdicato,
596 4491 634 4552 ut
649 4492 682 4550 et
696 4483 819 4567 liquore
834 4479 924 4544 omni
944 4477 1010 4542 sive
1030 4474 1210 4558 spirituoso,
1225 4474 1292 4540 sive
1305 4497 1394 4542 aces·

293 4592 406 4673 111111)
434 4587 612 4674 hydrogala
634 4593 713 4663 esto,
738 4605 778 4648 ex
798 4581 903 4648 tribus
929 4599 1032 4664 aquae
1057 4583 1167 4642 coctae
1191 4579 1337 4661 partibus
1359 4590 1393 4646 et

294 4693 382 4758 lactis
403 4713 480 4772 una,
498 4691 562 4756 nisi
584 4691 670 4776 quod
688 4690 723 4754 in
738 4686 873 4774 prandio
897 4692 930 4749 et
950 4703 1051 4748 coena
1065 4680 1216 4745 cerevisia
1229 4683 1336 4746 tenuis
1358 4683 1393 4748 in

355 4829 372 4852 a
390 4822 429 4870 cr.
440 4823 510 4870 tona
523 4823 578 4870 aaa.
1033 4805 1046 4830 ⁸
1064 4810 1116 4871 Sar·
1132 4809 1217 4858 Vela·
1229 4807 1266 4859 ιὰ
1279 4810 1328 4856 '⁸⁰-
