3825 5759
512 649 573 710 102
818 647 1013 711 'PHOMAE
1037 645 1295 711 SYDENHAM

375 824 474 871 raam
508 828 619 873 eorum
635 828 672 873 ac
686 807 918 873 rheumatismo
935 810 1154 875 laborantium
1170 808 1365 892 sauguinem
1386 806 1482 890 plane
1500 827 1609 871 aemu-

359 888 488 1001 &qunqqni'
507 911 594 975 latur
602 937 612 989 3
635 911 785 976 adustam
804 912 997 977 anthracum
1018 912 1142 990 faciem,
1164 910 1302 995 pyrotici
1321 909 1456 974 actualis
1475 910 1609 992 impres-

354 1018 494 1129 iffi?
508 1013 589 1077 sioni
612 1034 679 1078 non
699 1013 897 1092 absimilem3
920 1036 1049 1079 necnon
1070 1013 1216 1077 bubones
1235 1013 1331 1096 ipsos,
1352 1011 1408 1095 qui
1428 1010 1609 1075 inflamma-

355 1116 495 1161 —ss-'-
507 1115 631 1179 tionem
647 1136 747 1200 aeque
765 1116 941 1181 solenniter
960 1116 1125 1200 excipiunt
1145 1137 1183 1180 ae
1203 1115 1340 1180 eandem
1359 1114 1414 1178 alii
1436 1114 1608 1197 cujuscun-

509 1238 572 1301 que
590 1218 716 1301 generis
736 1226 879 1283 tumores
897 1219 1051 1302 consequi
1076 1218 1191 1296 solent,
1206 1218 1257 1281 uti
1281 1225 1315 1281 et
1336 1216 1609 1281 inflammationes

505 1320 675 1403 pleraeque
697 1341 808 1385 omnes
833 1322 870 1385 in
887 1321 1070 1385 abscessum
1091 1321 1320 1385 terminantur.
1363 1318 1455 1384 Quin
1476 1326 1510 1383 et
1530 1318 1609 1382 anni

505 1420 680 1507 tempestas
706 1445 770 1507 qua
797 1424 976 1509 epidemioa
1000 1424 1106 1487 Pestis
1131 1430 1169 1486 ut
1194 1422 1370 1506 plurimum
1396 1422 1548 1499 exoritur,
1566 1420 1608 1484 ad

506 1526 591 1589 hanc
615 1534 685 1590 rem
710 1527 893 1611 symbolum
919 1548 1015 1591 suum
1038 1526 1184 1591 conferre
1205 1525 1350 1603 videtur3
1380 1524 1494 1589 eodem
1519 1523 1608 1587 enim

506 1634 651 1713 tempore
671 1628 837 1713 (nimirum
858 1630 944 1713 quod
965 1630 1053 1693 inter
1066 1650 1202 1693 vernum
1224 1629 1445 1710 aestivumque
1463 1626 1609 1691 medium

506 1735 577 1815 est,)
610 1731 807 1815 pleuritides,
846 1732 995 1815 anginae,
1031 1732 1175 1815 aliaeque
1211 1729 1404 1794 inflammati
1440 1728 1608 1811 sanguinis

505 1835 690 1899 affectiones
716 1834 913 1919 populariter
940 1836 1092 1917 ingruere
1115 1840 1368 1898 consueverunt:
1401 1832 1606 1915 quemadmo-

506 1938 584 2001 dum
599 1938 697 2001 etiam
712 1959 880 2021 nunquam
900 1937 1134 2021 frequentiores
1147 1936 1229 2000 mihi
1242 1936 1331 1999 visae
1346 1942 1423 1999 sunt
1438 1955 1536 2018 quam
1551 1956 1608 2018 per

506 2040 628 2122 aliquot
643 2039 838 2123 septimanas
854 2062 935 2123 quae
950 2061 1092 2123 nuperae
1108 2039 1213 2104 Pestis
1229 2036 1445 2103 Londinensis
1460 2044 1607 2101 exortum

506 2150 759 2206 antecesserunt.
804 2142 876 2206 Nec
898 2163 973 2207 vero
993 2142 1116 2206 nullius
1134 2148 1183 2205 est
1206 2141 1363 2205 momenti
1382 2140 1475 2203 illum
1500 2140 1607 2223 ipsum

507 2265 640 2323 annum,
655 2250 706 2308 tot
719 2243 858 2307 millium
873 2252 981 2328 strage
995 2244 1171 2323 funestum,
1186 2244 1330 2327 alioquin
1347 2242 1554 2307 mitissimum
1569 2263 1607 2307 ao

507 2346 754 2411 saluberrimum
783 2346 926 2410 extitisse
937 2374 947 2425 3
985 2368 1161 2430 omnesque
1190 2347 1247 2430 qui
1275 2368 1296 2411 a
1321 2347 1416 2410 Peste
1445 2346 1607 2409 immunes

506 2449 719 2533 perstiterunt
738 2470 907 2532 nunquam
929 2450 1054 2514 meliori
1073 2449 1258 2514 valetudine
1279 2469 1355 2513 usos
1377 2448 1496 2513 brisse:
1527 2448 1606 2532 quin

507 2558 540 2615 et
555 2572 609 2615 eos
624 2551 680 2635 qui
699 2550 740 2615 ab
758 2551 868 2615 eadem
888 2552 1136 2631 convaluissent,
1151 2552 1320 2616 cachexiae
1334 2550 1469 2634 aliisque
1484 2550 1606 2615 affecti·

505 2652 567 2717 bus
589 2653 749 2717 aresidua
768 2654 912 2738 priorum
934 2653 1120 2719 morborum
1135 2653 1207 2719 labe
1228 2654 1396 2738 provenire
1411 2652 1523 2731 solitis,
1539 2674 1607 2717 non

504 2755 607 2838 magis
617 2755 770 2821 obnoxios
781 2755 931 2841 deinceps
941 2756 1066 2820 vixisse.
1091 2756 1218 2823 Quibus
1227 2756 1351 2821 aceedit
1362 2754 1449 2838 quod
1459 2762 1493 2820 et
1504 2776 1606 2838 quau·

504 2866 685 2943 taeounque
700 2858 882 2924 latitudinis
898 2866 1098 2944 apostemata
1112 2866 1145 2924 et
1160 2860 1358 2937 carbunculi,
1369 2866 1540 2942 postquam
1554 2856 1604 2921 iu·

504 2962 687 3026 flammatae
701 2962 878 3046 particulae
893 2984 961 3026 una
975 2984 1050 3027 oum
1065 2962 1154 3027 sanie
1173 2962 1394 3039 decessissent,
1416 2960 1605 3043 chirurgiois

505 3064 640 3143 auxiliis,
651 3065 754 3147 iisque
765 3086 831 3129 non
841 3065 1016 3130 admodum
1027 3065 1226 3149 conquisitis,
1238 3065 1332 3129 facile
1343 3071 1457 3128 mnata
1470 3063 1604 3129 fuerint.

554 3168 636 3251 [1⁷.]
663 3167 787 3231 Verum
813 3169 977 3251 perquirat
1002 3168 1056 3233 hic
1077 3168 1212 3233 sortasse
1237 3167 1362 3250 aliquis,
1386 3168 1414 3230 si
1439 3165 1544 3230 Pestis
1568 3166 1605 3229 in

504 3268 758 3332 inflammatione
785 3270 923 3352 quadam
947 3270 1112 3349 consistat,
1139 3270 1195 3353 qui
1223 3270 1281 3334 fiat
1306 3276 1345 3333 ut
1369 3269 1605 3333 medicamenta

504 3370 663 3433 calidioris
693 3391 817 3449 census,
845 3373 952 3455 qualia
981 3380 1058 3437 sunt
1084 3372 1340 3456 alexipharmaca
1361 3393 1461 3455 prope
1485 3372 1603 3450 omnia,

351 3448 494 3561 ssffllfff
504 3478 576 3534 tum
592 3472 632 3535 ad
646 3472 780 3555 hujusce
795 3473 928 3537 affectus
942 3475 1150 3559 therapeiam,
1164 3496 1261 3558 quam
1275 3474 1497 3559 propbylanin,
1511 3480 1605 3538 tanto

353 3576 490 3687 quecaqqi-
505 3594 580 3637 cum
602 3574 712 3638 fructu
737 3578 959 3660 usurpentur?
1010 3576 1076 3643 cui
1090 3579 1277 3663 respondeo,
1292 3578 1348 3642 illa
1367 3579 1526 3643 duntaxat
1546 3600 1604 3661 per

350 3656 481 3754 iffi.
507 3676 653 3741 accidens
673 3678 828 3741 auxilium
846 3686 1017 3763 praestare,
1033 3702 1150 3765 nempe
1170 3682 1401 3765 diaphoreeeos,
1417 3704 1516 3767 quam
1534 3702 1602 3745 sus-

351 3768 476 3883 gtmffi
505 3776 618 3856 citant,
633 3777 789 3843 beneficio
800 3806 810 3858 3
834 3802 897 3863 quo
916 3782 1093 3865 particulae
1115 3783 1282 3868 sanguinis
1301 3784 1519 3847 inflammatae
1541 3782 1601 3845 dil-

351 3848 472 3960 tdiiipri-
504 3880 625 3943 llantur
639 3887 736 3963 atqne
751 3882 1017 3948 exterminantur.
1049 3886 1146 3953 Quod
1167 3888 1195 3951 si
1209 3888 1292 3951 forte
1306 3885 1449 3951 exhibita
1470 3883 1601 3947 sudores

352 3970 471 4075 “222223
505 4002 703 4047 commovere
718 4005 784 4053 non
804 3985 941 4065 valeant,
960 3988 1010 4069 (ut
1020 4009 1171 4073 persaepe
1185 3989 1323 4071 accidit)
1341 4008 1415 4051 mox
1434 3985 1602 4069 sanguinis

362 4090 478 4167 [spuere.
504 4084 701 4164 incendium,
711 4084 751 4150 ab
767 4086 916 4151 addititio
930 4089 1036 4153 calore
1050 4091 1153 4175 magis
1165 4092 1344 4169 efferatum,
1357 4110 1469 4153 eorum
1482 4108 1601 4151 noxam

349 4162 484 4283 32:1¹⁸ssss
504 4188 610 4271 palam
635 4188 821 4273 proclamat.
879 4189 1098 4277 Prophylaxin
1129 4199 1168 4257 ut
1205 4194 1301 4258 verbo
1337 4193 1508 4275 attingam,
1534 4211 1602 4255 nou

350 4298 456 4347 heratius
504 4312 577 4354 sum
600 4292 726 4356 nescius
749 4292 847 4356 etiam
869 4292 911 4356 ad
939 4292 1029 4357 illam
1051 4294 1278 4359 antidotalium
1299 4294 1477 4359 calidorum
1505 4314 1602 4356 usum

350 4364 491 4476 ffffiss„
505 4392 622 4471 passim
643 4392 859 4476 depraedicari
868 4419 877 4473 3
901 4400 935 4457 at
951 4416 1015 4478 quo
1030 4396 1257 4475 emolumento,
1273 4395 1379 4459 adhuc
1397 4394 1602 4478 probandum

348 4492 449 4542 tortiora
503 4499 614 4555 restat.
659 4494 731 4559 Imo
753 4496 865 4559 vinum
890 4496 1023 4561 liberius
1047 4497 1295 4583 ingurgitatum,
1319 4498 1445 4581 aliaque
1469 4498 1603 4561 fortiora

350 4554 489 4669 52ᾞῖἧῖ
503 4594 735 4674 praeservativa
760 4598 852 4661 statis
875 4598 963 4662 horis
988 4600 1102 4664 dietim
1131 4608 1305 4684 assumpta,
1330 4600 1519 4683 complures,
1545 4600 1602 4683 qui

350 4692 387 4733 ter
395 4685 420 4732 in

350 4756 399 4797 em
411 4763 427 4811 p

429 4684 489 4796 ἔξ·
504 4694 582 4759 alias
612 4696 690 4759 salvi
712 4696 890 4783 intactique
920 4703 1133 4768 verisimiliter
1161 4704 1423 4789 permansissent,
1447 4704 1484 4767 in
1512 4704 1601 4769 hune

350 4813 486 4877 ciprianus
504 4797 655 4863 effectum
672 4798 889 4883 conjecerunt.
