3825 5759
413 671 805 736 OBSERVA'PIONUM
830 671 1114 734 MEDICARUM
1138 676 1188 729 IV.
1207 679 1234 734 6.
1245 680 1271 726 7.
1322 667 1382 728 195

281 831 346 894 tius
374 831 409 894 in
438 841 560 915 puncto
590 834 707 915 figitur,
734 833 929 897 vomituritio
953 833 1095 896 succedit
1118 831 1326 914 frequentior,
1350 835 1384 892 et
1418 839 1520 888 eones

282 936 385 1017 major
412 936 474 998 alvi
503 936 675 1014 adstrictio,
700 936 801 1000 donec
823 937 955 1000 tandem
978 937 1019 1000 ab
1042 935 1241 1000 ineluctabili
1264 933 1382 996 horum
1396 904 1536 1018 ffiffl

282 1047 534 1120 ⁸lmllt⁰1¹1¹²t¹1m
560 1039 590 1100 vi
615 1039 721 1103 totalis
746 1039 930 1122 peristaltici
952 1039 1181 1102 intestinorum
1202 1047 1311 1102 motus
1332 1035 1382 1098 in-
1395 1035 1536 1114 [⁰³32

283 1141 384 1204 versio
397 1142 470 1222 (uisi
484 1143 640 1206 matvuius
655 1143 725 1225 quis
739 1142 850 1205 tulerit
861 1143 1046 1226 suppetias)
1060 1151 1158 1225 atque
1171 1141 1265 1204 iliaca
1277 1139 1382 1224 passio
1397 1141 1428 1190 In
1439 1143 1493 1190 ili·-

283 1253 513 1325 procurantur3
536 1245 570 1306 in
594 1265 656 1328 quo
681 1245 793 1308 morbo
818 1245 994 1308 cathartica
1015 1245 1251 1308 medicamenta
1273 1223 1517 1320 omniaffl‘

283 1345 318 1406 in
333 1346 465 1408 emetica
479 1347 589 1408 statim
603 1355 790 1424 transeunt3
813 1355 962 1410 enemata
975 1348 1072 1410 etiam
1086 1348 1214 1429 injecta,
1225 1368 1293 1409 una
1307 1367 1383 1408 cum
1393 1337 1489 1452 mn

284 1449 345 1510 alvi
364 1448 513 1526 faecibus,
529 1470 586 1532 per
607 1471 735 1514 omnem
757 1450 984 1514 intestinorum
1004 1450 1140 1514 ductum
1157 1470 1285 1512 sursum
1306 1448 1383 1524 lata,

284 1551 406 1614 vomitu
425 1552 607 1635 ejiciuntur.
652 1553 743 1617 Quae
762 1551 824 1617 hoc
843 1554 938 1616 modo
958 1552 1140 1616 excernitur
1159 1551 1303 1626 materia,
1319 1549 1384 1612 sin-

284 1673 357 1716 cera
371 1653 397 1716 si
410 1653 507 1718 fiierit
522 1663 618 1736 atque
637 1651 761 1735 diemde,
777 1655 883 1720 viridis
903 1655 1084 1738 aliquando,
1101 1653 1272 1735 aliquando
1286 1651 1385 1715 etiam

285 1755 374 1832 flava,
390 1765 446 1819 aut
461 1757 580 1820 insoliti
595 1757 761 1838 eujusdam
776 1759 898 1836 coloris,
914 1766 1089 1841 spectatiu.

333 1858 393 1940 [3.]
421 1859 506 1922 Cum
520 1859 647 1942 singula
660 1860 756 1943 hujus
777 1861 910 1924 silemus
931 1861 1153 1944 phaenomena
1172 1880 1248 1923 eum
1263 1856 1303 1922 ab
1319 1858 1385 1920 acri
1398 1873 1480 1920 ctu„

285 1960 389 2042 ffiqlw
404 1961 468 2024 ⁸lV0
483 1961 626 2039 hamme,
636 1963 700 2026 Sive
714 1963 827 2040 halitu,
839 1985 857 2026 e
871 1985 978 2026 massa
992 1962 1169 2045 sanguinea
1182 1962 1217 2024 in
1231 1959 1386 2024 intestina
1397 1941 1523 2049 wag*

285 2083 424 2142 excusso,
437 2064 526 2127 nasei
540 2073 648 2147 aperte
663 2065 808 2143 doceant,
818 2065 971 2129 indicatio
985 2065 1128 2130 emativa
1141 2064 1292 2148 primaria
1305 2063 1386 2128 mihi
1398 2068 1453 2128 quin
1464 2069 1516 2143 ⁸1⁸¹?

284 2165 362 2228 haec
382 2174 441 2244 est,
456 2173 494 2230 ut
514 2167 633 2230 sedicet
647 2175 817 2231 evacuetur
837 2168 942 2232 dictus
961 2169 1088 2246 humor,
1103 2177 1172 2231 tam
1192 2166 1386 2232 antecedens
1398 2131 1546 2252 iffi}ffi{’³¹0“

285 2269 319 2332 iu
334 2269 430 2348 venis,
447 2291 545 2352 quam
559 2270 726 2335 continens
740 2271 775 2334 in
789 2271 971 2348 visceribus,
985 2273 1174 2348 conclusus3
1197 2272 1298 2335 altera
1311 2292 1387 2334 vero
1398 2275 1531 2374 fflffi

285 2371 325 2434 ab
340 2371 409 2450 Μ,
425 2381 463 2436 ut
478 2373 699 2457 anodynorum
714 2395 776 2437 usu
790 2381 823 2437 et
838 2383 1059 2457 compescatm
1072 2375 1247 2440 humorum
1261 2396 1300 2438 eo
1313 2381 1385 2438 ten·
1398 2405 1430 2436 na
1441 2406 1529 2438 excus-

285 2474 432 2538 deutium
445 2476 595 2559 impetus,
610 2484 643 2540 et
658 2476 824 2558 mitigetur
837 2475 1071 2540 immitissimus
1085 2477 1184 2542 dolor.
1399 2469 1450 2502 ⁵¹¹⁸·

334 2577 395 2660 [4.]
424 2577 622 2659 Sanguinem
651 2579 759 2661 itaque
787 2599 806 2641 e
834 2577 956 2642 brachii
984 2581 1073 2644 venis
1101 2581 1197 2663 paulo
1226 2578 1386 2642 liberalius
1401 2585 1539 2664 Q

286 2677 388 2754 educi,
407 2679 445 2758 (si
459 2699 575 2762 nempe
590 2679 622 2742 id
636 2680 733 2744 fuerit
747 2681 903 2745 haetenus
918 2683 1140 2762 intentatum)
1159 2690 1191 2744 et
1205 2689 1277 2762 post
1291 2680 1386 2743 horas
1399 2675 1539 2786 affl&

286 2789 351 2842 tres
361 2781 411 2844 vel
422 2791 560 2863 quatuor
570 2783 755 2866 anodynum
766 2783 917 2860 ealdberi,
927 2806 1015 2847 curo.
1054 2785 1186 2846 Postero
1198 2781 1250 2844 die
1260 2781 1385 2843 cathar-
1399 2801 1464 2848 tione
1469 2813 1493 2848 a
1500 2820 1540 2849 ca.

286 2882 387 2945 ticum
402 2883 530 2966 aliquod
551 2885 717 2948 lenitivum
736 2886 926 2968 praescribo,
942 2885 1130 2966 interposito
1145 2883 1196 2945 die
1215 2903 1282 2944 uno
1296 2901 1385 2962 repe·
1399 2863 1504 2975 {23ssssss

286 2984 432 3063 tendum,
447 2987 488 3049 ad
502 2986 631 3050 tertiam
646 2987 743 3051 etiam
758 3009 995 3069 nonnunquam
1009 2986 1121 3062 vicem,
1133 2991 1228 3065 prout
1242 2981 1386 3045 humoris
1399 2992 1534 3052 perficitur.

287 3087 437 3170 reliquiae
454 3089 561 3171 plures
575 3089 654 3152 mihi
670 3089 829 3168 videntur,
846 3097 902 3152 aut
922 3088 1097 3171 pauciores.
1143 3083 1388 3148 Observandum

288 3197 336 3252 est
354 3198 471 3268 autem,
492 3191 587 3274 quod,
605 3192 632 3254 si
654 3193 776 3256 malum
796 3194 858 3256 hoc
881 3192 945 3254 sive
963 3190 1121 3255 fructibus
1142 3187 1275 3252 horariis
1292 3186 1388 3249 nimis
1401 3189 1531 3302 {lffl‘

289 3291 378 3354 avide
402 3292 544 3376 ingestis,
569 3293 633 3357 sive
656 3293 709 3357 alii
733 3293 804 3358 cibo
828 3294 1009 3376 cuicunque
1034 3288 1210 3376 δυσπέτπῳ
1231 3289 1389 3372 originem
1401 3319 1470 3366 ruiis
1481 3331 1525 3369 sut

289 3415 380 3457 suam
394 3395 518 3474 debeat,
532 3396 630 3478 (unde
645 3397 764 3460 scilicet
780 3397 866 3460 succi
879 3397 970 3480 pravi
980 3395 1185 3478 corruptique
1198 3394 1339 3477 primum
1353 3393 1388 3456 in
1401 3383 1543 3510 ῗὲξτξυζή

289 3497 478 3580 sangiunem
499 3499 812 3576 transmittebantin,
828 3507 925 3582 atque
945 3521 985 3562 ex
1006 3498 1119 3562 eodem
1139 3496 1335 3580 postliminio
1354 3496 1390 3558 in
1402 3521 1518 3562 turinor-

288 3599 428 3681 viscera,)
442 3601 537 3664 rebus
555 3602 719 3684 (inquam)
735 3602 779 3665 sic
794 3602 965 3680 stantibus,
979 3601 1176 3666 ventrieidus
1190 3608 1266 3664 ante
1281 3599 1390 3664 omnia
1401 3578 1527 3693 l'ssffl

290 3701 445 3768 eluendus
459 3711 508 3766 est
528 3705 611 3768 lacte
631 3705 814 3768 cerevisiato
829 3704 951 3768 affatim
970 3705 1096 3782 hausto,
1112 3712 1145 3766 et
1160 3724 1217 3786 per
1230 3703 1387 3766 vomitum
1401 3716 1438 3756 est
1450 3710 1534 3758 eluen-

289 3805 421 3886 reject03
445 3827 508 3888 quo
523 3807 695 3884 exantlato,
707 3807 893 3890 anodyuum
904 3807 1141 3890 propinandum
1156 3815 1217 3869 est:
1241 3805 1388 3888 sequenti
1400 3773 1548 3899 dimi

290 3915 398 3970 autem
414 3908 465 3970 die
480 3909 618 3991 primum
634 3931 715 3973 vena
737 3909 882 3987 secanda,
898 3917 931 3972 et
945 3909 981 3972 iu
1000 3909 1132 3974 caeteris
1155 3929 1193 3971 eo
1208 3930 1303 3990 quem
1320 3909 1389 3990 jam
1401 3901 1534 4028 ffffiffffi

290 4009 457 4072 docuimus
472 4011 582 4074 ordine
597 4012 844 4093 procedendum.
1404 4040 1500 4078 secetur

339 4113 400 4194 [5.]
428 4113 474 4176 At
488 4135 562 4176 vero
577 4135 652 4176 cum
666 4121 700 4178 et
720 4113 835 4177 doloris
850 4113 1062 4189 vehementia,
1081 4118 1114 4173 et
1129 4109 1333 4184 vomituritio,
1349 4108 1390 4169 ob
1405 4107 1472 4140 ”²¹¹²

291 4235 389 4296 quam
403 4215 556 4278 intestina
574 4217 615 4279 ad
634 4215 844 4281 inversionem
860 4216 951 4298 quasi
968 4215 1127 4288 feruntur,
1143 4210 1392 4274 catharticorum
1405 4269 1510 4322 Qud„

291 4317 469 4398 operationi
483 4317 649 4397 obsistant,
665 4317 880 4382 intendendae
899 4323 976 4378 sunt
991 4312 1166 4378 eorundem
1180 4311 1270 4387 vires,
1287 4330 1392 4392 neque
1404 4336 1532 4386 incanden-

291 4419 343 4482 leo
360 4419 504 4503 [subula]
520 4421 756 4504 excipiendus1'5
768 4420 888 4483 frustra
899 4417 987 4480 enim
997 4414 1107 4478 mitius
1116 4412 1328 4476 catharticum
1340 4434 1392 4475 ex·
1406 4399 1547 4514 23:232&

293 4520 444 4600 hibueris,
460 4523 523 4586 uisi
536 4523 618 4587 forte
635 4545 729 4606 aeger
749 4523 819 4586 alvo
834 4521 875 4583 sit
892 4518 986 4581 facile
1005 4515 1142 4593 solubili,
1159 4514 1245 4598 quod
1260 4514 1390 4598 diligen·
1406 4529 1542 4586 ramum,

327 4679 338 4709 Ρ
356 4671 463 4734 [mlada]
479 4673 518 4719 Sic
534 4675 618 4735 procul
636 4675 709 4720 dubio
721 4673 824 4721 scribere
869 4677 884 4698 ‘⁴
897 4673 917 4718 si
929 4669 1026 4733 quando
1038 4683 1087 4715 rem
1101 4667 1202 4730 periculi
1219 4669 1316 4732 plenam
1334 4669 1394 4716 lovi-

295 4737 373 4784 voluit
388 4737 456 4798 Syr..
471 4739 582 4798 quamvis
599 4743 678 4786 nabere
695 4739 825 4785 mansoriae
868 4735 914 4782 bus
926 4734 1058 4782 admodum
1069 4742 1092 4780 et
1103 4733 1208 4781 infirmis
1217 4734 1344 4796 praesidiis
1353 4733 1394 4778 de·

296 4799 367 4862 lapsu
381 4800 512 4862 scripserit.
546 4801 584 4847 Cf.
597 4801 679 4848 Sencc.
693 4803 768 4861 Epav.
785 4805 824 4848 82.
869 4799 957 4862 pellere
968 4799 1104 4846 volumus''
1124 4798 1157 4857 (J.
1163 4798 1281 4845 Alexand.
1291 4798 1394 4842 Brassic.

297 4865 366 4921 lla.
401 4866 488 4912 Subulo
512 4867 594 4912 leonem
614 4869 717 4926 erepere
737 4865 825 4912 dieitur
870 4867 935 4912 Pras.
949 4863 1010 4925 547,
1024 4870 1078 4925 post
1090 4863 1129 4909 an.
1143 4862 1239 4912 Ersuni
1251 4859 1344 4921 Δάας.)
