3825 5759
392 680 790 747 OBSERVATIONUM
813 680 1099 748 MEDICARUM
1122 687 1181 742 111.
1199 692 1224 742 3.
1298 682 1364 744 159

266 848 367 907 ortum
382 864 480 907 suum
492 843 609 909 debere
624 842 721 909 radiis
732 844 989 909 inflammatoriis
1002 844 1039 907 in
1053 844 1208 909 intestina
1218 842 1361 923 inversis,
1393 859 1493 909 raama

265 954 354 1030 atque
376 947 493 1011 cadem
521 947 562 1011 ad
584 948 804 1031 expulsionem
828 949 913 1012 banc
939 947 1192 1025 solicitautibus;
1215 968 1291 1010 cum
1312 946 1361 1011 in-
1374 925 1514 1038 Αἳζᾛζ,

264 1048 352 1112 terim
364 1050 535 1133 sanguinis
546 1070 653 1113 massa
663 1070 722 1133 ope
732 1049 830 1135 hujus
842 1048 1022 1115 diverticuli
1032 1072 1053 1114 a
1061 1050 1165 1129 malis,
1177 1070 1257 1133 quos
1269 1049 1362 1115 aliter
1375 1056 1515 1137 Q

264 1153 338 1217 radii
356 1152 412 1217 isti
432 1154 632 1232 attulissent,
649 1153 816 1217 effectibus
834 1153 963 1237 integra
980 1160 1111 1217 maneat
1130 1160 1226 1236 atque
1241 1152 1361 1231 illaesa,

264 1256 347 1321 nullo
358 1257 459 1321 febris
474 1257 594 1321 visibili
609 1258 701 1339 signo
716 1256 856 1321 exterius
872 1279 906 1321 se
920 1256 1087 1340 prodente.
1113 1256 1255 1336 Adhaec,
1268 1278 1363 1340 aeger

262 1368 362 1440 partes
381 1360 490 1423 cordis
510 1359 688 1423 scrobiculo
703 1360 929 1425 accumbentes
944 1381 1045 1423 manu
1058 1360 1162 1443 premi
1180 1381 1248 1423 non
1266 1360 1361 1438 tulit3

263 1462 342 1543 quod
361 1463 497 1547 quidem
513 1470 695 1546 symptoma
709 1470 742 1526 et
756 1463 882 1527 variolia
896 1460 939 1548 [c.
956 1465 987 1526 2.
1004 1468 1021 1545 ς
1037 1460 1084 1545 2.]
1105 1468 1138 1524 et
1155 1460 1251 1524 Fabri
1264 1460 1363 1545 hujus

263 1562 514 1629 constitutionis
535 1565 569 1650 [b
588 1564 633 1652 l.]
651 1564 802 1629 accidisse
813 1565 1007 1649 jampridem
1021 1564 1231 1629 ostendimus.
1270 1563 1364 1626 Idem

262 1667 354 1731 etiam
378 1668 473 1733 dolor
498 1676 595 1752 atque
621 1668 734 1733 eadem
759 1670 905 1733 carnium
927 1668 1112 1734 teneritudo
1134 1686 1364 1749 saepenumero

262 1776 388 1835 externe
414 1771 452 1835 in
478 1771 687 1855 epigastrium
706 1772 978 1856 protendebatur3
1011 1791 1246 1853 nonnunquam
1265 1770 1364 1833 etiam
1460 1818 1465 1825 .

261 1871 482 1953 inflammatio,
499 1895 583 1957 quae
605 1874 641 1937 in
665 1882 861 1957 apostemate
879 1882 976 1959 atque
999 1872 1088 1957 aegri
1105 1880 1210 1936 morte
1232 1869 1365 1934 demum

262 1975 511 2040 terminabatur.
558 1975 650 2041 Quae
679 1978 788 2041 omnia
812 1978 884 2042 luce
914 1976 1031 2041 clarius
1056 1974 1245 2040 indicabant
1270 1974 1364 2039 Diar-

261 2072 387 2139 rhoeam
402 2077 494 2141 hanc
509 2077 653 2161 ejusdem
667 2080 799 2145 omnino
818 2088 954 2145 naturae
971 2080 1071 2145 fiune
1090 2087 1188 2163 atque
1207 2080 1365 2144 esseutiae

260 2198 328 2243 cum
352 2182 410 2246 illa
438 2203 526 2265 quae
550 2188 622 2246 tum
646 2184 872 2249 dominabatur
895 2184 999 2249 Fabri.
1057 2183 1260 2248 Sententiam
1280 2182 1495 2263 hancetparem

260 2304 360 2348 meam
374 2285 487 2368 magis
502 2284 608 2349 adhuc
621 2294 725 2351 ratam
739 2286 876 2351 faciebat
891 2286 967 2350 felix
982 2294 1125 2365 eventus,
1141 2306 1237 2369 quem
1253 2305 1365 2348 venae-
1377 2265 1520 2377 {2215}de

261 2388 354 2452 sectio
374 2398 409 2453 et
434 2387 755 2469 medicamentorum,
776 2390 911 2468 diaetae,
934 2396 1032 2472 atque
1049 2388 1216 2472 regiminis
1233 2386 1365 2470 rein'ge·
1380 2394 1479 2487 [pospo-

261 2491 399 2556 rantium
421 2513 516 2569 usus,
535 2492 628 2574 (quae
646 2492 681 2555 iu
700 2492 797 2557 febris
817 2492 991 2557 variolosae
1010 2492 1176 2555 curatione
1196 2511 1366 2573 usurpasse
1377 2458 1433 2508 ¹⁸³⁸
1451 2459 1473 2524 'l

261 2610 316 2655 nos
327 2614 427 2678 saepe
445 2592 606 2676 diximus)
620 2592 656 2657 in
670 2595 814 2659 sananda
828 2595 926 2659 etiam
941 2594 1003 2659 hac
1018 2594 1195 2659 Dim-rhoea
1208 2594 1368 2677 perpetim

262 2691 410 2775 habuere,
438 2702 552 2778 utpote
578 2718 659 2778 quae
687 2697 764 2761 huic
793 2697 946 2771 methodo
972 2704 1119 2780 prompte
1148 2695 1263 2772 cessit3
1292 2715 1368 2758 cum

263 2814 332 2859 vero
346 2798 413 2861 alia
434 2795 532 2878 longe
554 2796 678 2861 diversa
696 2806 899 2878 tractaretur,
916 2800 982 2863 sive
1002 2797 1152 2863 exhibitis
1171 2796 1367 2862 rhabarbaro

262 2902 395 2989 aliisque
407 2902 592 2967 catharticis
606 2904 755 2985 lenitivis,
770 2906 823 2989 (ad
838 2906 1057 2970 deturbandos
1072 2906 1192 2970 scilicet
1201 2905 1367 2969 mordaces

261 3000 334 3069 istos
350 3025 479 3083 succos,
495 3004 551 3087 qui
565 3004 721 3071 intestina
734 3007 776 3070 ad
790 3008 975 3091 hujusmodi
992 3009 1190 3072 excretiones
1208 3007 1367 3093 putaban-

262 3112 314 3170 tur
335 3106 510 3193 irritasse,)
534 3106 599 3171 sive
622 3110 720 3173 etiam
740 3110 1004 3193 astringentibus,
1021 3130 1061 3174 ex
1082 3110 1145 3174 levi
1166 3132 1225 3174 sua
1249 3116 1369 3173 natura

263 3212 374 3278 morbo
398 3211 435 3275 in
458 3209 620 3286 exitialem
642 3212 824 3296 saepissime
845 3213 944 3276 evasit
952 3239 963 3291 ς
988 3220 1036 3292 ut,
1055 3212 1111 3296 qui
1130 3234 1168 3277 eo
1187 3234 1273 3276 anno
1291 3232 1367 3275 con-

264 3314 492 3393 cionabantur,
509 3314 606 3378 Diem
624 3314 824 3380 Obeuntium
849 3316 979 3381 Indices
1000 3316 1073 3399 plus
1095 3315 1172 3379 satis
1193 3321 1365 3380 testantur.

264 3416 371 3503 Atque
386 3418 469 3483 haec
484 3415 570 3480 dicta
585 3424 681 3481 sunto
696 3417 736 3481 de
750 3418 870 3482 morbis
881 3418 1065 3505 epidemicis
1081 3418 1137 3503 qui
1151 3418 1191 3485 ab
1206 3418 1267 3484 hac
1282 3418 1366 3483 Con·

265 3518 434 3587 stitutione
449 3516 645 3604 pendebant.

585 3666 597 3692 ²
616 3670 760 3738 [potum]
768 3676 871 3737 paeane
882 3672 935 3723 edd.
948 3673 997 3733 uo,
1009 3675 1056 3725 ’aa
