3825 5759
621 652 878 717 PROCESSUS
902 652 1106 717 INTEGRI.
1350 656 1414 721 609

311 814 434 892 morbo,
449 814 502 877 cui
521 833 707 898 praegressa
723 813 837 897 hyems
850 813 935 877 viam
953 820 1119 892 straverat,
1135 814 1307 879 extinctus.
1353 818 1414 881 At·
1428 836 1509 885 rins
1518 838 1571 887 De·

311 937 376 1001 que
390 916 470 980 haec
484 922 534 979 est
547 914 719 999 praecipua
732 914 827 979 Tabia
842 915 974 999 species.
1434 916 1564 1015 gsslffiff

360 1017 422 1101 [2.]
449 1018 550 1082 Porro
566 1037 641 1081 cum
655 1016 786 1100 sanguis
805 1018 866 1081 hac
883 1024 1076 1101 tempestate
1092 1018 1257 1101 particulis
1271 1018 1413 1085 humidis
1426 1038 1565 1047 “-““

311 1121 487 1185 admodum
502 1128 632 1199 scateat,
642 1121 894 1205 perspiratioque
905 1142 926 1185 a
935 1121 1044 1186 subita
1057 1145 1209 1206 pororum
1221 1129 1413 1192 contractio-

311 1244 354 1287 ne
365 1224 438 1307 plus
453 1225 531 1288 satis
545 1224 740 1302 inhibeatur,
753 1224 928 1307 particulae
941 1224 1004 1287 hae
1018 1224 1053 1287 in
1069 1227 1238 1309 pulmones
1254 1229 1414 1313 depluunt

311 1348 370 1410 per
382 1328 592 1411 interspersos
606 1347 707 1391 venae
724 1327 912 1391 arteriosact
925 1348 1050 1406 ramos,
1073 1330 1123 1393 vel
1136 1350 1195 1413 per
1209 1331 1325 1396 ductus
1341 1335 1413 1399 sali·

251 1469 256 1477 ·
311 1429 397 1493 vales
425 1430 461 1493 iu
491 1428 653 1512 glandulis
677 1429 785 1493 fauces
810 1429 1043 1512 aucupantibus
1072 1440 1292 1515 reponuntur,
1327 1437 1413 1499 unde

307 1533 377 1615 jam
391 1532 509 1595 humor
527 1553 585 1615 per
599 1551 744 1614 asperam
759 1532 930 1595 arteriam*¹
947 1531 1096 1613 delapsus
1110 1534 1146 1597 in
1166 1536 1345 1617 pulmones,
1361 1560 1413 1603 ca-

311 1634 414 1697 tarrhi
427 1634 503 1713 ritu,
519 1655 573 1698 eos
587 1634 635 1697 ita
652 1633 777 1717 jugiter
793 1633 908 1712 irritat,
923 1642 963 1697 ut
978 1634 1088 1699 creber
1108 1644 1141 1700 et
1155 1637 1328 1701 vehemens
1345 1648 1413 1703 tus-

311 1737 416 1801 siendi
429 1744 564 1802 conatus
583 1745 655 1801 tum
674 1737 768 1801 illam·
783 1737 993 1815 debilitatem,
1008 1744 1081 1801 tum
1096 1738 1158 1802 alia
1178 1760 1259 1823 quae
1274 1739 1413 1804 diximus

312 1826 536 1923 symptomata,
551 1839 641 1903 brevi
655 1848 805 1903 accersat.
841 1840 988 1923 Cumque
1003 1860 1070 1905 non
1081 1840 1150 1923 jam
1166 1842 1303 1925 amplius
1317 1848 1412 1905 natu·

310 1942 411 2006 ralem
437 1942 499 2006 sibi
520 1944 688 2026 pulmones
714 1942 933 2006 oeconomiam
961 1950 1144 2026 statumque
1168 1944 1253 2007 tueri
1275 1945 1412 2024 valeant,

311 2044 483 2127 glandulae
503 2052 536 2109 et
550 2044 719 2109 tubercula
734 2044 864 2108 adnasci
879 2046 1002 2122 solent,
1027 2066 1108 2129 quae
1125 2046 1160 2108 in
1181 2048 1284 2129 aegris
1299 2068 1338 2110 ex
1352 2048 1414 2111 hoc

310 2148 424 2213 morbo
439 2148 678 2227 decedentibus,
691 2147 718 2211 si
732 2148 929 2231 aspiciantur
943 2148 1122 2231 pulmones,
1137 2150 1311 2233 purulenta
1326 2150 1413 2213 sanie

309 2257 348 2314 ut
362 2251 539 2334 plurimum
553 2251 696 2315 distenta
708 2252 923 2334 reperiuntur.

359 2354 420 2437 [3.]
448 2354 517 2419 Ubi
538 2355 637 2418 semel
661 2354 833 2417 invaluerit
854 2354 908 2417 hic
933 2354 1075 2433 morbus,
1097 2361 1129 2419 et
1151 2356 1275 2421 radices
1301 2357 1412 2439 egerit,
1428 2363 1560 2411 cisino.

310 2455 453 2519 remedia
480 2456 670 2538 plerumque
703 2463 903 2539 aspernatur.
948 2456 1080 2520 Tentari
1112 2465 1278 2541 utcunque
1307 2466 1414 2542 potest

310 2556 491 2635 medicatio,
503 2557 680 2620 minuendo
695 2577 826 2620 causam
840 2556 1030 2621 defluxionis
1040 2558 1077 2621 in
1091 2560 1270 2642 pulmones,
1282 2568 1414 2644 pertusa

310 2660 346 2722 in
374 2658 486 2722 cubito
510 2681 602 2737 vena,
628 2650 811 2723 catharticis
832 2659 1033 2737 mitioribus;
1066 2668 1139 2723 tum
1168 2662 1412 2727 medicamentis

303 2761 515 2843 pectoralibus
543 2760 647 2837 dictis,
678 2760 719 2823 ad
748 2760 852 2823 varios
880 2759 985 2823 morbi
1021 2765 1124 2823 status
1154 2763 1412 2840 accommodatis,

310 2862 561 2928 incrassantibus
588 2861 708 2925 scilicet
737 2862 795 2925 ubi
819 2861 937 2924 humor
963 2860 1111 2926 subtilior
1137 2870 1170 2926 ct
1194 2863 1324 2927 tenuior
1347 2865 1412 2927 vim

311 2965 495 3050 expultriois
531 2964 695 3029 facultatis
728 2964 855 3028 videtur
884 2963 1024 3041 eludere,
1057 2965 1303 3029 attenuantibus
1337 2986 1413 3030 vero

310 3068 368 3133 ubi
388 3068 509 3152 pituita
529 3067 663 3132 crassior
684 3088 780 3150 aegre
802 3074 835 3131 et
857 3087 933 3130 oum
954 3065 1102 3129 molestia
1123 3088 1181 3150 per
1200 3089 1235 3131 os
1257 3068 1411 3151 rejicitur.

310 3172 397 3235 Dein
412 3178 445 3235 et
459 3170 585 3235 boetica
603 3168 701 3232 febris
715 3168 865 3232 remediis
884 3168 1150 3251 refrigerantibus
1168 3177 1411 3253 contemperan-

309 3272 461 3356 tibusque
490 3271 675 3337 coercenda.
719 3269 810 3333 'Palis
839 3277 916 3333 sunt
940 3269 991 3333 lac
1017 3268 1188 3348 asininum,
1212 3290 1296 3353 aqua
1319 3270 1412 3335 lactis

310 3376 478 3454 stillatitia,
494 3375 687 3439 emulsiones
701 3394 742 3437 er
756 3371 934 3456 amygdalis
948 3370 1107 3450 didcibus,
1123 3372 1298 3435 seminibus
1313 3374 1411 3437 melo·

309 3498 400 3555 num,
422 3498 595 3561 peponum,
614 3476 778 3560 papaveris
800 3474 875 3554 albi,
896 3496 980 3557 aqua
1000 3474 1116 3539 florum
1137 3475 1328 3559 paralyseos,
1349 3484 1409 3540 ete.

309 3582 459 3665 Denique
478 3590 512 3645 et
526 3581 668 3646 curando
683 3579 784 3644 ulceri
803 3597 901 3663 opera
919 3579 1026 3643 danda
1046 3585 1094 3643 est
1102 3604 1113 3657 3
1135 3578 1189 3643 cui
1208 3579 1255 3643 rei
1269 3580 1411 3643 terebin-

308 3683 403 3749 thina
416 3684 472 3749 illa
490 3684 623 3769 liquida,
638 3684 863 3765 wobclscmam
879 3683 976 3767 vulgo
994 3684 1089 3763 dicta,
1106 3684 1249 3768 apprime
1266 3684 1411 3749 conferre

309 3796 469 3854 censetur.
555 3789 561 3798 ’

359 3892 420 3977 [4.]
448 3892 597 3977 Hujusce
623 3890 728 3955 morbi
757 3890 880 3954 ornatio
911 3890 977 3972 (me
1004 3890 1134 3974 judica)
1167 3890 1228 3955 hac
1256 3890 1410 3957 methodo

309 3995 431 4078 optime
445 4014 482 4059 ac
496 3993 678 4057 felicissime
691 3993 889 4057 instituetur.
916 3992 1064 4057 Primum
1076 3992 1232 4057 educatur
1246 4014 1264 4056 e
1279 3993 1410 4058 brachio

310 4096 449 4178 sanguis,
473 4095 549 4160 dein
572 4095 771 4159 subducatur
795 4095 884 4158 alvus
906 4094 947 4158 ad
969 4102 1036 4159 tres
1061 4094 1128 4158 dies
1154 4096 1335 4174 continuos,
1358 4096 1408 4159 vel

309 4198 418 4280 pilulis
439 4198 558 4262 cochiis
575 4197 759 4281 majoribus,
774 4198 825 4261 vel
847 4197 978 4262 decocto
996 4198 1139 4261 leniente
1161 4218 1181 4259 a
1203 4196 1297 4260 nobis
1318 4218 1415 4285 praa,

311 4299 447 4382 scripto:
476 4300 574 4363 tertia
592 4306 688 4363 nocte
708 4299 898 4363 exhibeatur
912 4300 1023 4384 syrupi
1044 4300 1083 4363 de
1103 4299 1249 4363 meconio
1268 4298 1409 4362 semiun-

310 4402 369 4465 cia.
413 4400 604 4465 Intermisso
621 4401 721 4465 biduo
740 4401 896 4480 triduove,
914 4424 972 4486 pro
994 4422 1029 4465 re
1048 4408 1127 4465 nata
1148 4408 1314 4484 repetatur
1332 4422 1408 4484 pur·

310 4503 408 4586 gatio,
422 4503 520 4587 idque
536 4502 633 4567 toties
652 4504 709 4567 flat
729 4504 854 4587 quoties
874 4526 954 4589 opus
973 4504 1127 4582 videatur,
1146 4503 1248 4567 donee
1267 4510 1408 4587 sympto-

309 4613 399 4669 mata
422 4606 474 4670 vel
501 4626 631 4690 prorsus
660 4605 859 4685 evanuerint,
882 4608 932 4671 vel
962 4608 1075 4672 saltem
1105 4606 1286 4669 mitescant.
1332 4606 1410 4669 Post

309 4707 453 4790 singulas
468 4708 629 4771 catharses
640 4708 709 4791 jam
723 4707 831 4771 finitas
846 4709 952 4791 capiat
963 4707 1157 4792 opobalsami
1174 4714 1283 4789 guttas
1294 4705 1409 4788 uiginti

377 4838 385 4869 ¹
402 4855 449 4885 reis.
462 4836 545 4900 crta]
559 4852 592 4883 sc.
604 4839 682 4885 Arlrr.
695 4836 798 4885 Pulmon.
974 4846 989 4872 ²¹
1006 4854 1053 4899 asp.
1066 4835 1151 4897 ardea]
1164 4852 1198 4883 sc.
1215 4836 1343 4883 Trochrarr.

833 4922 885 4979 41
