3825 5759
558 615 857 679 DISSERTATIO
880 616 1188 679 EPISTOLARIS.
1332 712 1342 727 ⁸
1360 618 1424 680 393

260 847 264 853 ,
324 779 413 852 tuuc,
436 782 564 858 praeter
579 773 782 860 Hysterica
770 797 839 891 Jam
860 775 999 854 laudata,
1014 776 1218 841 laudunum
1209 797 1246 839 ur
1262 797 1357 839 usum
1373 796 1423 839 re-
1454 793 1496 904 nce
1487 794 1577 905 uqa-Ya-

324 876 431 939 vocari
452 876 558 955 debet,
574 876 661 959 quod
681 876 835 941 solum
806 898 889 941 vrres
907 878 1007 943 habet
1028 879 1079 942 his
1101 878 1323 962 symptomatis
1337 872 1485 970 cohi-„2⁰

324 975 440 1041 bendis
454 1000 592 1094 prorsus
597 1001 702 1093 pares.
1436 936 1578 1059 Τ*;,ο
1481 936 1560 1059 ships

368 1079 415 1143 At
429 1099 504 1144 vero
524 1080 561 1143 in
582 1080 621 1145 ιιι
644 1080 806 1145 doloribus
824 1064 974 1145 sedandis
996 1083 1051 1165 qui
1065 1082 1254 1147 vomitiones
1272 1083 1414 1149 excitant
1414 1075 1575 1189 ’dmm'

325 1181 503 1245 cavendum
526 1190 575 1246 est
590 1183 1101 1262 sedulo,neilli's1velaudano
1077 1207 1141 1250 nve
1159 1186 1222 1251 alio
1240 1189 1426 1303 paregorioo

325 1282 525 1365 mitigentur,
536 1306 603 1348 non
616 1285 797 1369 praemissis
807 1285 923 1349 debitis
939 1287 1208 1367 evacuationibus,
1223 1289 1288 1353 nisi
1301 1292 1426 1374 patien-

324 1384 406 1447 tiam
429 1386 496 1449 fere
519 1386 695 1451 humanam
718 1408 848 1452 omnem
869 1386 1024 1451 vicerint:
1055 1389 1211 1469 Primum,
1235 1390 1310 1474 quia
1333 1400 1427 1457 tauta

324 1508 559 1571 nonnunquam
574 1490 739 1574 sanguinis
754 1497 788 1555 et
801 1491 976 1555 humorum
990 1493 1082 1576 copia
1096 1501 1145 1557 est
1166 1503 1308 1577 aggesta,
1326 1498 1426 1579 (max-

323 1588 389 1653 ime
418 1590 454 1653 in
481 1591 630 1657 foeminis
663 1594 842 1677 sanguineo
871 1599 905 1657 et
937 1594 1087 1657 masculis
1119 1596 1284 1678 propriore
1312 1598 1427 1663 habitu

322 1692 498 1777 praeditis)
519 1702 641 1777 quanta
662 1697 815 1761 narcotici
836 1697 887 1761 vel
908 1697 1127 1777 efficacissimi,
1146 1699 1278 1783 ejusque
1300 1702 1426 1785 saepius

322 1797 462 1881 repetiti,
486 1802 705 1883 operationem
730 1802 834 1867 valeat
860 1802 1093 1881 sufflaminare;
1126 1803 1224 1886 (unde
1248 1804 1284 1867 in
1306 1806 1426 1870 talibus

210 1934 217 1959 ·
321 1902 454 1984 sanguis
483 1925 502 1967 e
531 1902 655 1969 brachii
684 1906 772 1970 venis
794 1906 974 1970 necessario
998 1914 1047 1969 est
1069 1906 1295 1987 extrahendus,
1319 1915 1352 1973 et
1373 1931 1425 1974 ca·

198 3624 203 3631 ,
319 3552 371 3615 nis
392 3552 428 3615 in
450 3552 566 3635 quibus
596 3550 727 3635 sanguis
749 3550 1021 3665 praedominatur,
1043 3571 1128 3613 vena
1151 3550 1290 3614 secanda
1313 3558 1362 3615 est
1384 3556 1481 3630 etrem

322 2004 498 2069 tharticum
517 2007 562 2071 eis
584 2008 821 2092 propinandum
845 2014 904 2086 est,
921 2014 1096 2091 antequam
1118 2008 1160 2072 ad
1178 2009 1311 2074 laudaui
1329 2032 1425 2076 usum

323 2108 529 2187 accedamus3
552 2110 603 2175 his
618 2112 705 2175 euim
720 2112 782 2176 rite
796 2112 943 2195 peractis,
960 2113 1047 2195 quod
1060 2113 1150 2196 prius
1163 2114 1215 2177 vel
1235 2114 1271 2178 in
1285 2116 1426 2181 maxima

323 2208 393 2273 dosi
408 2210 587 2275 exhibitum
601 2214 683 2277 nihil
697 2214 893 2298 proficiebat,
905 2214 975 2298 jam
989 2213 1026 2277 in
1040 2214 1111 2279 dosi
1124 2216 1278 2281 mediocri
1293 2238 1425 2302 scopum

322 2314 493 2399 attinget3)
524 2316 650 2398 deinde,
674 2319 750 2403 quia
770 2318 941 2402 multiplici
965 2319 1163 2401 experientia
1185 2318 1291 2384 edocti
1313 2342 1424 2386 sumus

322 2418 409 2500 quod
431 2418 555 2501 quotics
577 2440 674 2503 aegra
694 2420 850 2503 paulatim
875 2420 1016 2485 lauduno
1042 2422 1225 2501 assueverit,
1248 2444 1316 2487 non
1333 2446 1424 2507 prae-

321 2520 420 2584 missa
434 2520 640 2585 evacuatione
656 2521 773 2599 debita,
790 2543 919 2586 necesse
933 2522 1058 2600 habuit,
1073 2523 1115 2586 ob
1136 2523 1279 2587 dolorem
1293 2547 1369 2589 mox
1383 2526 1424 2591 ab

321 2632 531 2689 evanescente
545 2626 680 2689 remedii
694 2626 812 2689 virtute
831 2626 939 2689 denuo
960 2630 1186 2704 revertentem,
1201 2628 1424 2709 paregoricum

320 2749 431 2792 rursus
453 2730 609 2811 ingerere,
624 2729 720 2813 idque
743 2728 885 2813 quotidie
908 2728 949 2792 ad
973 2748 1075 2791 annos
1098 2728 1220 2810 aliquot
1241 2730 1422 2808 continuos,

321 2833 392 2897 dosi
415 2833 552 2897 subinde
576 2853 635 2915 per
658 2832 775 2915 gradus
805 2837 908 2909 aucta,
935 2830 983 2893 ita
1010 2838 1048 2893 ut
1070 2830 1162 2894 nullo
1186 2830 1283 2894 modo
1308 2833 1377 2915 jam
1403 2854 1423 2896 a

319 2935 460 2998 laudano
489 2934 650 2997 abstinere
681 2940 787 3017 queat,
816 2932 892 2995 licet
922 2952 1035 2995 onmes
1072 2930 1113 2994 ab
1142 2930 1198 2994 illo
1226 2932 1422 3015 digestiones

320 3037 485 3115 vitientur,
523 3043 557 3101 et
592 3036 775 3101 functiones
811 3033 976 3099 naturales
1011 3032 1239 3097 debilitentur:
1277 3034 1421 3117 quamvis

318 3162 388 3207 nou
428 3141 568 3207 sentiam
606 3140 737 3205 laudaui
777 3161 873 3203 usum
914 3138 978 3202 sive
1019 3136 1160 3215 cerebro,
1197 3136 1262 3201 sive
1302 3137 1419 3215 nervis,

319 3244 385 3309 sive
406 3241 613 3309 facultatibus
628 3242 829 3320 animalibus,
845 3240 1032 3305 immediate
1050 3260 1175 3304 nocere
1227 3236 1331 3323 [122]
1359 3240 1565 3321 Ju·1uqu1uub=u

319 3348 391 3412 ιιιιο
419 3347 529 3429 itaque
558 3366 628 3429 ego,
658 3343 756 3428 (quod
785 3350 934 3426 expertus
963 3342 1098 3425 loquor,)
1126 3342 1314 3407 evacuantis
1341 3338 1459 3434 arro-1⁸,v
1475 3326 1567 3373 ΜΟ·

319 3448 413 3566 dynis
436 3448 554 3512 debere
576 3446 759 3531 praemitti.
786 3446 875 3511 verbi
898 3444 1011 3528 gratia,
1030 3444 1228 3527 viraginibus
1251 3453 1285 3509 ιι
1306 3445 1466 3509 foemi-nn
1431 3402 1571 3581 tqtpug
1549 3520 1573 3566 b

318 3652 407 3717 alvus
429 3654 646 3732 subducenda,
668 3653 857 3738 praesertim
878 3652 906 3715 ιι
926 3674 995 3716 non
1019 3652 1089 3736 jam
1111 3652 1249 3735 alonge
1273 3659 1419 3736 tempore

317 3778 508 3841 paroxysmo
532 3756 655 3821 fuerint
680 3768 863 3841 correptae3
897 3755 925 3818 si
952 3776 1028 3819 vero
1050 3754 1209 3819 foeminae
1239 3755 1418 3835 debiliores,

319 3864 352 3921 et
378 3879 459 3941 quae
483 3860 732 3941 temperamenti
757 3858 962 3942 aptioribus
985 3858 1048 3921 illis
1069 3858 1165 3941 plane
1190 3857 1305 3922 diversi
1330 3865 1418 3936 sunt,

316 3958 540 4043 hujuscemodi
564 3980 753 4044 paroxysmo
779 3966 811 4023 ct
834 3960 941 4024 dolore
967 3960 1160 4042 affligantur,
1182 3967 1279 4043 atque
1304 3961 1418 4025 eodem

317 4060 455 4125 subinde
468 4061 557 4125 haud
575 4062 622 4125 ita
636 4062 760 4145 pridem
778 4061 1001 4140 laboraverint,
1017 4062 1152 4125 sufficiet
1167 4083 1279 4125 eorum
1297 4063 1416 4125 ventri·

315 4163 404 4227 culos
419 4164 534 4247 congio
544 4184 611 4227 uno
628 4162 711 4247 (plus
728 4163 858 4247 minus,)
871 4163 964 4227 lactis
974 4163 1150 4226 cerevisiati
1163 4163 1279 4226 hausto
1293 4170 1326 4226 et
1340 4183 1416 4226 mox

315 4288 374 4351 per
390 4268 547 4331 vomitum
565 4268 685 4351 rejecto
705 4265 881 4349 detergere,
905 4265 981 4329 dein
1000 4265 1122 4347 largam
1144 4264 1237 4327 dosin
1257 4265 1414 4347 imperare

316 4371 381 4435 sive
395 4372 559 4437 theriacae
571 4368 801 4447 Andromaebi,
817 4368 883 4431 sive
898 4366 1063 4431 electuarii
1077 4365 1253 4442 Orvictani,
1268 4372 1301 4429 et
1320 4365 1414 4429 coch-

314 4470 413 4536 learia
438 4473 559 4556 aliquot
581 4470 713 4555 liquoris
737 4468 870 4552 alicujus
894 4468 1058 4551 spirituosi
1082 4475 1116 4531 et
1138 4468 1249 4550 gustui
1271 4490 1338 4533 uon
1362 4468 1412 4532 in-

315 4576 399 4658 grati
414 4597 488 4640 cum
502 4575 611 4659 paucis
625 4572 757 4638 laudeni
770 4572 884 4655 liquidi
899 4571 1036 4656 guttulis
1051 4573 1295 4657 superbibeuda

363 4678 469 4763 [123]
498 4677 595 4744 Quod
614 4678 642 4741 si
661 4697 756 4760 aegra
772 4676 965 4759 jampridem
982 4676 1150 4753 vomuerit,
1168 4683 1342 4761 antequam
1361 4699 1412 4743 ac·
1426 4695 1457 4743 Ιιι
1469 4712 1516 4761 quo
1528 4713 1564 4745 ιι-

314 4788 493 4846 cerneretur
518 4780 677 4858 Medicus,
704 4786 736 4843 ιι
761 4785 867 4842 metus
893 4778 945 4857 sit,
972 4799 1024 4856 ιιι,
1050 4780 1078 4844 si
1106 4780 1250 4845 emeticis
1277 4782 1413 4846 ulterius
1425 4761 1540 4809 ἨΜ

834 4882 890 4945 3ιι
