3825 5759
508 663 807 728 DISSERTA'PIO
830 665 1138 730 EPISTOLARIS.
1306 657 1367 729 361

256 823 378 886 diebus
394 823 516 906 aliquot
531 823 646 908 elapsis
657 825 824 907 sequentia
838 825 1017 910 adjiciebat,
1028 827 1069 891 ad
1080 826 1220 890 eundem
1235 847 1367 910 scopum
1381 836 1422 884 Da
1433 836 1520 887 viar-

255 924 526 988 collimantiat—
1379 903 1521 1014 οζζζξξξ

257 1081 367 1143 [For-m.
380 1084 438 1147 70.]
475 1081 507 1158 R
527 1085 675 1139 conservae
687 1087 817 1140 Bosarum
830 1087 981 1142 Rubrarum
993 1108 1041 1161 per
1052 1099 1185 1144 setaceum
1198 1090 1324 1160 trajectae
1337 1099 1366 1142 et

563 1169 719 1225 Vitriolatae
732 1174 823 1226 uncias
836 1183 959 1243 quatuor,

529 1255 648 1309 Balsami
662 1257 791 1310 Locatelli
803 1260 896 1311 uncias
908 1257 984 1322 duas,

530 1341 591 1396 Bcli
602 1343 744 1408 Armenaa

530 1427 674 1498 Sanguinis
687 1429 825 1495 Draconis,

529 1513 632 1583 Speciei
645 1513 789 1568 Electuarii
802 1516 967 1579 Diacorallii,
977 1534 1031 1570 ana
1042 1515 1195 1570 drachmam
1210 1533 1301 1579 unam,

530 1599 625 1669 Sympi
639 1617 654 1653 e
666 1601 789 1654 Coralliis
802 1604 978 1670 quantitatem
991 1602 1163 1656 sufficientem

407 1691 437 1735 nt
456 1684 503 1737 fiat
517 1684 697 1750 electuarium,
714 1685 747 1738 de
764 1704 816 1755 quo
830 1687 919 1756 capiat
934 1688 1111 1756 quantitatem
1129 1687 1203 1740 nucis
1215 1686 1366 1740 moechatae

405 1771 446 1823 bis
459 1771 492 1824 de
503 1770 554 1835 die,
567 1772 758 1841 superbibcndo
771 1773 894 1827 baustum
908 1774 1059 1826 mnulsionis
1071 1775 1204 1844 sequentis
1211 1796 1255 1827 :-

260 1909 367 1973 [Form.
378 1912 454 1980 71.]ἆ
479 1911 510 1990 R
531 1915 668 1970 Seminum
681 1916 822 1983 Lactucae,

529 2001 693 2070 [Seminum]
708 2003 872 2068 Portulacae,
884 2021 937 2058 ana
949 2004 1088 2058 drachmas
1101 2014 1162 2069 tres,

527 2086 693 2154 [seminum]
707 2089 886 2159 Cydonicmm
898 2091 1149 2160 sesquidrachmam‚

528 2172 695 2244 [Seminum]
711 2173 852 2246 Papaveris
864 2175 926 2229 Albi
938 2177 1111 2241 semunciam,

530 2259 693 2330 Amygdnlns
707 2261 804 2315 Duloes
816 2263 991 2319 excorticatae
1002 2264 1135 2332 quinque3

405 2344 610 2400 Contuudantur
621 2347 649 2400 in
660 2349 786 2402 mortario
798 2366 952 2413 marmoreo,
964 2350 1062 2403 senam
1075 2347 1238 2403 effundendo

526 2433 620 2502 Aquae
632 2431 800 2504 Plantaginis
810 2435 891 2490 libras
902 2435 977 2498 duas,

526 2519 620 2588 Aquae
633 2519 802 2573 Cinnamomi
816 2519 970 2574 Hordeatae
981 2521 1075 2573 uncias
1086 2519 1169 2582 duas;

404 2601 537 2655 celaturae
549 2601 617 2655 adde
629 2603 746 2656 sacchari
758 2606 934 2674 quantitatem
948 2605 1131 2658 sufficientem.

310 2741 401 2806 “His
422 2744 571 2807 remediis
594 2745 732 2826 (favente
751 2747 924 2828 Nursina)
948 2768 1043 2830 aeger
1064 2747 1151 2812 intra
1172 2747 1366 2831 septimanas

263 2853 330 2908 tres
346 2845 467 2908 aschre
482 2853 515 2909 et
529 2847 696 2910 horrendis
710 2847 773 2910 illis
788 2867 869 2928 quae
883 2846 1130 2910 memoravimus
1144 2849 1369 2930 symptomatis

263 2945 426 3023 liberatus,
449 2947 603 3030 petechiis
627 2948 763 3026 abolitis,
786 2957 882 3031 atque
903 2948 997 3012 urina
1016 2956 1089 3012 tum
1111 2950 1249 3016 colorem
1270 2959 1368 3013 natu-

264 3045 365 3109 ralem
391 3055 463 3110 tum
489 3048 730 3112 consistentiam
752 3049 935 3132 recipiente,
955 3048 1110 3132 paulatim
1132 3049 1174 3112 ad
1195 3049 1367 3114 sanitatem

265 3155 299 3212 et
314 3148 394 3214 vires
408 3150 559 3234 pristinas
573 3150 700 3216 rediit.’'

314 3251 397 3336 [55.]
419 3252 572 3318 Quamvis
587 3261 695 3318 autem
710 3260 926 3336 symptomata
938 3251 1002 3316 ista
1011 3251 1081 3337 jam
1096 3252 1182 3318 dicta
1194 3252 1277 3320 febri
1290 3275 1367 3320 con-

265 3353 375 3418 tinuae
389 3363 615 3436 accrescerent,
627 3377 694 3420 non
704 3377 779 3420 vero
793 3355 839 3418 illi
853 3355 966 3418 morbo
981 3355 1022 3420 de
1036 3377 1100 3438 quc
1114 3377 1173 3420 nos
1188 3377 1286 3440 supra
1299 3357 1365 3440 egi·

266 3481 355 3522 mus:
379 3480 454 3522 cum
468 3467 588 3538 tamen,
605 3457 727 3542 quoties
747 3457 937 3522 utrumlibet
956 3479 996 3523 ea
1013 3458 1220 3540 comitantia,
1236 3480 1257 3523 a
1269 3460 1364 3524 vehe-
1378 3476 1427 3526 Par
1437 3495 1491 3528 me-
1520 3533 1524 3540 ⁸

266 3563 367 3626 menti
388 3563 641 3628 inflammatione
663 3568 696 3626 et
718 3561 883 3644 sanguinis
905 3561 1006 3627 nimia
1026 3562 1258 3640 attenuatione,
1276 3562 1364 3626 unde
1376 3543 1507 3656 fflffi

267 3664 393 3746 magaria
414 3686 472 3748 per
493 3664 601 3728 oscula
619 3685 766 3728 vasorum
784 3662 875 3746 quasi
893 3663 924 3726 vi
944 3663 1092 3746 exigitur,
1112 3685 1239 3747 semper
1255 3673 1364 3730 ortum
1376 3673 1479 3794 pariare

268 3766 403 3846 ducant,
425 3767 534 3831 nullus
547 3765 661 3830 dubito
676 3766 755 3848 quin
773 3787 831 3849 par
844 3765 1016 3832 methodus
1034 3766 1070 3828 in
1082 3773 1177 3830 tanta
1195 3787 1364 3830 caricarum
1374 3743 1520 3847 ffiffl,

267 3869 399 3951 paritate
418 3870 549 3934 omnino
571 3870 613 3934 sit
633 3869 823 3947 adhibenda,
844 3877 1002 3952 quantum
1021 3869 1141 3932 scilicet
1161 3869 1225 3932 fert
1243 3870 1363 3934 atrias·
1376 3865 1512 3938 que-moror

270 3992 327 4055 que
349 3971 453 4036 morbi
475 3972 596 4055 genius.
643 3971 860 4038 Quamobrem
879 3971 997 4036 Virum
1019 3970 1189 4053 Optimum
1210 3971 1363 4054 rogabam
1375 3929 1490 4038 iiiiiiii-

270 4079 304 4136 ut
324 4073 404 4138 mihi
422 4095 481 4158 per
501 4074 591 4138 illum
611 4073 719 4138 liceret
740 4073 824 4136 hanc
844 4073 911 4155 ejus
933 4071 1132 4136 curationem
1154 4071 1208 4134 hic
1228 4071 1363 4135 subnec·
1376 4061 1424 4103 ²¹¹¹·

269 4180 343 4240 tere.
389 4175 496 4242 Quam
522 4175 652 4260 quidem
681 4175 706 4239 ai
733 4175 803 4258 quis
828 4174 878 4238 vel
906 4172 987 4236 mihi
1014 4171 1248 4236 iniemissimus
1276 4174 1363 4251 (cum

270 4283 386 4357 tamen,
402 4278 521 4342 alienos
540 4297 645 4342 mores
665 4298 682 4340 e
699 4276 833 4358 propriis
853 4274 1036 4351 aestimans,
1050 4273 1177 4336 nullum
1195 4270 1363 4334 inimicum

270 4378 383 4444 habere
405 4381 551 4464 sperem)
569 4378 780 4462 praestiterat,
802 4385 922 4452 tamen,
937 4373 1071 4440 veritate
1092 4372 1206 4447 victua,
1220 4370 1362 4453 praecla-

270 4483 422 4547 rissimam
437 4505 508 4548 eam
523 4483 621 4546 fuisse
641 4479 785 4545 omnium
807 4499 886 4562 quas
901 4496 1046 4559 unquam
1056 4474 1131 4538 novi
1145 4472 1361 4550 curationum,

271 4584 379 4648 lubens
394 4585 530 4662 faterer;
554 4605 654 4668 quum
672 4581 798 4667 jamdiu
817 4587 1016 4663 compertum
1037 4578 1184 4655 babeam,
1200 4597 1298 4660 quam
1320 4577 1362 4642 sit
1473 4589 1477 4593 ’

270 4684 361 4750 fatale
380 4687 636 4754 febricitantibus
658 4683 848 4768 sanguinem
869 4703 942 4746 cnm
965 4679 1059 4744 urina
1079 4700 1266 4744 excernere:
1289 4701 1363 4746 cum
1456 4752 1462 4762 ,

711 4811 776 4860 *Ch
790 4811 859 4860 iorni
877 4810 916 4860 67.

784 4892 844 4956 3a
