3825 5759
703 670 974 739 TRACTATUS
998 675 1027 740 Ι.
1104 735 1106 740 .
1348 682 1413 746 437

311 855 401 899 aeres
423 854 461 899 ao
486 840 694 900 attenuantes
717 836 861 920 quilibet,
882 838 932 902 uti
954 838 996 903 ad
1018 840 1177 904 caleulum
1199 841 1268 924 jam
1290 842 1413 925 facturn
1436 863 1561 914 Darou.

310 937 546 1021 proritandum,
576 938 623 1003 ita
651 938 694 1002 ed
722 939 860 1003 eundem
892 942 1114 1023 generandum
1143 943 1251 1022 etiam,
1277 944 1411 1009 faciunt.
1425 944 1565 1012 -ᾸΞἏ,

311 1038 436 1122 liquor
464 1060 610 1122 sequens,
637 1046 750 1124 utpote
780 1041 836 1125 qui
864 1048 964 1125 gustu
988 1065 1027 1108 ao
1051 1046 1157 1111 colore
1181 1046 1328 1132 jucundo
1353 1055 1412 1129 est,

312 1142 395 1205 mihi
409 1143 548 1207 maxime
562 1142 682 1208 arridet
692 1168 745 1207 2-

315 1328 417 1391 [Form.
430 1333 506 1399 954³
532 1327 563 1408 R,
584 1330 720 1398 [Radiois]
735 1331 923 1403 Sarsaparillae
935 1334 1027 1388 uncias
1038 1350 1095 1401 sex,

579 1417 660 1487 Ligni
674 1418 813 1483 Sussal’ras,

581 1503 717 1575 [Radiois]
730 1504 843 1569 Chinae,

578 1590 697 1645 Rasurae
710 1591 964 1656 cornacervina
974 1594 1066 1646 unuin
1078 1592 1154 1659 duas,

580 1676 715 1747 [Radiois]
730 1677 919 1748 Glyoyrrbizae
930 1679 1038 1756 unciam
1050 1697 1147 1744 unam3

456 1765 548 1833 (loque
566 1765 594 1817 in
610 1780 695 1833 aquae
713 1762 838 1817 formose
857 1766 960 1834 congiis
976 1764 1080 1819 duobus
1096 1783 1144 1837 per
1160 1766 1239 1821 horae
1259 1767 1416 1832 dimidium

456 1849 552 1904 deinde
569 1858 640 1903 stent
657 1850 746 1903 clause
764 1865 843 1919 super
860 1850 962 1903 eineres
981 1850 1080 1905 ualidos
1097 1870 1144 1922 per
1163 1854 1241 1908 boras
1259 1854 1415 1919 duodecim

456 1945 548 2007 postea
560 1936 690 1991 ebulliant
705 1936 740 1991 ad
756 1938 849 1991 tertiae
864 1938 947 2007 partis
963 1939 1206 2009 eonsumptionem:
1225 1942 1415 2012 cumprimum

455 2024 489 2076 ab
507 2024 569 2093 igne
587 2031 750 2088 amoveatur,
768 2020 877 2077 infunde
899 2023 1038 2077 Sentinum
1059 2026 1135 2079 Anisi
1154 2028 1334 2090 semunciam
1355 2036 1416 2099 post

456 2108 522 2163 duas
534 2110 610 2163 horas
621 2110 729 2173 soletur,
741 2117 769 2163 et
783 2118 875 2179 postea
886 2108 1028 2179 depuretm
1039 2127 1086 2180 per
1097 2111 1275 2179 residentiam,
1292 2123 1320 2168 et
1330 2114 1416 2184 liquor

456 2196 542 2250 clariis
553 2204 694 2267 reponatur
705 2196 734 2249 in
745 2196 849 2266 lagenis
861 2196 948 2249 vitreis
959 2197 1039 2267 probe
1051 2197 1147 2252 clausis
1157 2198 1193 2252 ad
1203 2216 1290 2253 nsum.

365 2370 448 2455 [ta]
476 2370 541 2435 Hie
570 2370 675 2454 liquor
699 2376 773 2435 tum
801 2370 943 2453 primum
973 2370 1231 2436 commodissime
1255 2372 1292 2436 in
1319 2394 1526 2457 mumqmdo

316 2474 473 2553 trahetur,
493 2474 550 2538 ubi
570 2474 641 2557 quis
662 2496 681 2538 a
700 2494 890 2558 paroxysmo
910 2474 1073 2538 convaluit
1081 2501 1092 2553 3
1115 2481 1213 2559 atque
1232 2475 1268 2539 in
1287 2496 1325 2540 eo
1344 2497 1416 2559 per-
1427 2474 1537 2571 {gffi

316 2576 537 2655 severendum,
557 2576 681 2640 tamin
700 2576 777 2661 ipsis
796 2576 994 2659 paroxysmis
1013 2599 1110 2660 quam
1129 2578 1166 2641 in
1185 2600 1297 2642 eorum
1315 2580 1416 2643 inter·
1429 2588 1562 2636 dissimein

316 2680 416 2759 uallis,
432 2702 490 2763 per
511 2680 672 2763 reliquum
693 2679 777 2743 vitae
795 2698 944 2742 cursum:
966 2699 1073 2761 neque
1092 2681 1180 2742 enim
1200 2682 1279 2744 satis
1293 2682 1416 2745 factum
1428 2667 1503 2765 iffi
1514 2660 1563 2700 ω’

318 2792 367 2847 est
382 2784 543 2847 saeviente
557 2782 663 2846 adhue
684 2780 797 2845 morbo
817 2780 907 2843 novis
921 2780 1018 2843 rebus
1038 2781 1178 2860 studere,
1194 2802 1269 2846 oum
1282 2784 1319 2846 in
1333 2785 1416 2868 ejus-

317 2884 406 2949 modi
425 2882 542 2971 ἀταξίᾳ
560 2890 593 2949 et
618 2890 710 2947 motu
730 2882 914 2945 inordinato
933 2881 1064 2946 Natura
1081 2883 1135 2946 vix
1155 2884 1239 2947 ferre
1261 2893 1358 2967 queat
1379 2893 1418 2951 ut

318 2988 457 3070 liquores
476 2986 671 3065 fermentati,
691 2985 747 3069 qui
766 2983 943 3068 vegetiores
964 2991 1042 3047 sunt
1061 3006 1099 3049 ae
1120 2985 1224 3068 magis
1243 2986 1417 3070 spirituosi,

316 3111 392 3153 eum
408 3089 471 3153 alio
484 3089 582 3153 inerti
597 3110 633 3153 ao
648 3089 813 3173 spiritibus
828 3087 985 3152 destituto
999 3093 1249 3152 eommutentur.
1293 3088 1419 3154 Eodem

318 3193 416 3257 etiam
430 3200 574 3277 tempore
589 3198 622 3257 et
637 3191 846 3257 electuarium
860 3189 1076 3275 praedictumr
1089 3188 1299 3273 usurpabitur
1306 3217 1316 3268 ς
1332 3192 1418 3275 quod

317 3296 438 3381 pariter
470 3295 629 3379 deinceps,
658 3300 728 3358 tam
755 3295 792 3358 in
820 3313 1086 3378 paroxysmorum
1116 3292 1291 3357 insultibus
1320 3316 1418 3377 quam
1446 3358 1450 3365 ,

318 3406 409 3463 extra
423 3420 486 3479 eos,
503 3398 646 3483 quotidie
660 3404 710 3462 est
724 3397 953 3462 devorandum.
999 3396 1108 3481 Hujus
1123 3396 1209 3460 calor
1222 3402 1318 3479 potus
1332 3397 1436 3471 diae,

318 3502 409 3565 tetioi
431 3502 644 3587 aquositatem
666 3500 890 3585 quadantenus
912 3498 1071 3583 pensabit,
1092 3498 1243 3582 sanguini
1264 3505 1298 3564 et
1319 3501 1417 3573 ¹visee-

316 3604 407 3669 ribus
423 3605 569 3669 debitum
589 3604 701 3668 caloris
722 3604 858 3687 gradum
877 3602 1060 3681 consiliam,
1075 3602 1146 3666 sine
1162 3602 1226 3666 iata
1242 3603 1420 3686 agitatione

318 3730 401 3792 quae
416 3708 548 3773 excitari
561 3706 642 3771 solet
657 3706 698 3771 ab
714 3714 806 3770 aestu
818 3706 981 3789 liquorum
994 3706 1272 3770 fermentatorum.

368 3811 450 3895 [50.]
480 3810 516 3873 Si
536 3809 606 3892 quis
629 3808 769 3892 objiciat,
785 3829 856 3873 earn
870 3808 971 3871 vitam
989 3808 1042 3871 vix
1059 3808 1190 3872 vitalem
1209 3829 1278 3873 esse
1298 3808 1335 3872 in
1355 3830 1420 3892 qua

320 3913 505 3977 omnimoda
527 3919 600 3977 turn
626 3933 646 3975 a
666 3912 741 3975 vino
766 3918 838 3975 tum
861 3910 902 3974 ab
928 3910 999 3974 aliis
1019 3909 1197 3993 liquoribus
1217 3911 1419 3977 fermentatis

320 4017 517 4081 abstinentia
541 4014 746 4093 observatur,
774 4013 962 4098 respondeo,
987 4013 1251 4096 perpendendum
1276 4034 1346 4087 ease
1373 4036 1419 4078 an

319 4142 386 4183 non
411 4122 508 4202 longe
528 4116 677 4181 miserius
699 4117 741 4180 sit
763 4137 800 4180 ao
825 4116 934 4179 minus
959 4114 1126 4179 tolerabile
1148 4116 1225 4178 diris
1245 4116 1418 4180 inveteras-

320 4223 423 4287 centis
441 4221 606 4305 Podagrae
626 4218 820 4285 eruciatibus
841 4220 929 4301 (nam
948 4218 985 4281 in
1002 4218 1124 4282 mitiori
1139 4218 1251 4281 morbo
1269 4239 1338 4281 non
1356 4220 1419 4283 hoo

320 4324 470 4409 postulo,)
499 4322 641 4407 quotidie
666 4320 892 4400 excarnificari,
920 4342 1017 4404 quam
1045 4319 1122 4383 huie
1150 4319 1210 4382 soli
1238 4319 1355 4401 liquori
1383 4342 1418 4385 se

321 4426 530 4508 adstringere,
545 4426 637 4509 eujus
651 4446 714 4487 usu
728 4424 917 4488 continuato
931 4423 967 4485 in
981 4422 1114 4485 caeteris
1132 4421 1304 4485 esculentis
1317 4422 1418 4487 ferme

321 4528 470 4594 omnibus
490 4528 598 4591 animo
617 4526 751 4610 obsequi
768 4526 843 4589 licet
854 4550 876 4597 ε,
889 4532 928 4588 nt
944 4524 1014 4607 jam
1031 4544 1099 4587 non
1117 4529 1262 4606 repetam
1280 4524 1366 4607 quod
1384 4533 1418 4591 et

320 4633 373 4697 hic
387 4640 482 4716 potus
500 4631 560 4714 (uti
575 4638 701 4695 caetera
714 4629 844 4711 omnia)
858 4628 1019 4691 ducesoet
1034 4626 1276 4691 cousuetudine.
1322 4628 1418 4694 Certe

321 4738 376 4821 qui
403 4736 492 4800 huno
520 4734 672 4797 morbum
702 4737 850 4816 expertus
880 4737 938 4809 est,
965 4729 1072 4813 (modo
1100 4730 1207 4808 homo,
1232 4750 1300 4795 non
1328 4732 1418 4816 bipes

450 4871 461 4903 ‘¹
480 4864 518 4911 Cf.
529 4864 598 4910 form.
613 4862 665 4907 122.
1089 4865 1100 4889 ¹
1117 4858 1153 4907 cf.
1167 4858 1237 4906 form.
1248 4860 1287 4908 92
