3825 5759
521 686 564 747 98
827 681 1023 746 ΤΗΟΜΑΕ
1048 679 1307 744 SYDENHAM

392 863 490 911 Frena
523 846 629 919 Peste,
643 851 716 907 tum
736 842 953 911 laborantium
975 841 1140 920 halitibus,
1155 847 1227 905 tum
1242 848 1444 906 mortuorum
1464 839 1624 904 cadaveri-

378 928 508 1040 ,pr
524 947 595 1027 bus,
611 947 699 1011 iasa
722 953 755 1010 et
777 946 965 1030 contagium
984 944 1169 1022 insuam
1192 944 1272 1009 seeo
1294 952 1333 1009 ut
1357 944 1399 1007 ae
1421 943 1624 1008 messinae

372 1055 510 1145 assensn
525 1048 736 1133 aegritudinis
745 1048 1009 1132 propagationem
1014 1048 1083 1132 jam
1091 1069 1160 1111 non
1169 1046 1545 1131 ampliusvelfomitevel
1554 1066 1624 1128 per·

371 1122 512 1202 Q
525 1152 627 1216 sonali
636 1150 796 1215 consortio
801 1171 880 1235 opus
886 1150 937 1229 sit,
942 1171 1054 1214 verum
1064 1170 1290 1233 quemcunque
1297 1148 1528 1227 hominem,vel
1536 1169 1625 1210 sum-

371 1210 490 1336 iiieejlba
505 1256 508 1263 ’
525 1276 580 1319 ma
594 1275 671 1318 cura
682 1274 702 1316 a
712 1252 807 1317 Peste
822 1252 1159 1335 eorreptis'semotum,
1168 1251 1238 1334 ipse
1252 1255 1307 1315 aer
1317 1272 1393 1315 cum
1408 1250 1524 1334 spiritu
1537 1249 1625 1313 intro

371 1338 512 1453 ἐξξξῦῑξοιζ
526 1357 656 1422 subiens
670 1377 728 1440 per
742 1376 775 1419 se
791 1376 828 1419 ae
849 1375 907 1420 suo
923 1355 1033 1419 Marte
1054 1354 1186 1418 inficere
1200 1355 1314 1433 valeat,
1332 1354 1428 1418 modo
1441 1354 1496 1416 ille
1510 1373 1626 1436 eorpus

372 1419 451 1531 geul.
469 1420 485 1467 p
525 1461 644 1526 habeat
658 1458 847 1523 humoribus
867 1458 909 1523 ad
927 1458 1069 1522 afflatum
1085 1457 1310 1541 excipiendum
1324 1457 1444 1541 paratis
1458 1456 1625 1521 refertum.

373 1562 476 1641 0130503
575 1563 635 1648 [5.]
664 1562 859 1646 Quanquam
880 1568 991 1626 autem
1010 1560 1064 1624 hic
1084 1560 1226 1640 morbus,
1245 1582 1320 1625 cum
1340 1559 1499 1623 duntaxat
1518 1579 1626 1643 spora-

372 1627 506 1748 iiiiii?
525 1667 616 1732 dicus
646 1666 764 1745 existit,
791 1665 881 1729 nullo
911 1663 1114 1747 tempestatis
1144 1664 1328 1728 discrimine
1355 1683 1474 1746 paucos
1504 1662 1627 1744 aliquot

372 1756 503 1869 mm
524 1768 660 1853 (tradito
675 1768 766 1853 quasi
780 1788 838 1851 per
852 1774 969 1831 manus
984 1766 1156 1849 contagia)
1174 1766 1314 1849 affligat3
1336 1773 1448 1830 tamen
1462 1764 1521 1829 ubi
1535 1762 1627 1828 adest

372 1892 488 1961 aestatem
525 1873 624 1939 etiarn
646 1872 824 1957 epidemiea
845 1872 927 1935 aeris
953 1869 1155 1948 constitutio,
1178 1871 1321 1934 exoritur
1345 1869 1430 1934 circa
1455 1890 1527 1933 eam
1548 1868 1627 1932 anni

372 1950 510 2061 2¹:¹2³&ssoe
525 1982 650 2059 partem
671 1996 752 2057 quae
771 1974 857 2037 inter
877 1992 932 2037 ver
954 1993 992 2037 ae
1012 1978 1169 2036 aestatem
1190 1971 1337 2056 ambigit,
1351 1978 1466 2056 utpote
1480 1992 1563 2055 quae
1585 1968 1628 2033 ad

524 2076 764 2161 producendam
798 2074 1046 2158 aegritudinem,
1079 2076 1172 2159 cujus
1206 2074 1347 2140 essentia
1377 2075 1414 2138 in
1452 2075 1628 2138 humorum

526 2178 700 2264 paeoniam,
717 2178 782 2243 sive
796 2177 1048 2261 inflammatione,
1067 2177 1118 2259 (ut
1130 2184 1241 2261 postea
1260 2177 1294 2264 [q
1312 2177 1379 2262 16.]
1396 2176 1625 2273 ostendemus)

525 2281 683 2363 imprimis
706 2280 862 2358 consistit,
885 2278 1027 2343 maxime
1047 2278 1165 2343 idonea
1190 2286 1288 2362 atque
1311 2278 1552 2344 accommodata
1574 2277 1627 2341 sit.

526 2384 626 2447 Porro
642 2390 675 2446 et
691 2404 749 2446 sua
763 2381 861 2446 habet
876 2381 1069 2445 incrementi
1088 2401 1126 2445 ae
1146 2380 1369 2446 declinationis
1390 2389 1545 2465 tempora,
1560 2401 1629 2444 non

526 2504 618 2550 secus
643 2506 679 2548 ao
705 2492 849 2549 caeterae
874 2504 984 2549 rerum
1008 2483 1208 2547 naturalium
1234 2484 1364 2567 species.
1408 2483 1564 2547 Nascitur
1589 2503 1628 2546 eo

528 2610 592 2672 quo
603 2588 741 2651 diximus
752 2594 906 2671 tempore,
917 2592 1080 2653 crescente
1091 2608 1178 2651 anno
1193 2587 1355 2666 adolescit,
1368 2587 1545 2671 eodemque
1559 2607 1629 2649 ver-

398 2680 403 2689 *
528 2696 628 2774 gente
655 2689 848 2769 collabescit,
873 2689 976 2754 donec
1004 2688 1138 2754 tandem
1167 2694 1275 2755 adrem
1297 2690 1333 2752 in
1363 2689 1523 2753 diathesin
1552 2688 1629 2752 huic

528 2792 641 2858 morbo
657 2793 879 2858 adversantem
894 2792 1037 2876 glacialis
1051 2791 1168 2856 bruma
1180 2798 1387 2857 transmutet.

577 2896 638 2981 [6.]
667 2896 764 2963 Quod
790 2897 817 2969 si
842 2902 1075 2980 tempestatum
1104 2895 1183 2959 anni
1211 2895 1446 2959 vicissitudines
1474 2895 1511 2959 in
1540 2895 1630 2959 huuc

529 3000 679 3064 affectum
705 2999 789 3063 nihil
817 2999 944 3084 imperii
970 3004 1165 3076 exercerent,
1190 3018 1303 3062 verum
1329 2997 1501 3061 seminium
1526 2997 1630 3061 Pesti-

528 3101 680 3179 lentiale,
698 3101 789 3163 nulla
813 3102 895 3165 atris
920 3099 1103 3164 mutatione
1126 3097 1296 3178 domabile,
1318 3099 1358 3163 de
1384 3099 1447 3164 alio
1470 3100 1507 3163 in
1530 3098 1630 3163 dium

528 3210 685 3287 perpetus
695 3203 935 3285 propagationis
951 3202 1033 3266 serie
1046 3202 1323 3266 transmitteretur
1330 3227 1340 3280 ς
1361 3201 1431 3266 fieri
1445 3223 1513 3265 non
1523 3206 1630 3285 posset

530 3305 619 3386 quin,
629 3303 687 3366 ubi
701 3304 737 3365 in
751 3302 1003 3385 frequentiorem
1015 3304 1156 3387 aliquam
1169 3304 1284 3368 urbem
1298 3304 1398 3369 semel
1412 3304 1527 3389 pedem
1541 3304 1631 3367 intu-

530 3404 630 3482 lisset,
656 3404 847 3469 continuata
870 3411 978 3488 strage
1006 3405 1122 3470 funera
1146 3427 1249 3491 usque
1277 3413 1311 3470 et
1339 3428 1442 3491 usque
1471 3407 1631 3485 densaret,

531 3506 633 3569 donec
647 3505 780 3570 tandem
790 3524 886 3571 nemo
901 3514 1081 3590 superesset
1094 3507 1131 3571 in
1142 3529 1239 3592 quem
1253 3508 1440 3573 Pestilentia
1454 3509 1632 3573 miasmatis

530 3607 618 3671 labes
644 3607 813 3690 impingat.
857 3608 961 3692 Atqui
983 3610 1181 3674 eontrarium
1207 3630 1301 3694 saepe
1322 3611 1465 3675 evenisse
1486 3610 1631 3675 animad-

531 3730 658 3773 versum
678 3716 739 3788 est,
753 3731 889 3775 numero
903 3711 1130 3791 extinctorum,
1145 3733 1225 3796 quos
1244 3712 1343 3777 unica
1361 3714 1481 3777 mensis
1501 3712 1631 3776 Sextilis

532 3811 712 3895 septimana
726 3811 768 3875 ed
782 3813 904 3896 aliquot
918 3814 1021 3877 millia
1040 3816 1209 3893 extulerat,
1225 3815 1286 3880 sub
1301 3815 1493 3880 Novembris
1508 3815 1631 3877 exitum

380 3940 428 3987 ,150
439 3937 484 3985 ali·
531 3914 623 3977 valde
637 3913 811 3978 imminuto
830 3936 867 3979 ac
886 3916 1119 3999 propemodum
1133 3916 1236 3982 nullo.
1280 3919 1352 3982 Nec
1369 3924 1480 3981 tamen
1495 3916 1633 3980 diffiteor

380 4010 515 4131 33:23}
532 4015 601 4079 fieri
623 4037 715 4099 posse
737 4016 835 4101 (quod
856 4024 890 4082 et
907 4018 1058 4082 nonnulli
1081 4019 1232 4084 authores
1251 4019 1375 4085 iactum
1395 4019 1629 4104 prodiderunt)

380 4133 481 4179 dorsro.
532 4126 570 4183 ut
585 4118 691 4182 Pestis
713 4119 785 4183 aliis
807 4121 906 4185 etiam
928 4122 1007 4185 anni
1028 4123 1276 4207 tempestatibus
1298 4128 1395 4208 caput
1416 4122 1558 4207 primum
1579 4144 1633 4186 ex·

532 4228 620 4301 erat3
643 4222 705 4287 hoc
719 4231 829 4288 autem
843 4224 946 4289 rarius
958 4224 1085 4303 accidit,
1096 4246 1157 4290 nec
1171 4226 1330 4311 ejusmodi
1344 4227 1414 4291 lues
1428 4227 1464 4291 in
1477 4226 1634 4311 populum

381 4340 512 4415 sensus·
534 4324 709 4389 admodum
738 4326 964 4392 debacchatur.
1015 4328 1076 4411 [7.]
1103 4328 1237 4393 Interea
1268 4329 1352 4393 aeris
1381 4330 1633 4413 dispositionem,

381 4412 513 4531 gffiffi’m
535 4429 740 4509 quantumvis
759 4428 911 4511 λοιμώδη,
927 4430 1017 4494 Pesti
1036 4429 1240 4495 suscitandae
1259 4452 1318 4515 per
1337 4452 1372 4495 se
1390 4432 1547 4515 imparem
1566 4452 1635 4495 esse

375 4531 516 4654 {qm
534 4528 740 4593 vehementer
773 4532 933 4616 suspicor;
972 4532 1051 4617 quin
1080 4532 1289 4597 Pestilentiae
1322 4534 1483 4613 morbum,
1518 4533 1636 4598 nbcubi

381 4632 523 4710 „clm
536 4652 661 4715 semper
680 4634 896 4717 superstitem,
911 4642 969 4699 ant
993 4657 1051 4721 per
1073 4635 1230 4701 fomitem
1243 4644 1301 4702 aut
1322 4659 1381 4721 per
1406 4637 1556 4701 Pestiferi
1578 4636 1635 4700 ali-

379 4725 517 4853 ffig'm·
536 4734 628 4817 cujus
651 4734 820 4817 appulsum
842 4758 860 4800 e
881 4738 960 4802 locis
980 4738 1109 4802 infectis
1130 4740 1166 4803 in
1189 4740 1267 4804 alios
1290 4739 1425 4817 deserri;
1451 4738 1636 4822 ibidemque

381 4864 429 4903 tur.
535 4856 601 4899 non
628 4835 691 4899 uisi
714 4837 886 4902 accedente
915 4840 1012 4903 simul
1040 4840 1157 4906 idonea
1182 4843 1264 4906 aeris
1290 4842 1427 4906 diathesi
1449 4840 1636 4925 popularem
