3825 5759
506 650 573 712 564
824 645 1020 711 ΤΗΟΜΑΕ
1043 644 1302 713 SYDENHAM

404 814 445 862 1³¹
505 808 594 889 Non,
616 806 750 892 perinde
772 828 809 872 ac
832 808 867 871 iu
891 806 1057 887 Discretis,
1081 828 1157 874 mox
1180 809 1221 873 ab
1243 810 1414 895 eruptione
1435 811 1613 875 remittunt

353 879 493 927 ΨΜ*
506 916 731 996 symptomata,
748 909 804 973 sea
826 916 860 975 et
874 910 974 975 seara
993 917 1027 974 et
1049 911 1113 975 aua
1130 912 1172 975 aa
1191 912 1311 977 muas
1333 913 1434 977 eoam
1453 913 1522 977 ua
1535 921 1613 998 post

505 1012 706 1097 eruptionem
728 1013 933 1097 pustularum
959 1032 1093 1096 aegrum
1114 1014 1330 1080 discruciant:
1354 1036 1446 1081 nunc
1467 1017 1612 1101 erysipe-

503 1116 577 1180 latis
591 1114 667 1195 ritu,
679 1134 768 1179 nuuc
783 1114 1015 1195 morbidorum,
1030 1125 1206 1200 erumpunt
1213 1142 1224 1197 ς
1246 1118 1425 1203 eruptionis
1438 1118 1515 1183 licet
1525 1128 1612 1183 tem-

504 1240 581 1305 pore
600 1220 696 1304 plaue
714 1218 967 1301 distingtrauw.
1014 1220 1185 1286 Cresceme
1206 1220 1330 1301 morbo,
1346 1244 1415 1287 non
1434 1224 1472 1287 in
1488 1224 1613 1289 molem

505 1320 647 1404 aliquam
672 1318 879 1403 spectabilem
903 1320 1117 1402 attolluntur;
1143 1324 1201 1389 sed
1222 1325 1259 1389 in
1283 1326 1365 1390 facie
1386 1325 1449 1390 sibi
1470 1327 1612 1391 invicem

504 1428 687 1513 implicitae,
698 1436 853 1513 tauquam
864 1429 1003 1494 vesicula
1016 1430 1124 1511 rubra,
1137 1432 1263 1497 uultum
1277 1452 1407 1496 omnem
1418 1438 1610 1517 contegunt,

504 1554 600 1619 quem
626 1536 783 1599 maturius
813 1534 940 1599 elevant
971 1556 1069 1619 quam
1099 1536 1284 1616 Discretae3
1320 1538 1536 1621 postmodum,
1567 1540 1612 1603 ad

504 1638 608 1702 instar
629 1638 797 1723 pelliculae
819 1636 910 1703 albae
925 1638 1032 1702 vultui
1054 1639 1286 1722 agglutinatae,
1301 1640 1386 1704 cutis
1407 1641 1611 1723 superficiem

505 1765 572 1808 non
587 1743 761 1808 admodum
777 1750 940 1828 superant.
991 1744 1052 1829 [7.]
1080 1746 1303 1830 Praeterlapso
1317 1746 1370 1811 die
1384 1753 1505 1826 octavo,
1516 1748 1611 1831 pelli-

505 1846 578 1911 sue
599 1845 672 1911 alba
687 1844 830 1931 quotidie
844 1846 1001 1930 paulatim
1020 1848 1124 1931 magis
1146 1858 1363 1933 exasperatur,
1378 1850 1484 1915 colore
1498 1850 1591 1915 fusco
1599 1878 1610 1930 ;

504 1949 651 2018 intensus
666 1950 770 2033 magis
785 1956 835 2014 est
850 1949 941 2014 dolor
955 1950 1049 2029 cutis,
1064 1950 1168 2016 donec
1182 1952 1316 2017 tandem
1330 1954 1367 2017 iu
1383 1954 1612 2018 truculentiori

504 2051 617 2115 morbo
636 2070 703 2115 uon
725 2052 789 2115 nisi
805 2060 878 2135 post
898 2050 985 2115 diem
1002 2052 1190 2118 vicesimum
1211 2054 1380 2119 latioribus
1401 2056 1531 2120 laminis
1552 2056 1609 2121 de·

505 2162 736 2237 squammatur.
784 2155 856 2217 Hoc
871 2154 1003 2219 iuterim
1017 2156 1189 2222 observatu
1209 2158 1357 2242 dignum,
1374 2158 1470 2243 quod,
1486 2166 1611 2243 quanto

504 2254 651 2339 pustulae
672 2260 924 2321 maturescentes
946 2258 1079 2342 propius
1102 2259 1143 2323 ad
1165 2260 1306 2325 colorem
1327 2260 1518 2325 subfuscum
1538 2280 1610 2325 rer-

505 2364 598 2442 gunt,
629 2376 667 2423 co
696 2358 870 2424 deteriores
898 2361 1020 2426 leutius
1049 2362 1230 2429 abscedunt
1237 2390 1248 2443 3
1271 2386 1336 2449 quo
1364 2366 1468 2449 magis
1497 2374 1609 2429 antem

504 2464 689 2543 flavescunt,
717 2484 755 2529 eo
781 2464 888 2528 miuus
913 2466 1139 2546 confluxerint,
1167 2474 1201 2532 et
1226 2488 1325 2552 ocyus
1352 2489 1387 2532 se
1415 2468 1608 2552 proripiunt.

510 2566 570 2651 [8.]
600 2565 667 2631 Ubi
689 2568 831 2650 primum
853 2566 1010 2631 deciderit
1034 2568 1194 2652 pellicula,
1217 2570 1309 2633 nulla
1332 2568 1481 2633 scabritie
1499 2570 1608 2633 vultus

504 2669 659 2748 afficitur3
682 2677 716 2733 at
727 2690 800 2735 vero
811 2690 886 2734 mox
895 2670 984 2734 illam
993 2671 1158 2754 excipiunt
1169 2672 1390 2756 squammulae
1400 2671 1608 2751 tirrfuraceoe,

503 2772 620 2839 indolis
650 2794 806 2858 perquam
832 2772 1019 2852 corrosivae,
1046 2794 1129 2856 quae
1152 2772 1259 2837 foveas
1281 2773 1471 2856 relinquunt
1494 2782 1609 2857 paten-

504 2874 620 2957 tiores,'
635 2886 669 2944 et
694 2900 788 2963 saepe
814 2878 990 2943 cicatrices.
1036 2877 1239 2961 Quandoque
1264 2876 1391 2941 humeri
1416 2884 1451 2942 et
1476 2877 1609 2942 dorsum

352 2994 432 3043 Morbi
445 3012 487 3059 pe·
505 2981 647 3045 cuticula
673 2980 890 3045 denudantur.
936 2978 1047 3043 Morbi
1071 2979 1251 3063 periculum
1276 3000 1297 3043 a
1317 2978 1523 3063 pustularum
1543 2978 1608 3041 fre·

350 3060 467 3173 Ξξὲζᾚ
506 3084 638 3168 quentia
663 3092 696 3149 ct
721 3106 858 3150 numero
886 3084 923 3149 in
951 3084 1033 3149 facie
1062 3085 1131 3149 sola
1159 3084 1406 3149 aestimandum.
1452 3083 1609 3147 Pustulae

351 3188 453 3237 eimsn-
505 3208 662 3251 manuum
688 3194 721 3252 et
747 3188 867 3271 pedum
892 3188 1040 3271 majores,
1063 3194 1098 3251 et
1123 3208 1187 3271 quo
1212 3186 1310 3251 altius
1336 3184 1377 3249 ab
1403 3184 1610 3248 exbemitate

352 3252 420 3301 dum.
505 3298 636 3355 artuum
651 3290 843 3366 ascenderis,
854 3310 892 3353 eo
907 3289 1028 3353 sensim
1042 3287 1182 3352 minores
1197 3295 1230 3351 et
1239 3286 1468 3351 contractiores
1482 3290 1606 3349 extant.

351 3409 380 3456 In
393 3410 482 3459 aduisa
509 3390 571 3473 [9.]
599 3390 641 3453 In
663 3388 781 3453 adultis
804 3389 959 3468 salivatio,
978 3389 1015 3453 in
1035 3388 1214 3453 infantibus
1236 3386 1413 3464 diarrhoea,
1431 3386 1518 3469 (licet
1538 3406 1608 3449 non

350 3474 483 3588 {Jiffifq
504 3490 551 3555 ita
565 3493 675 3575 certo,)
693 3490 935 3555 Confluentium
951 3512 1067 3555 comes.
1105 3489 1302 3574 Ptyalismus
1317 3509 1406 3552 nunc
1420 3508 1496 3552 cum
1509 3508 1605 3571 erup-

350 3602 396 3649 uua
408 3604 471 3651 uiu-
503 3592 593 3657 tione
617 3612 651 3655 se
679 3593 795 3675 prodit,
821 3614 909 3658 nunc
934 3593 1035 3657 biduo
1062 3592 1210 3657 triduove
1234 3590 1409 3675 praeterito
1436 3591 1610 3654 mutarim

350 3667 482 3780 gffien,
504 3694 609 3777 primo
620 3700 761 3774 tenuem,
777 3696 830 3759 die
851 3695 1025 3760 undecimo
1044 3696 1246 3760 riscidiorem
1268 3692 1445 3778 aegerrime
1466 3700 1606 3757 excreat.

349 3796 413 3843 tium
424 3810 464 3844 ca
506 3794 696 3859 Siticulosus
718 3804 767 3861 est
787 3818 891 3879 aeger,
907 3818 984 3861 voce
1005 3818 1111 3874 rauca,
1127 3797 1344 3861 somnolentia
1357 3803 1391 3861 et
1410 3803 1542 3879 stupore
1555 3795 1607 3857 in-

350 3876 409 3909 me*
503 3896 656 3981 gentibus
674 3899 855 3983 corripitur,
870 3900 957 3964 inter
976 3899 1155 3964 bibendum
1176 3898 1315 3963 subinde
1335 3898 1443 3976 tussit,
1457 3905 1491 3961 et
1509 3904 1606 3980 potus

503 4020 562 4084 per
576 4020 670 4066 nares
681 4002 863 4067 revertitur.
908 4004 1001 4067 lianc
1015 4010 1118 4067 cessat
1133 4010 1171 4065 ut
1190 4002 1368 4086 plurimum
1382 3999 1536 4077 salivatio,
1552 3998 1606 4061 cui

502 4103 566 4167 niri
580 4102 672 4168 faciei
693 4104 943 4170 intumescentia
960 4106 1065 4189 (quae,
1086 4104 1161 4168 licet
1183 4104 1244 4168 boc
1263 4104 1333 4187 ipso
1355 4102 1408 4166 die
1428 4122 1487 4185 pru
1501 4099 1606 4164 morbi

503 4206 599 4288 genio
614 4206 845 4292 aliquantisper
858 4208 982 4273 remitti
997 4206 1123 4285 debeat,
1139 4228 1206 4271 nou
1227 4213 1339 4270 tamen
1352 4204 1416 4268 nisi
1430 4211 1504 4287 post
1518 4202 1606 4267 diem

501 4330 607 4372 uuum
622 4310 797 4374 alterumve
806 4312 940 4377 omuino
954 4310 1124 4391 recedere)
1137 4316 1170 4373 et
1186 4328 1343 4372 manuum
1353 4308 1423 4392 jam
1434 4306 1609 4390 insigniter

502 4411 660 4495 incipiens
681 4420 715 4477 et
737 4413 859 4478 diutius
881 4414 1059 4498 perdurans
1079 4412 1242 4496 suppetias
1260 4411 1406 4489 tulerint,
1422 4430 1520 4493 aegro
1533 4430 1607 4493 pro·

501 4512 592 4576 tinus
615 4514 819 4577 moriendum
842 4524 901 4579 est.
948 4516 1126 4579 Diarrboea
1148 4534 1217 4577 uon
1242 4514 1291 4577 itu
1314 4520 1443 4577 mature
1464 4512 1607 4576 infantes

502 4622 698 4697 occupatae
712 4616 902 4700 ptyalismus
918 4616 1056 4681 adultos.
1091 4616 1174 4701 [lu]
1195 4616 1237 4679 In
1251 4622 1390 4699 utraque
1401 4614 1607 4678 Variolarum

503 4716 607 4798 speeie
626 4716 724 4781 febris
747 4718 787 4782 ab
802 4719 927 4783 insultu
946 4720 987 4784 ad
1008 4720 1210 4802 eruptionem
1225 4718 1430 4795 dominaturJ
1456 4716 1534 4781 inde
1549 4714 1606 4779 dat

502 4817 649 4882 inducias
670 4818 710 4883 ad
726 4820 929 4903 pustularum
944 4822 1194 4886 maturationem
1203 4848 1213 4899 3
1236 4842 1300 4905 qua
1314 4825 1455 4905 peracta,
1475 4817 1604 4883 desiuit.
