3825 5759
509 662 572 723 180
818 659 1012 724 'PHOMAE
1037 660 1294 724 SYDENHAM

376 835 474 883 ranan
506 821 660 904 temporis
682 819 853 902 qualitates
874 820 1106 884 advocaverint.
1152 822 1202 884 Ex
1220 842 1284 903 quo
1302 821 1351 898 fit,
1366 825 1405 883 ut
1425 819 1525 884 febris
1544 825 1608 883 sta-

353 900 494 1011 ffiffl„
507 923 655 1001 tiouaria,
672 943 882 1005 quaecunque
897 923 1033 987 ‘demum
1047 925 1105 987 illa
1118 924 1171 1001 sit,
1187 945 1270 1006 quae
1284 923 1326 986 ad
1340 921 1555 1006 epidemicum
1569 942 1610 985 eo

370 1029 474 1079 'oo-¹72.
508 1047 595 1090 anno
624 1030 816 1108 regnantem
842 1025 971 1104 attinet,
998 1026 1088 1091 Julio
1110 1047 1222 1090 mense
1250 1026 1454 1109 potissimum
1477 1026 1608 1103 saeviat,

353 1117 496 1228 {gfff
509 1129 601 1211 cujus
639 1128 733 1191 initio
765 1128 872 1210 plures
901 1128 1071 1192 hominum
1100 1135 1244 1192 catervas
1277 1128 1383 1190 simul
1403 1127 1609 1210 aggreditur3

354 1216 464 1320 su'quaeu’
510 1238 669 1294 autumno
689 1249 763 1294 vero
787 1232 1074 1314 appropinquante,
1093 1253 1214 1314 magno
1230 1232 1278 1294 illi
1301 1231 1486 1314 epidemico,
1506 1253 1526 1294 a
1546 1251 1612 1313 quo

355 1309 490 1435 {ffiffi'e
510 1353 615 1396 annus
648 1332 834 1416 insignitur,
865 1353 976 1396 rursus
1008 1332 1216 1397 invalescenti
1249 1333 1385 1411 decedit,
1417 1339 1451 1396 et
1482 1332 1611 1415 parcius

355 1437 482 1513 dominan-
509 1433 652 1512 iufestat,
671 1441 708 1497 ut
727 1433 862 1518 quilibet
884 1455 1011 1518 semper
1032 1455 1137 1498 annus
1159 1434 1237 1498 satis
1257 1433 1361 1498 docet.
1406 1432 1612 1496 Excalefacta

355 1507 497 1628 {2¹21ssth
510 1535 598 1598 enim
613 1557 633 1600 a
646 1557 832 1620 praegressa
846 1542 968 1600 aestate
985 1537 1156 1600 hominum
1175 1557 1309 1619 corpora
1321 1535 1437 1614 febres,
1452 1535 1611 1600 constitu·

354 1629 495 1743 muz
509 1637 592 1702 tioni
612 1638 754 1721 generali
775 1639 921 1723 propriae
941 1657 1024 1721 quae
1046 1646 1133 1718 suut,
1150 1639 1387 1722 promptissime
1408 1659 1447 1702 co
1466 1645 1612 1720 tempore

355 1729 491 1808 tumno’ve-
508 1741 686 1819 invadunt;
710 1747 881 1825 appetente
900 1760 975 1804 veru
997 1748 1165 1819 autumno,
1181 1761 1246 1824 quo
1268 1742 1324 1825 qui
1347 1741 1613 1825 praedominatur

354 1837 479 1936 baffi:
509 1843 705 1927 epidemicus
720 1843 820 1906 fasces
835 1842 980 1921 resumit,
996 1843 1067 1906 istis
1082 1844 1215 1908 omnino
1229 1844 1446 1908 recedendum
1459 1850 1518 1908 est.

355 1903 488 2028 iainaqno
559 1945 621 2028 [5.]
651 1945 754 2008 Sicuti
776 1963 849 2008 vero
871 1944 1058 2009 nominatae
1071 1945 1177 2010 febres
1197 1946 1341 2010 sensibili
1360 1947 1445 2011 aeris
1462 1945 1611 2029 qualitati

356 2015 474 2128 {iffi
511 2054 679 2130 acceptum
702 2045 820 2110 referre
842 2046 963 2110 debent
988 2048 1075 2130 quod
1095 2050 1164 2134 jam
1187 2049 1250 2113 hoc
1272 2069 1384 2112 meuse
1405 2048 1592 2112 exorientm
1599 2072 1612 2125 ς

356 2154 476 2203 Nomina-
511 2149 559 2212 ita
573 2149 672 2212 etiam
694 2155 910 2232 symptomata
924 2150 1021 2228 varia,
1037 2172 1057 2214 a
1071 2172 1130 2214 sua
1150 2159 1279 2230 natura,
1294 2158 1456 2235 quatenus
1470 2150 1512 2215 ab
1525 2151 1611 2234 ejus·

355 2220 483 2347 {ffifff‘
512 2251 601 2316 modi
615 2251 847 2315 constitutione
867 2253 1009 2335 generali
1023 2254 1177 2337 pendent,
1191 2274 1321 2337 prorsus
1344 2255 1459 2333 aliena,
1475 2253 1613 2317 amani·

354 2349 499 2406 ¹¹¹⁸¹²V⁸fi⁸2
511 2353 666 2417 festarum
683 2353 875 2436 qualitatum
891 2375 974 2438 quae
995 2355 1031 2419 in
1044 2356 1137 2419 illum
1151 2357 1301 2420 incidunt
1323 2377 1467 2421 mensem
1485 2356 1614 2440 pecqu

355 2427 482 2526 iuffiiii]
512 2461 647 2518 sumunt
669 2461 793 2519 mutuo.
839 2456 928 2520 Hinc
945 2463 995 2521 est
1018 2458 1114 2541 quod,
1134 2459 1251 2542 quibus
1273 2459 1367 2523 aunis
1387 2459 1492 2523 dictae
1506 2457 1614 2523 febres

355 2556 485 2652 {32:3²¹
511 2557 573 2621 hoo
592 2577 703 2621 mense
723 2558 892 2622 turmatim
913 2559 1151 2643 ingrediuntur,
1169 2561 1265 2626 variis
1282 2561 1506 2647 symptomatis
1520 2561 1613 2624 novis

358 2669 482 2730 qualitati.
511 2661 684 2744 stipantur,
696 2669 824 2744 praeter
837 2661 893 2726 illa
907 2683 990 2746 quae
1005 2663 1051 2727 eis
1065 2670 1143 2727 sunt
1156 2664 1286 2748 propria
1299 2672 1459 2748 quatenus
1473 2663 1514 2728 ab
1526 2664 1612 2747 ejus·

357 2734 497 2846 fflu‘u'
512 2762 600 2826 modi
611 2763 843 2828 constitutione
855 2765 998 2847 generali
1007 2772 1216 2849 procreantur
1223 2793 1234 2844 ;
1256 2767 1387 2831 eaedem
1398 2774 1509 2831 tamen
1523 2766 1614 2850 ipsae

359 2888 432 2936 Unde
442 2893 478 2936 aa
514 2872 681 2944 maneant,
694 2865 770 2930 licet
785 2865 871 2949 apud
885 2867 1002 2950 vulgus
1017 2868 1058 2932 ob
1074 2866 1270 2953 φαινομένων
1283 2869 1501 2934 diversitatem
1515 2889 1614 2933 novae

357 2953 486 3080 {2¹22ssss
511 2968 684 3050 quotannis
710 2967 816 3032 febres
841 2969 986 3033 audiant.
1031 2970 1086 3033 Ad
1113 2991 1232 3053 paucas
1257 2991 1332 3035 vero
1357 2979 1489 3035 tantam
1513 2971 1616 3054 septi·

358 3081 467 3130 aunum
510 3091 624 3134 manas
634 3078 838 3154 perseverant
854 3078 1071 3155 ymptomata
1081 3072 1160 3137 haec
1171 3073 1275 3156 magis
1284 3074 1472 3157 peculiaria3
1494 3073 1614 3156 quibus

511 3173 638 3255 elapsis,
661 3173 789 3255 propria
813 3173 1015 3236 solummodo
1037 3181 1263 3257 symptomata,
1287 3184 1378 3259 quae
1393 3177 1439 3240 eis
1460 3174 1614 3240 accidunt

512 3281 671 3356 quatenus
687 3273 791 3337 febres
815 3280 892 3336 sunt
907 3275 1115 3339 stationariae
1133 3277 1208 3341 talis
1227 3279 1479 3358 constitutionis,
1493 3279 1615 3362 reperi-

511 3383 614 3438 uutm
627 3395 686 3457 per
700 3375 861 3457 reliquum
876 3395 1011 3439 annum.

561 3476 622 3558 [6.]
652 3475 724 3539 Hoc
738 3483 811 3539 tum
825 3476 861 3539 iu
876 3477 946 3540 aliis
961 3479 1105 3561 liquebat
1119 3481 1272 3561 febribus,
1287 3490 1360 3546 tum
1374 3483 1477 3565 magis
1491 3482 1612 3566 peculi-

513 3577 611 3642 ariter
619 3577 654 3640 in
664 3577 882 3661 Dysentericis
891 3581 1012 3643 mensis
1021 3582 1200 3662 Julii,167l
1211 3586 1346 3664 estora,
1356 3585 1392 3647 in
1402 3606 1538 3668 quarum
1546 3585 1612 3668 pri·

513 3699 568 3743 ore
579 3679 751 3743 vehemens
763 3681 1060 3762 aegritudoetbilis
1069 3687 1260 3768 aeruginosa
1269 3707 1344 3750 cum
1355 3687 1612 3769 magnaindiar·

512 3781 645 3844 rhoeam
657 3782 873 3864 propensitate
884 3783 944 3848 sub
954 3784 1060 3849 morbi
1071 3787 1169 3850 finem
1180 3790 1335 3853 continuo
1344 3789 1597 3854 observabantur
1601 3815 1613 3867 3

513 3883 549 3946 in
569 3882 752 3965 posteriore,
769 3884 886 3948 doloris
907 3907 1020 3950 sensus
1035 3888 1071 3952 in
1087 3890 1234 3972 partibus
1252 3893 1392 3976 corporis
1412 3893 1613 3971 musculosis,

514 3983 650 4049 artubus
671 4005 831 4065 maxume,
853 3987 893 4051 ad
915 3989 1191 4056 rheumatieorum
1207 3993 1274 4058 fere
1291 3995 1416 4059 dolores
1438 3995 1613 4072 aecedens3

513 4088 655 4152 feudum
677 4088 809 4173 insuper
827 4089 1050 4172 inflammatio,
1066 4095 1176 4158 mitior
1193 4102 1303 4160 tamen
1325 4119 1423 4180 quam
1436 4098 1473 4161 in
1492 4097 1615 4179 angina

513 4191 744 4256 laborantibus.
791 4193 938 4276 Utraque
956 4203 1068 4260 tamen
1082 4197 1162 4261 haee
1175 4199 1211 4261 in
1230 4199 1344 4264 eadem
1357 4201 1447 4265 febre
1466 4201 1615 4285 specifica

513 4293 653 4372 coibant,
674 4300 708 4358 et
730 4294 842 4358 eadem
866 4296 962 4379 plane
983 4298 1136 4364 medendi
1157 4300 1283 4365 ratione
1305 4310 1443 4385 utraque
1464 4303 1614 4386 profliga-

512 4395 634 4460 bantur
641 4422 652 4475 ;
676 4397 867 4463 differebant
883 4408 993 4465 autem
1006 4409 1155 4485 respectu
1164 4410 1294 4468 tantum
1308 4405 1503 4488 qualitatum
1513 4404 1614 4468 seusi-

512 4497 638 4577 biliam,
655 4499 772 4582 quibus
794 4501 1002 4567 donabantur
1018 4512 1165 4588 tempora
1183 4507 1240 4571 illa
1258 4507 1294 4570 iu
1314 4528 1397 4591 quae
1413 4507 1612 4572 incidebant.

513 4600 692 4682 Improvisa
727 4623 801 4666 vero
832 4604 1064 4689 subitaneaque
1099 4609 1216 4674 harum
1244 4609 1385 4674 febrium
1417 4611 1502 4675 circs
1534 4610 1614 4675 dicti

513 4703 632 4766 mensis
655 4702 786 4766 initium
808 4707 944 4790 eruptio,
961 4715 994 4772 et
1014 4731 1098 4774 nova
1119 4711 1160 4774 ad
1181 4718 1309 4795 tempus
1329 4713 1460 4796 aliquod
1473 4712 1614 4796 peculia·

512 4809 598 4872 rium
632 4815 885 4894 symptomatum
915 4812 1023 4891 facies,
1056 4815 1141 4896 (licet
1171 4839 1276 4899 neque
1310 4819 1415 4902 specie
1444 4818 1613 4896 distarent,
