3825 5759
485 647 547 707 128
795 643 989 708 THOMAE
1013 642 1270 707 SYDENHAM

331 821 471 869 visroms
483 804 653 887 corripitur
674 803 870 886 ingentibus,
886 824 1056 886 oppressus
1073 803 1216 886 undique
1235 804 1266 866 vi
1285 805 1389 869 morbi
1397 833 1407 884 ;
1430 814 1527 889 atque
1548 808 1585 870 in

332 886 470 997 {ss‘ssffl
482 906 668 991 hujusmodi
694 926 797 989 agone
825 914 863 969 ut
891 906 1068 989 plurimum
1097 907 1305 989 extinguitur,
1329 929 1366 972 eo
1394 931 1490 992 quem
1514 911 1585 993 jam

331 1014 472 1093 Q
484 1008 623 1073 diximus
637 1007 699 1072 die.

330 1095 490 1177 sasima?
533 1110 616 1193 [aa]
645 1110 730 1173 sant
756 1116 788 1173 et
812 1110 875 1173 uia
897 1108 1002 1173 mue
1031 1117 1246 1193 symptomata
1274 1132 1357 1193 quae
1381 1112 1416 1174 in
1442 1113 1585 1195 quomo

330 1184 427 1303 iffi,
434 1258 473 1303 Β..
483 1211 588 1275 morbi
602 1217 690 1275 statu
704 1218 886 1288 ooourruut,
895 1219 965 1274 tam
980 1211 1127 1275 Discreto
1139 1212 1342 1275 Variolarum
1357 1215 1476 1295 generi,
1487 1236 1585 1297 quam

330 1306 448 1417 2⁰⁰?AE
484 1312 670 1377 Confluenti
684 1313 803 1395 pariter
817 1314 1009 1375 eommunia

331 1432 472 1481 eommunis
527 1414 699 1497 Pbrsnitis,
720 1414 807 1479 verbi
822 1415 935 1497 gratia,
951 1436 971 1477 a
985 1414 1086 1477 nimia
1107 1416 1273 1497 sauguinis
1292 1415 1480 1481 ebullitione
1503 1439 1584 1481 non-

330 1504 465 1615 ffiffl*
483 1538 650 1601 nunquam
672 1537 804 1599 aegrum
822 1516 963 1599 corripit,
979 1523 1011 1579 et
1031 1516 1144 1579 caloris
1162 1525 1230 1580 tam
1251 1539 1366 1599 parum
1380 1527 1429 1582 est
1447 1520 1583 1602 patiens,

330 1640 448 1703 parasitis
482 1624 520 1683 ut
534 1619 660 1701 magnis
675 1617 794 1682 viribus
818 1639 855 1681 ao
874 1618 1051 1681 furibundo
1073 1619 1147 1683 nisu
1168 1618 1302 1701 injectas
1315 1621 1585 1703 prehendentium

332 1720 374 1763 ⁸⁰¹⁹
483 1728 516 1785 et
527 1720 609 1785 leoto
624 1720 891 1785 incarcerantium
906 1740 1022 1783 manus
1036 1720 1165 1783 eludere
1178 1730 1323 1784 oonetur.

331 1832 432 1881 affatus
527 1821 712 1905 Aliquando
727 1820 839 1885 eadem
860 1842 956 1885 causa
973 1822 1124 1885 effectum
1144 1822 1240 1904 longe
1255 1822 1415 1887 diversum
1437 1846 1494 1888 seu
1508 1845 1583 1889 oon-

329 1906 472 1957 ⁰⁰¹¹¹⁸²⁰⁸¹¹⁵’
484 1924 620 1989 amum
646 1924 696 2005 (ut
717 1923 864 2003 videm)
882 1923 1039 2005 producit,
1055 1924 1207 1987 effosam
1227 1925 1346 1988 suot
1367 1934 1584 2003 omassum

484 2027 531 2091 ita
553 2032 591 2090 ut
617 2046 712 2107 aeger
736 2046 903 2108 uunquam
926 2026 1027 2089 ferme
1056 2026 1194 2107 evigilet,
1220 2027 1284 2091 nisi
1312 2027 1467 2091 continuo
1488 2029 1585 2112 pulsu

484 2127 650 2191 excitatam.

332 2247 443 2297 maculas
533 2230 615 2313 [el]
643 2230 703 2293 Est
717 2230 815 2295 etiam
829 2230 886 2293 ubi
903 2230 938 2293 in
951 2231 1014 2293 hoo
1027 2230 1150 2308 morbo,
1165 2232 1298 2315 perinde
1318 2240 1414 2316 atque
1435 2234 1470 2296 in
1484 2242 1584 2317 peste,

331 2327 472 2375 purpureas
484 2332 591 2396 laxata
613 2314 874 2395 inflammationis
903 2333 935 2395 vi
958 2333 1124 2415 sanguinis
1148 2354 1310 2418 compage,
1336 2336 1481 2399 maculae
1508 2358 1583 2419 pur·

483 2453 601 2517 pureae
616 2453 651 2497 so
673 2438 837 2497 ostentant
856 2434 994 2517 pustulis
1009 2434 1230 2517 interspersae,
1244 2437 1358 2499 mortis
1378 2436 1446 2500 fere
1460 2457 1585 2520 semper

483 2536 705 2619 praenuncias.
752 2536 965 2619 Frequentius
987 2536 1048 2600 boo
1074 2538 1181 2601 evenit
1206 2537 1263 2601 ubi
1289 2539 1372 2601 atris
1396 2539 1585 2602 constitutio

483 2636 595 2703 morbo
609 2639 663 2702 isti
678 2638 852 2721 epidemioe
863 2639 1022 2721 grassanti
1036 2659 1113 2722 prae
1127 2640 1261 2703 caeteris
1275 2640 1370 2703 favet.
1401 2640 1585 2722 Aliquando

483 2742 518 2805 in
532 2741 734 2823 pustularum
749 2741 934 2805 summitate
949 2743 1093 2807 maculae
1107 2743 1218 2824 nigrae
1233 2742 1376 2825 exiguae
1392 2743 1584 2806 aeiorrlarum

482 2843 588 2926 capita
610 2843 661 2907 vir
683 2851 866 2927 aequantes,
882 2843 916 2907 in
934 2844 1042 2907 medio
1062 2865 1137 2907 vero
1154 2844 1365 2922 subsidentes,
1387 2865 1422 2907 se
1442 2844 1584 2927 produnt

481 2946 575 3009 variis
589 2946 625 3009 in
639 2946 737 3023 loeis;
760 2968 841 3029 quae
856 2967 931 3009 eum
950 2947 1051 3011 nimio
1070 2946 1184 3009 fervori
1202 2953 1310 3009 ortum
1324 2946 1464 3010 debeant
1479 2968 1583 3025 suum,

481 3047 613 3112 tandem
635 3047 789 3111 beneficio
803 3048 969 3130 regiminis
989 3047 1091 3130 magis
1113 3048 1285 3130 temporati
1305 3047 1432 3111 frisoum
1446 3048 1584 3113 colorem

483 3150 662 3232 acquirunt,
672 3156 846 3231 posteaque
860 3148 1059 3231 pedetentim
1074 3149 1252 3212 subflavum
1266 3149 1368 3227 illum,
1381 3150 1437 3232 qui
1446 3150 1584 3213 Variolis

483 3252 633 3334 genuinis
648 3270 684 3313 ao
699 3272 793 3313 suum
815 3272 938 3314 morem
960 3250 1184 3315 obtinentibus
1205 3253 1397 3317 naturaliter
1411 3254 1565 3336 competit
1573 3279 1584 3329 ,-

484 3352 570 3435 quod
591 3352 667 3415 satis
688 3352 810 3433 liquido
831 3353 975 3416 cernitur
992 3354 1027 3415 in
1048 3354 1104 3416 illa
1123 3374 1205 3437 quae
1224 3354 1308 3417 eirca
1329 3355 1478 3419 morbum
1497 3355 1584 3418 buno

483 3462 626 3519 versatur
640 3455 739 3537 praxi,
755 3455 789 3517 in
805 3476 868 3538 quo
883 3456 993 3519 omnia
1006 3464 1222 3540 symptomata
1236 3478 1276 3520 eo
1286 3465 1363 3520 sunt
1377 3458 1507 3522 mitiora
1520 3480 1584 3541 quo

483 3556 585 3638 magis
599 3556 747 3639 pustulae
761 3557 980 3621 maturitatem
998 3558 1133 3641 adeptae
1147 3559 1188 3621 ad
1203 3558 1327 3623 dietum
1343 3560 1481 3623 oolorem
1496 3580 1583 3623 aoce-

483 3658 577 3734 dunt,
592 3662 689 3739 atque
704 3678 722 3721 o
737 3664 859 3721 eontra.

532 3760 614 3843 [25]
643 3760 892 3825 Adolescentum
907 3769 1049 3843 porroet
1064 3763 1179 3827 aetatis
1193 3764 1271 3826 flore
1285 3762 1464 3845 vigentium
1481 3764 1583 3845 (prrae-

331 3852 373 3957 ⁸2¹]
392 3838 459 3885 ‘¹³³²'
483 3863 575 3945 cipue
599 3862 626 3925 si
652 3862 735 3939 vino,
754 3870 810 3925 aut
834 3862 895 3926 alio
919 3865 1030 3945 quovis
1052 3866 1175 3948 liquore
1197 3865 1368 3947 spirituoso
1389 3885 1423 3925 se
1445 3864 1583 3926 nimium

482 3963 706 4048 impleverint)
724 3964 920 4047 usqueadeo
938 3965 973 4027 in
994 3966 1055 4029 boe
1068 3966 1182 4029 morbo
1202 3986 1436 4047 nonnunquam
1451 3966 1583 4047 sanguis

483 4068 668 4133 accenditur
681 4067 832 4151 finitque,
842 4074 879 4130 ut
894 4088 951 4150 per
966 4069 1098 4132 arterias
1112 4078 1146 4133 et
1154 4070 1290 4133 vesicam
1301 4069 1385 4132 viam
1401 4068 1462 4132 sibi
1476 4068 1581 4145 fas-iat,

483 4178 515 4235 et
531 4176 625 4255 “qua
649 4170 726 4235 data
747 4178 848 4255 porta,
875 4171 976 4235 ruat''
1004 4171 1110 4254 [Virg.
1126 4173 1204 4235 Aea.
1220 4172 1241 4234 i.
1260 4170 1342 4254 83];
1366 4192 1430 4253 qno
1454 4170 1583 4254 quidem

483 4274 583 4339 mictu
613 4275 789 4357 sanguineo
814 4274 866 4337 vix
892 4272 980 4337 aliud
1009 4279 1190 4357 symptoma
1217 4275 1334 4357 pejoris
1359 4283 1457 4338 notae
1487 4280 1584 4357 atque

483 4376 599 4441 ominis
613 4376 756 4441 inveniro
771 4375 845 4439 licet
859 4396 916 4459 por
930 4396 1061 4439 omnem
1074 4373 1171 4457 hujus
1186 4374 1290 4438 morbi
1304 4375 1512 4457 tragoediam.

409 4494 414 4507 ·
434 4494 455 4543 is
532 4478 614 4560 [26]
641 4477 694 4541 Ab
710 4477 821 4542 eadem
835 4478 967 4560 insuper
983 4498 1079 4541 causa
1097 4498 1332 4558 nonnunquam
1349 4477 1435 4561 (lieet
1456 4478 1582 4559 rarius)

330 4574 463 4671 'u'ssffi
484 4578 614 4663 sanguis
634 4599 651 4643 e
670 4578 876 4661 pulmonibus
894 4579 1029 4661 ejicitur.
1076 4580 1222 4663 Utraque
1243 4601 1318 4643 vero
1341 4580 1585 4662 haemorrhagia

349 4686 354 4697 '
483 4680 562 4743 baso
577 4678 636 4743 sub
654 4680 759 4745 morbi
774 4680 866 4745 initio
886 4681 1074 4765 plerumque
1096 4682 1265 4763 contingit,
1280 4683 1418 4764 pustulis
1437 4682 1584 4747 nondum

332 4764 376 4797 ⁰⁸¹¹
389 4765 425 4797 ω’
485 4780 726 4863 erumpentibus
735 4807 744 4859 ;
767 4782 817 4845 vel
847 4782 873 4844 si
903 4783 937 4845 in
968 4781 1158 4863 quibusdam
1186 4782 1264 4846 loeis
1287 4802 1321 4845 se
1347 4782 1528 4862 ostendant,
1548 4783 1584 4844 in
