3825 5759
552 642 798 708 SOHEDULA
819 642 1087 708 MONITORIA
1107 642 1157 707 11.
1336 645 1403 708 517

303 802 413 867 obrem
435 818 474 869 ea
495 805 563 869 sola
583 804 619 868 in
639 804 789 869 remediis
810 804 886 869 huic
905 805 992 869 malo
1013 804 1126 869 cedere
1147 823 1241 886 posse
1259 802 1404 886 prudens
1416 820 1557 873 neumas

303 905 458 989 quispiam
480 906 716 985 existimaverit,
740 926 821 988 quae
843 905 884 969 ad
905 906 1147 970 retundendam
1173 905 1405 969 Secrmdariam
1425 889 1446 936 Ρ
1465 954 1510 1001 &a

301 1007 386 1071 hanc
407 1008 553 1086 Febrem,
572 1030 669 1091 quam
684 1008 852 1071 Pub-idem
874 1007 1163 1091 appello,'maxime
1183 1007 1318 1071 faciunt.
1362 1008 1405 1072 Id
1415 1021 1558 1032 -·“

302 1130 376 1174 vero
393 1110 475 1173 nihil
493 1111 650 1175 efficacius
668 1116 810 1194 praestat
825 1131 921 1199 quam
941 1110 1069 1194 copiosa
1084 1109 1250 1193 sanguinis
1265 1110 1404 1189 eductio,

302 1233 366 1295 quo
390 1220 486 1295 pacto
510 1212 639 1277 vitiatae
661 1213 735 1277 illae
759 1212 933 1295 particulae
955 1233 1038 1295 quae
1060 1212 1166 1276 merbi
1192 1218 1269 1275 sunt
1291 1212 1403 1290 fomes,

301 1314 471 1378 confestim
497 1336 515 1380 e
539 1315 695 1398 sanguine
718 1316 862 1379 exulant.
906 1316 1025 1397 Neque
1049 1314 1126 1378 hnic
1147 1314 1240 1397 praxi
1265 1314 1405 1397 (siquid

302 1437 362 1499 ego
380 1417 512 1499 judica)
538 1404 687 1481 Vr'uiolee
707 1417 744 1480 in
766 1438 829 1499 quo
851 1418 920 1500 janr
942 1424 1020 1480 sunt
1042 1423 1140 1494 statu,
1160 1417 1211 1479 vel
1231 1416 1405 1479 minimum

301 1517 527 1583 intercedunt:
554 1520 624 1603 jam
645 1518 733 1582 enim
754 1519 903 1602 pustulae
924 1518 1015 1581 nullo
1035 1518 1133 1581 modo
1153 1518 1328 1581 introrsum
1349 1518 1410 1601 agi·

301 1628 437 1703 possrmt
445 1647 455 1698 ;
479 1621 559 1685 adeo
578 1628 627 1699 ut,
643 1620 670 1683 si
690 1640 786 1703 aeger
804 1620 865 1685 hoc
884 1620 990 1684 morbi
1010 1626 1156 1703 tempore
1168 1618 1243 1683 fatis
1265 1618 1402 1697 cederet,

301 1730 335 1787 et
353 1723 487 1788 cadaver
500 1722 536 1787 in
552 1729 673 1787 terram
688 1722 837 1805 frigidam
853 1728 1075 1805 exponeretur,
1091 1728 1236 1785 attmen
1248 1721 1409 1804 ‘pustulae

297 1824 367 1906 jam
381 1824 417 1889 in
431 1824 582 1889 duritiem
596 1824 878 1903 maurianense
899 1824 986 1889 intra
999 1825 1102 1889 cutim
1121 1844 1156 1889 se
1175 1824 1326 1908 recipere,
1340 1845 1409 1893 nec:

300 1926 468 1991 minimam
491 1926 584 1993 molis
608 1948 684 1993 suae
705 1934 832 2010 partem
855 1927 1013 2004 amittere,
1034 1926 1187 2010 poterint.
1231 1927 1304 1995 Nec
1325 1947 1409 1991 saue

300 2048 375 2093 cum
390 2028 528 2093 Variolis
546 2030 615 2113 jam
630 2029 723 2096 nobis
742 2050 793 2093 res
808 2036 867 2107 est,
883 2028 940 2093 sed
955 2050 1030 2093 cum
1047 2028 1110 2092 alio
1130 2050 1262 2112 prorsus
1276 2028 1408 2107 morbo,¹

300 2150 417 2213 nempe
439 2130 541 2195 Febre
562 2131 706 2197 Putrida„
757 2132 839 2215 [10.]
869 2129 939 2195 Has
960 2131 1002 2197 ob
1024 2152 1137 2196 causas
1158 2137 1314 2214 sequente
1334 2152 1403 2196 me·
1415 2146 1535 2209 Ele-rem

300 2232 400 2297 thodo
416 2234 448 2315 (a
462 2254 526 2317 quo
540 2240 717 2317 postremas
731 2233 772 2298 de
783 2234 921 2299 Variolis
936 2234 1173 2303 observationes
1185 2234 1223 2297 in
1235 2233 1402 2317 publicum
1413 2213 1512 2261 ‘um'

300 2335 396 2413 edidi,
418 2336 498 2401 mibi
518 2337 703 2421 comperta)
720 2336 856 2401 feliciter
876 2358 953 2400 usrrs
975 2345 1190 2420 sum3‘quam
1210 2336 1240 2399 si
1260 2336 1401 2414 omittas,

299 2456 360 2501 nec
382 2437 477 2501 aliam
498 2439 601 2517 video,
625 2460 685 2505 neo
706 2438 891 2521 conjectura
912 2438 1039 2521 assequi
1058 2459 1199 2521 possum,
1221 2459 1286 2520 quo
1306 2445 1402 2520 pacto

300 2558 396 2621 aeger
416 2539 464 2603 ita
484 2548 571 2605 certo
595 2546 692 2624 queat
714 2540 853 2603 liberari.
898 2540 983 2605 Cum
1003 2541 1114 2623 itaque
1136 2540 1179 2605 ad
1202 2540 1261 2603 has
1285 2540 1401 2605 incitas

299 2640 448 2705 redactus
461 2641 558 2707 fuerit
578 2662 682 2725 aeger,
698 2648 731 2705 et
751 2661 790 2705 ex
810 2640 967 2705 inusitata
985 2648 1238 2725 symptomatum
1251 2642 1401 2707 immani·

299 2747 368 2811 tate
382 2742 491 2807 statim
507 2743 648 2807 animam
663 2749 792 2807 acturus
806 2742 962 2821 videabrr,
977 2743 1041 2808 nisi
1061 2743 1132 2825 quis
1147 2740 1246 2811 &edel
1259 2741 1326 2808 ert
1339 2767 1399 2824 μη·

299 2847 401 2930 xoris
414 2845 705 2927 praesentissimam
722 2868 816 2931 opem
832 2848 975 2927 adferat3
996 2850 1033 2913 in
1047 2849 1109 2914 hoc
1129 2848 1296 2932 (inquam)
1311 2870 1399 2928 casu,

300 2946 366 3011 sive
381 2946 570 3015 undecimus
587 2946 656 3029 jam
673 2948 742 3015 dies
758 2950 932 3028 illucescat,
948 2950 1014 3015 sive
1032 2950 1114 3022 alim
1128 2950 1200 3034 quis
1216 2951 1280 3017 isto
1293 2959 1401 3034 poste·

299 3047 374 3127 rior,
390 3048 555 3130 sanguinis
574 3048 689 3113 unciae
709 3050 822 3115 decem
842 3052 894 3115 vel
911 3051 1081 3119 duodecim
1100 3072 1140 3115 ex
1162 3072 1201 3115 eo
1218 3051 1351 3117 brachio
1365 3052 1400 3118 in

300 3171 364 3233 quo
392 3151 541 3234 pustulae
569 3151 705 3217 rariores
731 3153 797 3219 situ
824 3153 981 3237 majorem
1004 3153 1168 3221 feriendae
1189 3174 1289 3219 venae
1313 3175 1411 3219 comm

299 3252 489 3315 moditatem
504 3252 648 3332 fecerint,
664 3276 761 3337 quam
778 3256 920 3339 primunr
940 3262 1017 3322 sunt
1036 3255 1234 3321 mittendae:
1257 3256 1409 3340 quamvis·

299 3352 387 3417 enim
404 3354 597 3437 paregorius,
613 3356 664 3420 vel
684 3358 796 3423 lectuli
816 3358 960 3423 interdiu
981 3358 1143 3423 abdicatio
1163 3358 1275 3442 primis
1296 3358 1410 3423 morbi·

300 3454 422 3534 diebus,
437 3456 536 3521 etiam
550 3458 668 3523 omissa
685 3460 953 3539 venae-sectione,
969 3481 1118 3545 orgasmo
1131 3461 1182 3524 vel
1198 3481 1400 3545 paroxysmo,

299 3577 374 3620 cum
393 3566 489 3623 nocte
509 3566 548 3626 ut
569 3560 746 3644 plurimum
768 3561 944 3646 ingruenti,
960 3562 1152 3631 debellando
1172 3570 1292 3647 queant
1314 3563 1401 3628 suffi-

299 3678 389 3737 cere3
412 3667 557 3727 attamen
581 3684 639 3747 per
657 3663 717 3729 hos
740 3664 807 3729 dies
827 3665 938 3753 Febris
961 3666 1176 3732 Secundariae
1201 3665 1285 3731 nulli
1307 3665 1401 3731 alteri

299 3761 495 3828 adminiculo
510 3784 621 3829 secure
634 3766 744 3831 fiditur
764 3766 827 3831 nisi
846 3767 992 3851 copiosae
1012 3766 1180 3851 sanguinis
1198 3767 1409 3846 detractioni,-

299 3885 364 3947 qua
382 3866 450 3929 sola
468 3888 635 3949 orgasmus
656 3891 714 3952 per
735 3870 769 3935 id
787 3872 940 3954 temporis
960 3870 1144 3935 desaeviens
1163 3876 1238 3935 tuto
1259 3869 1399 3935 sedatur.

299 3963 433 4047 Vesperi
447 3968 644 4052 anodynum,
659 3970 709 4035 uti
724 3972 821 4054 prius,
837 3974 928 4055 larga
947 3972 1018 4038 dosi
1037 3970 1256 4037 exhibendum
1269 3979 1328 4050 eet,
1347 3971 1400 4053 (sd

299 4066 385 4145 quod
403 4068 472 4149 jam
486 4076 641 4153 tanquam
661 4072 702 4136 ad
725 4094 847 4139 sacram
870 4074 1045 4139 anchoram
1059 4072 1285 4155 confugimus)
1302 4080 1400 4155 atque

298 4164 347 4229 ita
360 4166 509 4253 deinceps
528 4178 597 4241 tam
616 4194 712 4239 mane
727 4197 824 4257 quam
844 4196 924 4249 sero,
940 4175 1059 4239 alicubi
1077 4175 1176 4239 etiam
1197 4182 1231 4241 et
1251 4175 1314 4239 hoe
1331 4195 1400 4239 sae-

298 4268 388 4350 pius:
415 4277 464 4333 est
484 4272 571 4337 enim
593 4274 765 4357 diligenter
782 4276 1028 4354 observandum,
1047 4277 1134 4359 quod
1152 4276 1189 4341 in
1207 4276 1400 4359 quibusdam

298 4390 465 4453 orgrsmus
492 4374 541 4437 ita
569 4396 666 4457 supra
689 4376 823 4441 modurn
852 4377 1014 4455 efferatur,
1038 4385 1078 4442 ut
1106 4378 1205 4443 etiam
1232 4378 1400 4461 praelarga

297 4474 473 4557 paregorioi
493 4474 578 4543 dosis
597 4478 742 4561 ejusdem
762 4480 921 4564 impetum
938 4502 1041 4565 usque
1061 4481 1102 4545 ad
1120 4480 1290 4545 duodecim
1303 4480 1400 4545 bora-

298 4596 371 4642 rum
387 4577 526 4659 spatium
544 4578 716 4664 subjugare
731 4582 780 4647 vel
802 4582 914 4647 sistere
928 4590 1088 4667 nequeat3
1110 4604 1175 4667 quo
1187 4583 1225 4647 in
1238 4604 1316 4649 casu
1329 4604 1399 4649 onr-

332 4756 342 4788 l
360 4751 425 4799 Deae
435 4767 464 4798 ee
478 4754 583 4801 marlico
594 4750 683 4799 dicitur
694 4752 736 4800 ubi
747 4753 773 4801 in
784 4768 821 4801 re·
868 4752 923 4815 quis
936 4752 979 4815 qui
994 4754 1084 4815 negotii
1097 4752 1267 4803 difficultatem
1276 4753 1397 4817 expediat.

299 4814 345 4862 bus
356 4814 477 4878 perplexis
484 4822 578 4879 praeter
586 4831 654 4881 spem
662 4817 769 4866 exoritur
778 4817 823 4865 ali-
869 4817 907 4865 Cl.
921 4818 1020 4866 Erasini
1030 4820 1107 4881 Δάας.
1120 4818 1137 4868 i.
1151 4820 1170 4867 l.
1183 4820 1223 4868 68.
