3825 5759
531 659 575 721 64
833 658 1028 722 THOMAE
1052 658 1312 723 SYDENHAM

395 834 493 883 ream
529 843 644 904 parum
655 821 851 899 conducunt,
864 842 981 885 noxam
992 843 1085 905 saepe
1097 821 1185 885 haud
1195 823 1466 887 contemnendam
1474 824 1630 889 inferunt.

376 902 516 1011 Afflff„
529 924 600 1005 Ego
615 945 689 987 cum
700 923 785 987 felici
799 944 947 989 successu
961 924 1022 988 hae
1036 924 1188 989 methodo
1202 933 1286 989 utor.

395 1028 498 1075 'fil-'M
580 1024 661 1108 [56.]
691 1024 830 1089 Quando
849 1025 951 1107 liquet
967 1046 1006 1088 ex
1028 1026 1217 1109 clysteribus
1232 1048 1290 1110 per
1304 1048 1340 1089 os
1362 1026 1490 1109 rejectis
1504 1036 1538 1091 et
1560 1028 1631 1091 aliis

377 1105 477 1217 ἓξὲξ
531 1128 631 1209 siguis
646 1148 757 1190 verum
773 1148 841 1190 esse
860 1127 976 1206 Ileum,
992 1136 1072 1192 tune
1086 1130 1122 1192 in
1136 1129 1215 1192 haec
1229 1128 1294 1192 tria
1307 1129 1431 1193 enitor:
1456 1132 1486 1192 1.
1502 1138 1541 1193 ut
1554 1151 1630 1193 con-

378 1250 449 1296 ·22120
460 1235 498 1282 in·
530 1230 648 1293 trarius
662 1229 724 1293 iste
738 1230 909 1293 ventriculi
924 1238 1041 1309 motus,
1058 1231 1113 1313 qui
1129 1232 1266 1294 similem
1277 1238 1403 1295 motum
1418 1232 1454 1295 in
1467 1232 1631 1296 intestinis

379 1306 512 1427 ffissm
531 1332 637 1411 efficit,
664 1332 877 1415 impediatur3
908 1337 939 1398 2.
962 1341 1000 1397 ut
1027 1334 1184 1397 intestina
1209 1335 1275 1397 acri
1300 1334 1437 1399 humore
1463 1334 1632 1400 debilitata

380 1458 428 1503 qua
442 1443 508 1491 neus
531 1435 796 1513 corroborentur;
820 1438 851 1498 3.
868 1442 906 1498 ut
915 1436 1114 1498 ventriculus
1129 1458 1166 1499 ac
1180 1436 1337 1499 intestina
1351 1437 1474 1500 abistis
1487 1438 1631 1501 humori·

348 1602 356 1619 ,
379 1508 501 1618 {pandus
531 1538 593 1603 bus
607 1538 795 1603 liberentur.
842 1537 969 1603 Quibus
983 1538 1234 1601 indicationibus
1245 1546 1283 1601 ut
1298 1539 1502 1617 satisfaciam,
1512 1540 1630 1604 curati-

532 1662 628 1705 onem
651 1641 712 1707 hoc
734 1640 801 1704 ritu
820 1640 967 1704 instituo.
1018 1640 1100 1723 [57.]
1128 1640 1248 1718 Primo,
1272 1641 1346 1705 salis
1367 1641 1522 1706 absinthii
1543 1664 1631 1707 scru-

530 1744 645 1828 pulum
664 1764 765 1807 unum
789 1764 828 1806 er
850 1742 1008 1807 cochleari
1024 1763 1092 1805 uno
1111 1743 1198 1806 succi
1215 1744 1374 1807 limonum
1393 1766 1489 1809 mane
1508 1752 1541 1808 et
1556 1766 1627 1809 sero

531 1846 725 1910 sumendum
750 1845 949 1928 praescribo;
981 1844 1181 1907 intermediis
1203 1866 1279 1909 vero
1301 1847 1499 1929 temporibus
1525 1868 1627 1930 aquae

531 1947 684 2011 menthae
699 1946 876 2011 stillatitiae
896 1946 966 2009 sine
986 1946 1136 2009 saccharo
1156 1947 1257 2011 aliove
1277 1948 1388 2031 quovis
1408 1948 1630 2013 additamento

531 2049 709 2113 cochlearia
730 2048 851 2131 aliquot
869 2048 919 2112 bis
934 2069 1060 2131 quaque
1079 2048 1160 2112 hora
1176 2050 1311 2133 propino
1320 2076 1330 2128 3
1353 2052 1445 2135 cujus
1460 2052 1510 2115 vel
1530 2051 1628 2115 solius

530 2151 668 2235 repetito
690 2172 751 2213 usu
775 2158 808 2215 et
823 2152 961 2215 vomitus
981 2158 1015 2215 et
1035 2150 1126 2215 dolor
1145 2173 1183 2215 ex
1206 2173 1245 2216 eo
1266 2160 1363 2216 natus
1384 2152 1491 2217 subito
1515 2174 1629 2217 evane-

532 2264 633 2316 scent.
678 2253 767 2317 Dum
792 2252 871 2317 haec
894 2254 988 2331 liunt,
1005 2254 1148 2317 catulum
1169 2254 1330 2317 viventem
1351 2255 1440 2319 nudo
1454 2256 1561 2319 ventri
1581 2256 1631 2319 in-

534 2354 719 2419 desinenter
747 2354 935 2419 accumbere
962 2355 1074 2439 jubeo.
1128 2356 1306 2439 Postquam
1335 2378 1409 2421 vero
1438 2357 1529 2422 dolor
1557 2380 1632 2423 cum

533 2458 657 2521 vomitu
677 2479 735 2541 per
756 2458 896 2541 spatium
918 2458 1011 2521 bidui
1031 2458 1188 2522 triduive·
1207 2459 1340 2523 omniuo
1361 2462 1540 2540 cessaverit,
1560 2470 1633 2525 tum

533 2560 706 2644 pilularum
736 2561 919 2625 cochiarum
947 2562 1107 2643 majorum
1137 2562 1322 2625 drachmam
1356 2584 1456 2626 unam
1483 2564 1519 2625 in
1548 2585 1632 2646 aqua

534 2664 688 2727 menthae
710 2663 899 2727 dissolutam
921 2663 1071 2741 exhibe05
1094 2685 1191 2746 quam
1206 2664 1305 2728 etiam
1326 2686 1442 2747 aquam
1468 2666 1542 2747 (quo
1565 2686 1632 2728 cer·

533 2768 599 2833 tius
618 2766 757 2831 vomitus
774 2786 940 2830 recursum
960 2767 1182 2849 praevertam)
1200 2774 1270 2831 toto
1290 2767 1470 2831 catharseos
1487 2774 1632 2849 tempore

534 2872 659 2955 saepius
688 2871 879 2935 sumendam
915 2870 1064 2954 injungo.
1115 2870 1232 2953 Neque
1261 2870 1387 2933 catulus
1418 2870 1631 2935 removendus

533 2981 707 3057 autequam
721 2994 817 3037 usum
832 2974 1006 3056 pilularum
1021 2994 1116 3054 aeger
1130 2971 1348 3055 aggrediatur.

379 3094 510 3143 Ventricu.
583 3075 665 3158 [58.]
693 3074 866 3141 Observavi
895 3075 1016 3139 fusstra
1043 3074 1159 3157 pilulas
1183 3074 1273 3152 istas,
1296 3073 1347 3136 rel
1375 3074 1509 3157 quodvis
1538 3074 1627 3139 aliud

380 3158 420 3207 ¹¹¹⁸
432 3160 499 3221 9⁶⁰⁸
533 3176 755 3254 catharticum,
771 3184 936 3258 uteunque
950 3176 1043 3252 forte,
1059 3175 1232 3258 propinari,
1248 3175 1350 3239 donec
1364 3176 1544 3241 ventriculo
1563 3198 1632 3240 eor-

379 3224 498 3343 iiiiii?
532 3278 692 3354 roborato,
708 3284 805 3363 atque
822 3277 901 3341 adeo
920 3276 962 3340 ad
976 3284 1103 3341 motum
1117 3278 1300 3341 naturalem
1318 3277 1463 3357 reducto,
1478 3279 1634 3341 intestina

379 3350 505 3474 {idiuin'
533 3379 632 3441 etiam
647 3378 687 3442 ad
702 3380 866 3463 proprium
881 3386 1007 3443 motum
1026 3401 1127 3462 aeque
1141 3380 1276 3443 reducta
1289 3380 1411 3444 fuerint
1419 3406 1430 3457 3
1453 3381 1530 3444 alias
1545 3380 1633 3443 enim

382 3476 499 3552 ⁰⁸¹hmi:
533 3480 709 3544 cathartica
730 3481 839 3545 omnia
863 3482 953 3545 intus
975 3490 1140 3565 assumpta
1165 3482 1302 3546 emetica
1327 3483 1475 3561 evadent,
1501 3490 1535 3545 et
1558 3483 1632 3565 plus

381 3540 522 3652 {illidii
534 3581 645 3645 damni
671 3604 767 3665 quam
798 3583 957 3647 commodi
987 3584 1138 3647 inferent.
1183 3584 1267 3648 Inde
1289 3593 1339 3648 est
1368 3584 1455 3667 quod
1482 3584 1633 3647 remediis

380 3668 473 3716 ’Μ
533 3685 747 3767 purgantibus
768 3684 852 3747 viam
875 3686 979 3749 facere
1001 3708 1068 3750 nou
1091 3688 1270 3769 aggredior,
1287 3687 1389 3751 donee
1411 3707 1467 3769 per
1489 3685 1632 3768 spatium

533 3786 695 3869 quoddam
715 3786 957 3851 medicamentis
972 3788 1043 3852 istis
1057 3789 1274 3853 ventriculum
1296 3788 1540 3874 respicientibus
1555 3810 1633 3852 usus

535 3888 662 3953 fuerim.

383 4006 471 4055 Diaeta
481 4012 506 4054 et
582 3990 665 4074 [59.]
693 3989 827 4053 Victum
842 3992 933 4056 valde
955 4000 1088 4056 tenuem
1103 4014 1200 4075 aegro
1220 3993 1412 4077 praescribo,
1427 3993 1475 4057 ita
1494 4000 1532 4056 ut
1552 4012 1634 4056 non·

381 4072 521 4183 fflssbo
534 4092 597 4157 nisi
612 4092 790 4158 cochlearia
809 4094 930 4178 aliquot
948 4095 1068 4179 jusculi
1083 4116 1122 4158 ex
1138 4096 1228 4179 pullo
1248 4096 1425 4178 gallinaceo
1440 4094 1544 4177 parati
1566 4115 1632 4157 sor-

380 4195 642 4261 laborsntiarbeuda
662 4196 712 4262 bis
735 4196 785 4261 vel
806 4203 857 4261 ter
885 4197 921 4261 in
942 4198 995 4260 die
1017 4198 1214 4280 permittam.
1260 4198 1399 4261 Interim
1420 4218 1496 4261 vero
1517 4203 1556 4259 ut
1577 4216 1635 4278 per

533 4306 637 4363 totam
648 4300 901 4383 aegrotationem
912 4299 1042 4363 inlecto
1053 4298 1227 4363 decumbat
1238 4298 1348 4383 jubeo,
1361 4299 1463 4364 donec
1473 4298 1634 4381 perfectae

381 4408 484 4458 stateo
533 4402 709 4465 sanationis
731 4403 823 4485 signa
845 4410 1039 4486 appareant;
1069 4422 1107 4464 ac
1129 4402 1228 4465 etiam
1251 4410 1324 4485 post
1350 4401 1553 4465 sanationem
1575 4420 1634 4481 per

364 4474 504 4587 iffi}
532 4500 667 4583 longum
687 4508 814 4585 tempus
829 4504 864 4565 in
883 4503 1067 4589 praedictae
1082 4524 1183 4586 aquae
1197 4526 1261 4567 usu
1279 4503 1461 4587 persistere,
1477 4508 1511 4565 et
1530 4500 1634 4564 laneis

381 4601 420 4651 aa
533 4602 703 4686 duplicatis
714 4612 858 4669 ventrem
871 4606 1016 4689 afrigore
1031 4606 1114 4670 bene
1124 4606 1296 4671 defendere
1306 4606 1440 4690 impero,
1450 4625 1514 4687 quo
1525 4603 1634 4666 minus

532 4705 671 4769 recidiva
685 4706 750 4785 fiat,
761 4708 814 4771 eui
826 4708 879 4773 hic
894 4710 1029 4773 affectus
1042 4730 1119 4792 prae
1134 4708 1285 4773 omnibus
1300 4709 1371 4772 aliis
1385 4714 1434 4773 est
1449 4704 1619 4772 obnoxius.

735 4847 746 4872 Ι
763 4838 808 4885 bid.
821 4836 890 4898 crta]
901 4841 948 4886 diei
959 4842 1027 4886 anius
1037 4841 1072 4887 vel
1082 4841 1179 4886 alterius
1190 4838 1244 4887 edd.
1255 4838 1306 4896 ¹66,
1319 4838 1369 4896 '68,
1381 4836 1429 4888 76.
