3825 5759
534 652 599 715 462
847 649 1042 714 ΤΗΟΜΑΕ
1066 647 1325 713 SYDENHAM

396 832 438 879 oe
451 830 507 879 nv.
530 818 672 898 purgata
696 811 888 876 difficillimis
911 812 1027 875 unciae
1049 810 1155 894 duae)
1180 830 1277 875 mane
1298 808 1451 889 exhibita,
1470 815 1505 874 et
1528 810 1635 893 quoti-

386 909 518 973 Q
532 913 584 977 die
603 934 662 997 pro
682 914 769 996 aegri
791 914 911 979 viribus
931 914 1091 993 reiterata,
1116 913 1294 996 quamlibet
1316 913 1422 997 prima
1439 912 1521 976 facie
1545 912 1635 975 haud

532 1016 621 1079 aliud
643 1017 811 1100 promittat
838 1040 935 1101 quam
960 1018 1128 1081 colluviem
1151 1018 1187 1080 in
1212 1016 1391 1081 ventriculo
1414 1016 1635 1081 stabulantem

533 1140 671 1203 egerere,
686 1120 820 1186 taudem
840 1129 952 1187 tamen
971 1122 1087 1185 efficiet
1108 1127 1147 1185 ut
1166 1119 1326 1184 abdomen
1345 1120 1387 1183 ab
1409 1140 1565 1203 aquarum
1581 1141 1633 1183 su·

381 1246 507 1294 Emeum
532 1225 862 1308 per-incumbentium
881 1246 979 1290 onere
995 1225 1169 1289 liberetur:
1195 1230 1421 1307 praeterquam
1435 1223 1523 1286 enim
1537 1223 1633 1306 quod,

380 1310 525 1422 ssffiffnl
533 1332 678 1391 cessante
698 1326 880 1406 vomitione,
895 1328 931 1391 in
951 1326 1112 1391 catharam
1134 1324 1192 1406 τὴν
1205 1324 1293 1389 κάτω
1312 1325 1392 1389 solet
1407 1324 1562 1403 desinere,
1576 1346 1633 1388 ne-

379 1440 522 1502 vesttgatur.
533 1450 620 1492 cesse
634 1436 684 1493 est
701 1430 843 1508 omnino,
859 1436 907 1508 ut,
923 1450 999 1493 eum
1019 1436 1115 1493 tanta
1133 1428 1232 1492 fuerit
1250 1426 1385 1511 agitatio
1404 1427 1634 1509 concussioque

532 1538 601 1595 tam
615 1530 785 1595 ventriculi
807 1552 904 1615 quam
926 1532 1083 1595 viscerum
1105 1552 1125 1594 a
1142 1538 1212 1594 tam
1225 1530 1348 1613 insigni
1365 1550 1523 1613 aquarum
1536 1529 1633 1593 corri-

532 1634 661 1699 vatione
683 1635 774 1719 quasi
793 1635 1089 1718 circumseptorm
1105 1634 1281 1698 earumdem
1298 1635 1463 1699 evacuatio
1484 1655 1542 1717 per
1556 1633 1633 1697 duc-

533 1746 588 1803 tus
609 1739 774 1803 communi
788 1740 935 1804 Naturae
950 1738 1021 1822 lege
1035 1738 1124 1802 haud
1143 1738 1221 1802 satis
1242 1745 1392 1821 patentes
1413 1745 1566 1802 conatum
1587 1738 1634 1801 ita

534 1842 758 1906 vehementem
786 1842 984 1926 insequatur.
1029 1842 1265 1921 Veruntamen,
1292 1843 1320 1906 si
1348 1842 1551 1927 praedictum
1579 1862 1633 1905 vo·

532 1946 699 2009 mitorium
722 1946 906 2010 inferiorem
924 1954 1069 2011 ventrem
1095 1946 1184 2009 baud
1203 1946 1373 2010 efficaciter
1399 1945 1633 2029 expurgaverit,

532 2057 602 2113 tam
620 2050 829 2113 electuarium
847 2049 887 2113 de
907 2070 1002 2114 succo
1024 2070 1171 2113 rosarum
1191 2070 1289 2133 quam
1310 2070 1466 2133 syrupum
1487 2048 1527 2111 de
1542 2046 1636 2130 spina

533 2153 661 2215 cervina
687 2153 771 2216 soleo
794 2160 867 2235 post
891 2153 1022 2217 tertiam
1048 2159 1105 2216 aut
1131 2161 1279 2235 quartam
1303 2153 1397 2217 dosin
1418 2174 1526 2217 merae
1547 2152 1635 2215 infu-

533 2256 632 2319 sionis
658 2257 743 2319 croci
767 2256 972 2319 metallorum
998 2256 1190 2340 quandoque
1215 2257 1302 2339 (licet
1323 2256 1448 2339 mina)
1475 2256 1633 2340 adjicere,

534 2357 672 2441 exempli
687 2359 793 2441 gratia
803 2384 855 2421 :-

535 2543 635 2610 [Fona.
652 2547 725 2611 100.]
763 2540 794 2621 R,
814 2546 907 2613 Aquae
919 2543 1021 2597 Cardui
1035 2543 1176 2598 Benedicti
1187 2543 1280 2597 uncias
1292 2552 1353 2606 tres,

817 2629 963 2682 lufirsiouis
975 2630 1053 2683 Croci
1067 2630 1237 2683 Metellorum
1249 2629 1452 2698 sesqrriunciam,

818 2714 914 2785 Sympi
927 2715 961 2768 de
974 2715 1058 2785 Spina
1070 2716 1185 2768 Cervina
1196 2716 1379 2780 semiunciam,

816 2800 961 2855 Electuarii
973 2800 1006 2854 de
1020 2801 1105 2855 Sucro
1117 2800 1248 2854 Rostrum
1260 2800 1400 2854 drachmas
1411 2798 1492 2862 duan

676 2887 777 2949 Mitem
796 2887 843 2941 fiat
854 2889 934 2958 potio.

403 3090 472 3123 aecus
496 3090 521 3122 a·
583 3063 666 3147 [19.]
694 3062 790 3128 Quod
812 3084 886 3127 vero
909 3062 1030 3127 dentur
1049 3062 1207 3147 ejusmodi
1223 3062 1310 3127 caeci
1330 3067 1457 3125 meatus
1477 3080 1535 3144 per
1554 3081 1634 3143 quos

381 3154 510 3251 'lias
535 3187 636 3248 aquae
660 3186 699 3231 ex
722 3165 902 3229 abdominis
927 3168 1062 3231 cavitate
1086 3166 1127 3230 ad
1148 3166 1304 3230 intestina
1325 3165 1570 3243 mansferantur,
1594 3164 1634 3228 de

380 3268 454 3379 2¹:1⁰2
464 3284 504 3379 ξι·
534 3270 619 3333 facto
642 3269 763 3351 liquet;
787 3288 862 3332 cum
886 3270 1029 3352 quotidie
1059 3270 1263 3335 observemus
1291 3270 1480 3356 hydragoga
1507 3277 1633 3333 tantam

379 3410 405 3442 m
417 3412 442 3443 ε,
454 3396 494 3443 in.
535 3391 691 3453 aquarum
706 3369 741 3431 in
756 3369 927 3434 abdomine
942 3371 1140 3435 inclusarum
1154 3373 1220 3435 vim
1239 3393 1296 3455 per
1314 3394 1472 3437 secessum
1487 3371 1632 3447 educere,

398 3476 460 3571 ‘112⁰
534 3471 668 3555 perinde
686 3491 722 3533 ac
738 3471 765 3533 si
779 3471 928 3553 primitus
947 3473 983 3535 in
1000 3472 1077 3556 ipsis
1097 3474 1260 3537 intestinis
1274 3476 1528 3539 continerentur.
1572 3474 1633 3537 cui

534 3583 603 3638 tam
623 3574 704 3638 duro
723 3575 809 3639 nodo
831 3596 906 3639 cum
923 3597 1033 3659 parem
1052 3598 1192 3641 cuneum
1206 3577 1294 3641 haud
1313 3578 1405 3641 facile
1422 3578 1632 3653 inveniamus,

534 3678 570 3739 in
587 3683 731 3740 mentem
752 3678 833 3741 mibi
853 3678 940 3743 venit
960 3680 1085 3745 celebre
1101 3681 1183 3745 illud
1201 3682 1326 3746 dictum
1344 3682 1467 3747 Medici
1488 3681 1633 3745 omnium

411 3796 433 3871 i·
482 3812 519 3843 ra·
535 3781 735 3845 saeculorum
749 3781 871 3865 judicio
887 3782 1114 3865 sapientissimi
1139 3786 1325 3869 optimique,
1343 3784 1550 3869 Hippocratis
1573 3782 1632 3846 sci-

381 3876 508 3971 nqqnqe
535 3884 620 3961 licet,
637 3883 692 3967 qui
714 3882 749 3947 in
774 3883 857 3949 libro
880 3886 928 3948 De
943 3887 1056 3949 Prisca
1071 3888 1232 3952 Medicina
1255 3888 1348 3973 [tom.
1368 3889 1391 3953 i.
1409 3912 1442 3973 p.
1462 3888 1531 3971 49.]
1554 3888 1633 3951 baec

396 3988 451 4037 iur.
536 3987 652 4052 habet:
679 3986 822 4073 Λέγουσι
841 3986 875 4053 δὲ
895 4014 975 4058 τινες
995 3989 1050 4054 eat
1063 3989 1183 4078 Ἰηνροὶ
1201 3990 1257 4057 mi
1276 3990 1433 4078 σοφιοτσὶ
1453 3991 1496 4059 rire
1516 3990 1573 4055 οὐκ
1589 3989 1634 4055 ἔνι

536 4088 668 4156 δυνατὸν
681 4088 841 4177 Ἰητρικὴν
863 4088 985 4169 εἰδέναι,
1001 4088 1090 4160 ὅστις
1107 4094 1153 4174 μὴ
1172 4091 1255 4159 οἶδεν
1274 4093 1341 4159 tvl
1357 4095 1447 4159 ἐστιν
1460 4092 1633 4180 ἄνθρωπος,

536 4192 591 4258 nai
605 4190 690 4263 ὅπως
709 4192 832 4278 ἐγένετο
849 4194 985 4279 πρῶτον,
1001 4192 1055 4257 nal
1074 4192 1159 4265 ὅπως
1178 4195 1354 4284 aemam·
1371 4195 1436 4283 ἐγὼ
1449 4193 1485 4260 tl
1501 4192 1637 4260 τουτέων
1757 4225 1758 4232 ¹

536 4294 595 4375 μὲν
619 4292 683 4359 ὅσα
707 4292 770 4359 τινὶ
798 4292 918 4379 εἴρηται
947 4297 1089 4380 σοφιστῇ
1114 4295 1136 4378 ἢ
1160 4296 1277 4385 Ἰητρῷ
1303 4298 1325 4380 ἢ
1353 4296 1535 4385 γέγρσοιτοι
1562 4294 1637 4383 περὶ

538 4395 674 4471 Φύσεως,
706 4394 809 4476 ἧσσον
840 4394 953 4477 νομίζω
981 4398 1021 4481 τῇ
1046 4397 1186 4486 Ἰητρικῇ
1214 4403 1311 4489 τρχνῇ
1340 4399 1514 4488 προσήκειν
1541 4398 1564 4480 ἢ
1596 4400 1638 4481 τῇ

537 4499 688 4583 γραφικῇ.
705 4498 726 4561 i.
743 4518 770 4561 e.
787 4498 906 4561 Medici
922 4500 1047 4581 quidam
1064 4509 1095 4566 et
1116 4506 1272 4586 sophistae
1291 4506 1398 4571 άᾶοιιιιι
1419 4505 1503 4589 qaod
1522 4506 1637 4586 impar·

536 4601 624 4663 sibile
649 4608 694 4664 est
720 4622 786 4665 eam
804 4602 995 4669 Medicinam
1015 4626 1203 4690 σοροοιοινι,
1229 4611 1284 4693 qui
1303 4632 1363 4674 aaa
1386 4611 1471 4673 norit
1495 4608 1574 4690 qaid
1592 4607 1638 4669 rit
1756 4613 1757 4616 ’

536 4702 633 4779 bomo,
654 4708 684 4764 ct
707 4704 853 4783 quomoda
867 4708 1003 4787 primma
1018 4708 1128 4791 factae
1148 4717 1179 4774 et
1201 4717 1376 4793 compactas
1395 4713 1456 4781 eit,·
1487 4729 1542 4789 epa
1564 4728 1638 4770 vero

537 4822 573 4864 θα
598 4822 675 4884 W
699 4804 738 4865 ab
756 4806 857 4889 aliquo
882 4812 1021 4892 amana
1038 4820 1094 4878 aut
1111 4814 1237 4877 Medico
1258 4814 1295 4877 de
1318 4814 1445 4875 Natura
1469 4812 1554 4875 dicta
1581 4816 1639 4873 aut
