3825 5759
611 654 868 721 PROCESSUS
891 654 1094 721 INTEGRI.
1343 656 1405 719 605

348 819 463 880 Sumat
484 816 659 899 pilularum
682 815 866 880 cochiarum
886 816 1051 882 minorum
1073 816 1239 900 scrupulos
1259 816 1338 882 duos
1360 816 1406 880 al·
1471 832 1513 881 Da

302 922 405 986 ternis
425 920 595 984 matutinis
613 941 671 1003 per
693 940 747 983 sex
762 919 845 983 vices
854 946 864 996 ;
888 920 1005 983 deinde
1025 920 1129 1003 capiat
1151 927 1202 984 ter
1221 920 1257 983 in
1279 919 1330 983 die
1349 896 1559 1003 perp-*EQ

303 1021 440 1103 triginta
455 1019 523 1083 dies
537 1019 713 1083 Electuarii
727 1021 983 1095 Antiscorbutici
1003 1022 1171 1087 drachmas
1194 1022 1282 1101 duas,
1297 1043 1407 1106 super·
1421 986 1551 1035 cmm

303 1122 445 1186 bibendo
454 1123 567 1205 Aquae
576 1122 883 1189 Antiscorbuticaem
894 1124 1072 1190 cochlearia
1083 1147 1148 1191 sex.
1163 1125 1259 1209 (Vide
1269 1124 1306 1189 in
1315 1126 1407 1189 Seor-

305 1225 375 1287 ‘71220
396 1225 438 1307 [e.
454 1224 551 1308 59.].)

308 1358 406 1419 [Ferro.
418 1364 495 1428 aba]
531 1357 563 1427 R,
584 1360 724 1430 Unguenti
736 1361 953 1417 Nerviniuneias
965 1371 1026 1427 tres,

585 1447 700 1516 Spiritus
712 1446 881 1502 Larandulae
893 1449 1049 1519 compositi,

586 1532 700 1603 Spiritus
712 1532 883 1588 Cochleariae
896 1534 1048 1599 Hortensia,
1060 1551 1114 1589 aus
1124 1535 1335 1605 sesquiuneiam3

444 1618 531 1672 Misce
541 1640 548 1682 3
564 1628 591 1671 et
602 1619 768 1689 inungantur
779 1628 866 1689 partas
876 1620 995 1684 allectae,
1005 1622 1124 1691 utspino
1136 1620 1214 1686 dorsi,
1223 1629 1282 1687 eta,
1291 1637 1369 1675 mene
1379 1630 1407 1676 et

445 1722 510 1757 8010.

348 1824 505 1907 Pleraque
533 1824 812 1909 praescriptorum,
838 1832 915 1891 utut
944 1826 1105 1891 curationi
1133 1826 1276 1891 scorbuti
1301 1826 1405 1891 solum

304 1925 460 1989 destinari
484 1926 664 2005 videantur,
687 1935 843 2006 attamen,
858 1949 933 1992 cum
954 1928 1105 1993 humores
1128 1928 1242 1993 crudos
1264 1950 1302 1992 ac
1326 1929 1405 1993 fixos

303 2028 495 2093 volatilisare
510 2050 586 2113 prae
608 2030 680 2093 aliis
694 2037 771 2114 apta
789 2038 869 2095 nata
889 2038 977 2111 sunt,
992 2032 1028 2095 in
1048 2032 1192 2117 Paralysi
1211 2032 1310 2097 etiarn
1329 2052 1404 2096 con-

304 2131 451 2195 veniunt.

718 2369 814 2433 cAP.
838 2370 988 2434 ΙΝΙΙΙ.ιι

631 2560 641 2572 ·
677 2530 727 2591 De
745 2530 833 2592 litari
848 2536 878 2592 et
892 2530 1029 2593 Phthisi.

347 2659 466 2723 Tussis
480 2681 538 2743 per
552 2681 586 2724 se
600 2669 701 2744 patet.
739 2662 882 2727 Phthisis
897 2672 1008 2728 eutem
1021 2664 1145 2728 invadit
1160 2662 1200 2727 ab
1216 2664 1330 2728 aetatis
1346 2683 1402 2726 an·
1416 2678 1524 2727 Phthion

304 2783 348 2826 no
359 2761 483 2825 decimo
494 2769 606 2826 octavo
621 2763 663 2826 ad
676 2763 879 2846 trigesimum
894 2766 1056 2848 quintum,
1078 2766 1283 2828 &tenuatur
1294 2771 1401 2827 totum
1416 2744 1551 2806 caespes

304 2883 437 2945 corpus;
461 2861 560 2926 febris
581 2864 731 2928 molestat
751 2865 920 2945 boeticae
941 2866 1013 2930 cibo
1035 2867 1242 2945 invalescens,
1264 2886 1345 2949 quae
1363 2887 1401 2929 ex

303 2964 467 3030 celeritate
477 2965 599 3047 pulsus,
614 2964 835 3051 rubedineque
849 2989 1016 3051 genarum,
1029 2968 1228 3051 dignoscitur
1235 2994 1245 3047 ς
1268 2968 1404 3031 materia

303 3087 361 3151 per
375 3066 502 3129 'lhussim
517 3074 646 3131 excreta
662 3076 797 3133 cruenta
812 3076 860 3134 est
875 3077 932 3134 aut
949 3071 1133 3153 purulenta,
1149 3070 1184 3133 in
1201 3070 1311 3152 ignem
1326 3090 1402 3132 eon-

299 3170 388 3252 jecta
400 3175 524 3232 tetrum
539 3169 640 3252 spirat
654 3170 795 3250 odorem,
812 3178 845 3235 et
863 3172 1009 3236 immissa
1022 3172 1058 3234 in
1072 3192 1127 3235 vas
1139 3192 1222 3254 aqua
1231 3171 1401 3253 repletum,

302 3272 442 3337 fundum
474 3273 578 3357 petit3
616 3274 748 3339 sudores
783 3277 937 3340 nocturni
972 3276 1212 3360 superveniunt,
1242 3275 1402 3339 livescunt

303 3375 438 3439 tandem
460 3397 571 3458 genae,
593 3376 691 3440 facies
716 3378 825 3460 pallet,
847 3386 1046 3444 exacuuntur
1068 3398 1163 3441 nares
1170 3403 1181 3457 3
1219 3383 1402 3460 temporum

304 3500 431 3561 quoque
445 3478 613 3561 collapsus,
628 3479 789 3561 unguium
803 3480 991 3559 incurvatio,
1004 3478 1190 3563 capillorum
1205 3477 1353 3555 defluxio,
1368 3484 1402 3541 et

303 3580 366 3644 alvi
388 3580 580 3663 profluvium
602 3581 852 3665 colliquatirum,
866 3589 1005 3647 mortem
1029 3582 1139 3647 statim
1159 3581 1403 3646 subsecuturam

303 3683 512 3747 denunciant.

351 3785 413 3868 [2.]
442 3785 478 3847 Si
499 3784 608 3849 Tuane
633 3806 746 3849 reeens
766 3785 875 3864 fuerit,
898 3792 932 3849 et
956 3786 1104 3850 nondum
1125 3785 1241 3849 febrim
1261 3790 1318 3848 aut
1340 3783 1402 3847 alia
1416 3796 1546 3845 corruo.

302 3887 397 3970 signa
415 3888 717 3971 peripneumoniam
738 3888 872 3953 notham
899 3888 1088 3951 comitantia
1109 3887 1308 3952 accersiverit
1319 3912 1329 3963 3
1352 3886 1401 3949 vel

303 3989 331 4052 si
346 4011 366 4053 a
379 3990 562 4073 pleuritide,
578 3998 636 4055 aut
649 3992 925 4075 peripneumonia,
936 3990 978 4054 ob
994 3990 1174 4073 neglectam
1190 3988 1400 4053 sufficientem

302 4092 555 4174 phlebotomiam
576 4093 660 4156 male
683 4094 812 4172 curatis,
827 4093 940 4158 eadem
963 4112 1166 4175 nequaquam
1189 4097 1261 4155 orta
1283 4090 1399 4167 luerit3

303 4193 381 4255 satis
397 4195 459 4257 erit
474 4202 512 4257 ut
527 4215 623 4277 aeger
636 4216 695 4277 per
705 4196 773 4259 dies
789 4197 910 4280 aliquot
922 4196 962 4259 ab
977 4216 1040 4258 usu
1054 4194 1120 4257 vini
1135 4202 1168 4257 et
1183 4192 1287 4257 cernis
1303 4191 1400 4255 absti-

302 4300 389 4372 neat,
405 4302 438 4358 et
452 4296 503 4357 his
518 4296 676 4360 similibus
690 4298 840 4361 remediis
855 4299 896 4362 ad
909 4298 1040 4361 libitum
1054 4303 1167 4361 utetur
1176 4319 1229 4359 2-

351 4396 412 4480 [3.]
432 4397 620 4460 Balsamum
634 4397 797 4480 sulphuris
811 4399 973 4461 anisaturn
994 4398 1035 4462 ad
1055 4404 1164 4481 guttas
1179 4396 1290 4461 decem
1305 4396 1400 4460 eoch-

301 4498 380 4561 lean'
390 4520 458 4562 uno
469 4498 610 4563 sacchari
621 4499 798 4583 crystallini
808 4500 1001 4564 instillatum
1011 4500 1062 4565 bis
1074 4500 1124 4565 vel
1133 4507 1184 4564 ter
1193 4499 1229 4563 in
1240 4498 1292 4562 die
1307 4498 1400 4563 devo-

301 4608 392 4665 retur
394 4626 405 4679 3
419 4608 458 4664 ut
473 4601 570 4665 etiam
581 4600 774 4665 tabellarum
785 4604 998 4687 sequentium,
1011 4625 1089 4688 quas
1100 4624 1209 4668 seeum
1220 4622 1315 4685 aeger
1326 4622 1401 4667 con-

301 4706 396 4769 tinuo
410 4711 527 4789 portet,
542 4726 643 4769 unam
656 4704 842 4790 frequenter
856 4715 999 4772 mrumst
1010 4732 1061 4771 :-

335 4840 352 4862 ·
373 4833 411 4881 Cl.
422 4834 517 4882 sermm.
531 4834 587 4891 tol,
599 4834 655 4885 262
815 4844 830 4871 ¹¹
848 4837 888 4885 cf.
899 4837 941 4887 int
954 4853 975 4887 c.
988 4838 1034 4893 60;
1058 4839 1150 4885 Odrerv.
1162 4838 1224 4885 Meo.
1238 4852 1259 4885 v.
1273 4838 1294 4884 5.
1306 4838 1320 4883 3
1332 4851 1366 4897 sq.
