3825 5759
413 704 809 771 OBSERVA'PIONUM
831 707 1116 791 MEDlCARUM
1140 713 1197 766 III.
1215 719 1241 767 a.
1318 709 1380 771 139

278 868 375 931 ciliat.
422 867 519 932 Quod
542 868 569 931 si
596 876 651 931 aut
674 868 820 951 frigidior
846 868 923 931 anui
946 875 1129 951 tempestas,
1145 875 1202 929 aut
1223 867 1532 950 copiosiorvlarorsr

279 968 542 1032 exanthematum
571 970 706 1052 eruptio,
730 978 885 1053 perpetuo
914 970 1127 1033 decumbeudi
1155 970 1379 1034 necessitatem
1389 941 1531 1054 ffiffi,

279 1071 460 1151 aegrotanti
475 1072 629 1153 imponat,
644 1072 801 1154 prospicio
815 1080 853 1134 ut
867 1094 934 1136 non
948 1073 1123 1136 intensiore
1138 1072 1250 1136 caloris
1266 1073 1377 1155 gradu,
1409 1071 1513 1119 'fil-’⁶2

278 1172 329 1235 vel
344 1172 476 1256 adjectis
487 1172 632 1255 pluribus
648 1173 798 1255 stragulis
813 1172 849 1235 in
862 1174 945 1237 lecto
961 1171 1140 1250 decumbat,
1151 1195 1248 1255 quam
1263 1173 1378 1256 quibus
1390 1174 1508 1273 2¹35&

279 1276 314 1338 in
334 1296 485 1359 prospera
501 1276 684 1339 valetudine
704 1276 754 1339 uti
776 1274 907 1353 solebat,
923 1296 1055 1339 accenso
1076 1275 1207 1337 interim
1229 1295 1297 1338 nou
1315 1276 1379 1339 nisi
1391 1302 1496 1351 Suam,

278 1376 395 1459 hyeme
409 1376 615 1441 incumbente
630 1399 726 1441 manc
741 1383 773 1441 et
789 1398 858 1440 sero
873 1377 942 1441 foco
957 1376 1119 1440 mediocri.
1149 1377 1266 1459 Neque
1281 1377 1379 1441 etiam
1390 1368 1502 1493 ffigeffi‘

279 1478 373 1559 exigo
398 1485 454 1541 ut⁰
476 1478 511 1541 in
533 1478 646 1542 eodem
671 1479 741 1542 loco
767 1500 891 1561 semper
913 1479 1028 1561 jaceat,
1049 1498 1166 1560 nempe
1184 1500 1227 1543 ne
1249 1480 1379 1543 sudores
1391 1496 1499 1556 pericuu

279 1586 552 1663 e¹¹1¹¹¹P²²¹¹bsl¹¹⁰⁸
567 1586 710 1663 egotam
723 1581 901 1645 rationibus
917 1590 1031 1662 supra1‘
1049 1577 1084 1664 [q
1099 1579 1167 1664 19,]
1182 1580 1295 1658 allatis,
1308 1588 1379 1645 tum
1390 1574 1501 1621 prome·

279 1686 348 1767 iP⁸a
369 1685 695 1768 experientiafretus,
721 1685 859 1749 fidenter
878 1687 1001 1749 affirmo
1022 1707 1090 1749 non
1114 1685 1233 1769 absque
1252 1687 1379 1768 ingenti
1391 1632 1484 1671 ventur,

280 1786 419 1867 periculo
434 1786 629 1868 promoveri<¹
644 1808 746 1870 posse.

327 1886 431 1968 [4⁷3¹
451 1886 697 1952 Determinantc
718 1888 840 1968 morbo,
857 1912 930 1955 erun
949 1892 1110 1958 halituum
1125 1916 1145 1957 a
1158 1893 1293 1957 materia
1307 1893 1376 1977 jam
1389 1904 1533 1953 visumen-

279 1988 314 2049 in
328 2008 388 2069 pus
403 2007 555 2050 conversa
573 1988 802 2070 prodeuntium
824 1994 949 2075 eruptio
968 1995 1098 2060 liberior
1113 2019 1132 2059 a
1152 1996 1289 2078 pustulis
1304 1999 1377 2059 tan·
1389 1970 1510 2081 iiilffi'

279 2089 353 2152 dem
368 2090 519 2153 crustosis
534 2110 571 2153 ac
593 2090 784 2155 duriusculis
803 2094 1005 2177 impediatur,
1021 2096 1077 2159 abs
1096 2118 1131 2160 re
1151 2118 1217 2160 non
1235 2097 1296 2160 erit
1310 2096 1377 2159 vini
1389 2098 1528 2146 cardiacum

279 2192 433 2255 Canarini
447 2192 609 2255 semicocti
620 2192 795 2257 cochlearia
806 2195 947 2278 quinque
958 2197 1008 2259 vel
1019 2208 1100 2275 sex⁸,
1111 2198 1161 2260 vel
1175 2197 1262 2260 aliud
1277 2197 1377 2261 medi·
1389 2162 1522 2274 bellisa-

279 2302 464 2357 cementum
480 2294 660 2359 cardiacum
682 2302 897 2379 temperatum
919 2299 1078 2375 exhibere,
1094 2321 1137 2363 ne
1158 2300 1278 2363 scilicet
1297 2301 1376 2363 hali-
1389 2291 1531 2402 {iebffifflv

278 2402 332 2457 tus
347 2395 395 2457 illi
414 2395 536 2478 putridi
556 2397 591 2459 in
609 2397 774 2480 sanguinis
795 2420 932 2461 massam
946 2400 1143 2481 postliminio
1158 2405 1376 2463 revertantur:
1391 2419 1481 2481 putridi
1491 2419 1518 2465 in

279 2505 311 2559 et
330 2518 407 2561 sane
425 2499 494 2580 jam
516 2517 734 2583 nuncusque
753 2502 851 2583 prius,
868 2502 1019 2565 cardiacis
1040 2503 1128 2567 locus
1151 2511 1210 2567 est.
1255 2504 1378 2568 Eodem
1390 2482 1517 2593 ffiffl

278 2604 397 2684 pariter
411 2610 555 2686 tempore
570 2602 676 2666 diaeta
689 2603 785 2686 paulo
800 2602 930 2667 calidior
945 2613 978 2667 et
993 2605 1137 2669 eardiaea
1151 2605 1253 2687 magis
1271 2611 1378 2688 potest
1390 2610 1510 2684 postlimi-

279 2704 422 2783 concedi;
443 2706 570 2789 juscula
582 2705 681 2788 (verbi
693 2707 817 2787 gratia)
833 2728 872 2769 ex
881 2727 966 2789 pane
977 2714 1010 2769 et
1024 2708 1174 2770 cerevisia
1185 2707 1377 2784 saccharum,
1391 2689 1522 2786 qqtqerqer.

279 2804 411 2869 clarina
426 2827 582 2869 avenacea
597 2827 671 2869 eum
686 2806 836 2869 cerevisia
850 2812 882 2869 et
898 2808 1057 2885 saccharo,
1070 2816 1131 2871 etc.
1176 2807 1292 2888 Neque
1307 2808 1378 2869 aliis
1392 2817 1479 2891 uraca
1511 2881 1517 2891 ι

278 2908 411 2970 omnino
423 2908 483 2975 erit
495 2929 584 2990 opus,
595 2908 630 2970 in
641 2928 758 2990 genere
770 2908 890 2971 scilicet
901 2908 1050 2971 Discreto
1061 2930 1098 2971 ac
1109 2910 1233 2987 leniori,
1246 2911 1274 2972 si
1285 2930 1378 2991 aeger
1391 2880 1530 2992 qqqmoeqh

277 3004 337 3069 hac
357 3006 509 3069 methodo
525 3028 561 3069 ac
579 3006 694 3085 diaeta,
710 3008 855 3089 utrisque
874 3007 1057 3085 moderatis,
1073 3030 1107 3071 se
1127 3010 1259 3072 tractari
1276 3011 1377 3092 patia-
1392 3009 1447 3055 ‘¹⁰¹¹‘
1459 3009 1490 3055 ⁰¹³

278 3112 332 3167 tur
342 3130 352 3179 ς
378 3106 456 3167 nisit
478 3100 604 3168 fortean
626 3104 825 3187 inquietudo,
841 3104 978 3185 vigiliae,
993 3115 1050 3170 aut
1070 3108 1133 3170 alia
1154 3116 1378 3192 symptomata,
1392 3088 1497 3120 eausam.

277 3208 494 3288 phrenitidem
509 3207 701 3284 minitantia,
717 3208 893 3289 paregorici
908 3230 1003 3271 usum
1019 3210 1155 3275 subinde
1170 3212 1312 3277 suadeat.

327 3312 409 3394 [48.]
440 3312 530 3374 Haec
557 3331 633 3373 sane
654 3311 858 3392 (reclamante
887 3312 963 3376 licet
984 3315 1119 3379 immani
1140 3317 1204 3381 isto
1233 3340 1270 3383 ac
1295 3320 1380 3383 male

278 3415 413 3478 hindato
432 3415 601 3479 hominum
620 3415 816 3497 praejudicio
832 3416 916 3498 quod
939 3438 978 3480 ex
998 3419 1129 3484 adverso
1148 3421 1288 3503 militat)
1306 3443 1381 3486 vera

279 3524 327 3579 est
341 3536 378 3578 ac
393 3508 534 3597 geriuina
548 3515 718 3579 methodus
733 3515 809 3579 huic
824 3517 1027 3583 Variolamm
1042 3524 1152 3604 generi
1168 3525 1329 3603 medendi,
1345 3532 1378 3588 et

279 3618 438 3683 obtinebit
450 3620 590 3697 demum,
606 3639 658 3681 me
673 3618 739 3681 vita
753 3618 874 3683 fimeto.
905 3620 950 3683 Et
965 3621 1040 3685 licet
1051 3645 1117 3688 non
1131 3647 1249 3708 negem
1259 3626 1378 3689 multos

279 3725 435 3807 regimine
466 3724 640 3787 admodum
669 3724 815 3806 opposito
840 3730 994 3789 tractatos
1023 3728 1233 3792 nihilominus
1263 3750 1377 3793 conva-

280 3826 405 3906 lescere,
420 3827 588 3891 fatendum
607 3832 781 3889 esttamen
799 3826 843 3907 (et
866 3849 942 3892 sane
958 3828 1132 3893 dolendum
1154 3832 1261 3908 etiam,
1277 3831 1305 3893 si
1319 3854 1376 3895 no·
1391 3844 1532 3892 Discretum

278 3927 402 3993 biscum
423 3938 608 4013 reputemus
624 3949 720 4011 quam
742 3929 830 3992 omni
851 3950 981 4011 prorsus
1002 3932 1143 4013 periculo
1159 3939 1251 3995 vacat
1266 3952 1305 3995 ex
1320 3954 1378 3995 sua
1390 3924 1467 3970 gem
1478 3924 1509 3955 ⁶¹

1391 3989 1434 4020 sua
1446 3983 1532 4020 natura

278 4039 395 4097 natura
408 4034 469 4097 hoc
484 4034 669 4097 Discretum
686 4032 810 4113 genus)
827 4031 981 4113 plurimos
1002 4033 1101 4096 etiam
1122 4034 1274 4110 interire;
1298 4035 1377 4115 quin
1390 4037 1531 4084 omnious

279 4144 311 4199 ct
326 4138 380 4200 alii
394 4138 572 4221 complures
586 4137 660 4199 fatis
675 4137 794 4219 pariter
808 4136 1028 4215 concederent,
1039 4138 1103 4199 nisi
1117 4137 1167 4199 vel
1182 4158 1201 4198 a
1214 4137 1377 4218 frigidiore
1389 4100 1504 4163 ΨΜ

278 4250 467 4325 tempestate
482 4242 517 4303 in
532 4262 629 4323 quam
648 4240 762 4304 incidit
777 4239 916 4317 morbus,
932 4239 982 4301 vel
1001 4261 1021 4301 a
1040 4238 1257 4321 phlebotomia
1274 4238 1378 4318 (aliter

279 4366 510 4431 supervacanea
538 4351 633 4425 atque
666 4342 797 4423 inutili)
830 4362 932 4423 nuper
962 4340 1129 4417 celebrata,
1166 4345 1377 4401 servarentur.

312 4549 323 4572 ⁰
339 4540 377 4605 ut]
393 4543 487 4589 amun
504 4554 591 4599 semper
607 4541 719 4601 coagulis
737 4554 805 4586 accu-
850 4536 876 4583 in
888 4536 923 4584 ed
937 4536 978 4582 '68
993 4533 1114 4595 usquead
1130 4535 1186 4579 Cam
1200 4537 1259 4581 eain
1274 4534 1301 4581 in
1313 4537 1325 4595 t
1339 4538 1378 4595 ta,

280 4614 329 4654 rate
341 4613 445 4666 coopertu
456 4607 558 4651 detineat
569 4609 610 4649 aar
621 4602 674 4649 add.
686 4602 723 4650 ed.
735 4603 783 4649 ¹68.
850 4615 893 4662 pro
912 4599 1001 4661 quibus
1023 4604 1107 4644 extant
1129 4597 1247 4659 quaedam
1267 4614 1329 4661 quae
1352 4600 1377 4646 in

312 4676 322 4707 1
338 4686 409 4731 rapta
429 4668 483 4728 jam
495 4682 566 4727 aspro
577 4664 612 4711 ed.
626 4666 672 4714 us.
851 4664 897 4714 fine
910 4663 985 4724 hujus
997 4676 1048 4723 cap.
1061 4661 1215 4709 invenientur
1225 4679 1249 4725 p
1264 4666 1317 4711 151.

311 4740 322 4771 '⁸
336 4750 408 4793 prees.
437 4732 573 4791 praesertim
589 4730 612 4773 ia
628 4732 807 4777 adolescentibus
883 4734 892 4756 ⁸
909 4730 1007 4789 quinqua
1018 4728 1054 4772 vel
1063 4726 1141 4785 2113
1156 4729 1192 4771 oct
1204 4728 1219 4771 4
1229 4728 1265 4774 ed.
1280 4728 1326 4777 ⁹76.

280 4800 381 4844 arridere
393 4812 406 4843 c
423 4830 429 4841 .
442 4795 488 4841 '68.
503 4792 539 4839 Cf.
552 4790 594 4836 ius.
607 4805 629 4850 p.
644 4794 696 4840 150.
710 4809 732 4840 n.
886 4795 892 4821 ⁸
911 4788 1098 4851 nisi-madeat]
1110 4804 1158 4835 om.
1169 4790 1205 4836 ed.
1218 4791 1264 4840 76.

312 4868 321 4889 ¹
338 4861 510 4908 &terminante
518 4852 570 4915 qe]
582 4851 677 4904 Desunt
684 4856 809 4919 sequentia
