3825 5759
769 655 899 713 INDEX
919 655 1073 714 RERUM.
1466 660 1520 715 631

320 810 380 865 197,
397 810 423 857 in
435 808 706 867 (11ω1ιοοι,173,575,
723 810 749 857 in
761 810 900 873 dysenteria
941 811 1007 859 tione
1024 812 1049 859 in
1066 810 1127 875 pede
1137 810 1256 867 instituta,
1272 809 1370 867 interiit,
1388 810 1454 865 399,
1471 824 1523 859 ms-

317 890 347 922 ex
355 874 500 922 torminibus
508 875 599 922 ventris
606 876 632 922 in
642 876 707 922 febre
716 876 898 936 novsepidem,
941 876 996 923 nise
1008 891 1038 924 ex
1049 883 1240 939 temperamento
1249 874 1338 937 frigido
1349 880 1374 921 et
1384 875 1523 935 infirmiore,

317 940 379 993 500,
392 954 582 1001 emmenagcgus
598 940 624 987 in
639 939 775 986 locbiorum
786 955 899 1002 suppres·
941 942 989 995 92,
1006 942 1127 989 foeminae
1138 940 1264 995 morbillis,
1275 939 1471 987 calefacientibus
1482 955 1524 988 ex·

317 1004 391 1059 sione,
404 1006 460 1059 398,
480 1006 541 1057 585,
569 1003 596 1050 in
616 1004 737 1066 podagrae
753 1004 900 1052 inveteratae
940 1006 1065 1067 saperetis,
1083 1005 1223 1062 laborantis,
1243 1004 1376 1061 187,188,
1393 1004 1524 1051 infantium

316 1082 470 1129 paroxysmo,
481 1068 546 1121 446,
564 1068 590 1114 in
601 1068 699 1115 variolis
710 1067 815 1130 regular.
827 1069 897 1118 cond.
940 1070 1060 1117 morbillis
1071 1084 1135 1117 anno
1147 1070 1188 1120 ’74
1199 1069 1382 1131 aegrotantium,
1390 1071 1451 1122 218,
1470 1069 1524 1127 viri,

316 1139 371 1194 post
387 1131 485 1194 plenam
501 1132 660 1195 eruptionem,
679 1134 741 1187 142,
758 1133 784 1179 in
801 1133 899 1180 variolis
940 1136 1060 1182 mercurio
1088 1134 1219 1181 sublimato
1242 1136 1362 1181 corrosiva
1390 1143 1522 1195 assumpto,

318 1210 409 1252 auom,
420 1198 483 1250 223,
504 1196 529 1243 in
546 1196 646 1243 variolis
663 1197 743 1252 cond,
756 1197 820 1251 357,
842 1212 897 1259 par·
941 1200 1004 1253 301,
1032 1198 1232 1261 pharmacopolae
1259 1197 1432 1245 rheumatismo
1454 1197 1522 1245 lebo-

316 1260 427 1321 egoricus
443 1261 470 1307 in
486 1260 585 1307 variolis
599 1261 719 1322 pessimis,
732 1264 794 1317 223,
811 1261 838 1307 in
850 1262 899 1309 ileo
940 1262 1025 1317 rantis,
1045 1265 1106 1315 800,
1129 1264 1196 1325 pueri
1213 1262 1334 1318 variolusi,
1353 1264 1414 1317 350,
1436 1262 1522 1309 foemi-

317 1338 381 1380 vero,
393 1326 441 1379 84,
459 1325 491 1371 ad
507 1325 627 1372 vomitum
646 1326 858 1387 compescendum,
872 1325 899 1373 in
939 1340 986 1373 nae
1000 1327 1097 1374 variolis
1114 1340 1193 1374 enom.
1205 1326 1344 1383 laborantia,
1361 1334 1386 1373 et
1400 1327 1522 1373 mensium

316 1388 413 1435 corticis
430 1389 515 1436 Psruv.
527 1404 581 1445 usu,
593 1390 650 1439 287.
941 1390 1059 1452 profluvio
1081 1397 1188 1453 ternpore
1214 1391 1313 1438 insolito
1337 1390 1442 1448 effectae,
1468 1393 1522 1448 192,

350 1452 473 1500 Hecrrcn
482 1452 549 1515 (De)
558 1454 650 1501 Fessa
658 1453 823 1512 Inranrrurs,
834 1453 898 1507 597,
942 1455 1003 1509 193,
1022 1454 1066 1501 filii
1078 1455 1193 1502 Auctoris
1202 1455 1301 1502 variolis
1311 1469 1391 1501 enom.
1402 1454 1523 1503 distinctis

316 1516 424 1564 hecticae
435 1518 508 1565 febris
519 1518 638 1580 quaedam
650 1518 750 1580 species,
758 1520 820 1573 504,
839 1533 899 1581 quo·
940 1517 1080 1575 laborantis,
1106 1520 1169 1573 193,
1196 1518 1298 1566 infantia
1323 1519 1421 1566 veriolis
1443 1534 1522 1567 enom.

316 1582 388 1628 modo
399 1582 513 1638 curanda,
527 1585 583 1639 504,
595 1585 660 1637 505,
676 1589 732 1644 post
742 1582 899 1645 pleuritidem
940 1582 1016 1643 nigris
1032 1582 1128 1632 constit
1144 1582 1193 1639 ’70,
1211 1598 1268 1630 eum
1285 1582 1399 1629 vericulis
1412 1584 1436 1629 in
1449 1584 1522 1630 femo-

319 1645 472 1693 essentialem
484 1647 647 1707 quandonam,
659 1648 715 1694 248.
940 1646 1008 1695 ribus
1024 1648 1123 1710 pessimi
1134 1647 1230 1703 ominis,
1248 1646 1388 1704 laborantis,
1401 1649 1464 1702 190,
1483 1648 1521 1694 in-

350 1710 447 1757 Herbae
455 1710 653 1758 excalefaeientes
662 1711 688 1758 in
696 1710 816 1758 chronicis
824 1726 900 1774 aeque
940 1710 1046 1758 fantium
1064 1712 1161 1760 variolis
1182 1712 1259 1773 nigris
1279 1710 1392 1773 pessimis
1409 1710 1521 1759 laborau-

317 1788 346 1822 sc
366 1775 473 1836 podagra
494 1776 602 1822 maxirno
624 1790 753 1837 aegrorum
773 1776 900 1823 commodo
941 1775 1012 1830 tium,
1020 1778 1082 1831 224,
1097 1776 1196 1837 juvenis
1207 1774 1305 1822 variolis
1316 1774 1392 1836 nigris
1403 1775 1522 1836 pessimis,

316 1838 473 1895 adhibentur,
485 1842 540 1887 430.
940 1848 996 1901 post
1024 1840 1227 1903 compotationem
1254 1839 1355 1901 largam,
1383 1838 1522 1897 laborantis,

348 1903 484 1951 Hirudines
500 1904 526 1950 in
542 1903 609 1951 febre
623 1918 688 1951 nova
702 1903 807 1967 spidem.
818 1903 899 1951 infan-
940 1905 997 1961 228,
1010 1906 1073 1960 224,
1088 1904 1275 1967 juvenculaeex
1286 1902 1384 1950 variolis
1395 1903 1523 1965 insigniter

315 1966 380 2014 tibus
392 1968 557 2030 applicandae,
568 1970 625 2015 508.
940 1968 1011 2016 coud.
1031 1970 1089 2017 11²⁰
1106 1970 1144 2016 die
1162 1969 1289 2023 extinctae,
1307 1968 1369 2023 838,
1388 1968 1485 2028 juvenis
1507 1984 1523 2016 a

350 2031 461 2079 Historia
471 2032 548 2079 morbi
558 2032 663 2094 alicujus
674 2032 696 2079 si
704 2031 833 2094 diligenter
843 2046 899 2095 per-
939 2032 1038 2080 variolis
1049 2033 1118 2081 confi.
1131 2033 1215 2089 sanati,
1228 2031 1354 2086 355-57,
1369 2032 1468 2093 juvenis
1478 2046 1521 2080 va-

316 2102 399 2157 speota
409 2096 519 2153 babetur,
531 2112 576 2159 par
586 2097 652 2144 malo
662 2097 799 2144 remedium
809 2096 898 2144 adferri
939 2096 1007 2145 riolis
1024 2098 1128 2160 regular.
1142 2096 1280 2153 laborantis,
1293 2096 1335 2157 qui
1352 2104 1463 2143 mortuus
1479 2098 1521 2145 ad-

347 2166 401 2216 test,
421 2162 466 2216 18,
495 2160 548 2208 sola
565 2176 648 2209 veram
668 2161 781 2209 medendi
802 2161 897 2209 metho-
940 2162 1060 2209 stantibus
1079 2163 1155 2218 visus,
1174 2162 1255 2209 nudus
1273 2176 1370 2208 mensae
1388 2161 1523 2223 imponitur

332 2240 375 2271 um
391 2226 499 2273 indicare
517 2233 603 2288 potest,
615 2228 672 2283 295,
685 2226 747 2281 297,
764 2226 820 2275 hiat
831 2241 897 2273 mor·
939 2232 964 2272 et
975 2227 1087 2289 resurgit,
1101 2228 1154 2283 145,
1170 2226 1229 2281 146,
1247 2225 1379 2272 variolosae
1390 2240 1421 2272 ex
1432 2240 1522 2289 syrupo

314 2288 402 2336 borum
418 2291 449 2337 ad
463 2290 550 2353 prasio
562 2306 636 2353 qnam
652 2290 729 2348 utilis,
742 2292 779 2346 12,
795 2292 838 2345 13,
856 2306 897 2339 ac·
940 2289 970 2337 de
978 2291 1089 2339 meconio
1096 2292 1201 2354 pessime
1210 2290 1329 2347 habentis,
1337 2290 1380 2337 aed
1389 2290 1522 2339 laudunum

316 2361 401 2401 curata
412 2354 493 2402 deficit
502 2356 628 2411 hactenus,
643 2358 687 2410 13,
704 2355 749 2401 ubi
763 2355 897 2412 scribenda,
940 2370 997 2402 cum
1010 2355 1130 2403 levamine
1141 2356 1247 2411 ferentis,
1260 2356 1315 2402 386.

315 2417 347 2463 sd
368 2434 489 2479 quaenam
511 2419 640 2481 praecipue
661 2419 846 2476 advertendum,
868 2421 898 2467 10
973 2419 1055 2467 Homo
1067 2421 1140 2467 variis
1151 2420 1222 2467 malis
1231 2418 1358 2475 obnoxius,
1367 2418 1413 2472 26,
1431 2426 1522 2481 quanto

316 2495 365 2541 sq.;
382 2482 438 2528 hist
449 2484 590 2529 morborum
601 2490 664 2530 aeut
675 2482 824 2530 ab'Auctore
836 2498 896 2544 qua·
939 2484 1017 2545 spatio
1029 2484 1059 2531 sd
1071 2483 1150 2543 druis
1165 2500 1234 2531 snam
1252 2483 1375 2545 pertingit,
1388 2484 1433 2537 70,
1454 2492 1520 2532 exte-

315 2557 342 2589 re
359 2544 469 2601 truditur,
493 2548 538 2599 21,
567 2546 704 2606 hystericae
725 2547 803 2593 effect
824 2562 897 2607 quare
938 2547 988 2593 rior
998 2547 1035 2594 uti
1046 2548 1231 2609 conspiciturex
1240 2547 1349 2607 partibus
1358 2547 1521 2605 sensibilibus,

315 2606 446 2654 difficulter
463 2609 599 2665 scribenda,
615 2610 678 2663 370,
705 2610 762 2656 bist.
780 2610 898 2656 naturalis
940 2610 975 2657 sic
987 2610 1094 2657 ethome
1109 2612 1209 2657 interior
1225 2611 1302 2664 detur,
1315 2610 1415 2657 rationis
1428 2610 1521 2659 lumine

315 2670 420 2732 pessime
439 2671 502 2718 tradi
519 2672 587 2725 solet,
605 2675 650 2726 10,
677 2673 734 2719 bist
751 2672 897 2720 variolarum
939 2680 1034 2720 tantum
1047 2674 1226 2735 concipiendus,
1238 2672 1293 2723 371.

315 2750 379 2791 vera,
389 2750 521 2797 earumque
528 2735 658 2783 methodus
666 2736 786 2791 medendi,
796 2752 825 2783 ex
835 2752 896 2799 quo-
972 2740 1080 2799 Hooping
1093 2740 1178 2800 Coegit,
1190 2752 1233 2784 seu
1249 2736 1366 2799 pertussis
1382 2736 1521 2795 infantium,

315 2814 472 2911 nffl'ffiloe
483 2798 570 2911 l¹⁸m¹l¹¹
581 2800 684 2875 describi
693 2800 785 2856 debeat,
794 2802 867 2911 'tibh
938 2801 1133 2914 fflissmiiqnye
1141 2800 1309 2913 {iltllgl'lm
1318 2814 1392 2861 quam
1401 2800 1459 2847 ullis
1465 2817 1521 2863 pec·

376 2879 383 2910 r
443 2878 512 2911 asrn
556 2879 895 2921 ansaeucasusnrnco·
1001 2880 1064 2921 rus,
1126 2899 1132 2922 ‚
1195 2899 1201 2921 ,
1264 2898 1270 2911 .

314 2928 366 2975 lera
387 2943 451 2975 anno
473 2880 672 2985 'ldglsborsntiq
698 2929 760 2984 278,
789 2929 897 2976 virorum
973 2928 1055 2976 Horae
1075 2929 1239 2984 medicinales,
1258 2942 1301 2991 pro
1320 2928 1434 2976 remediis
1451 2944 1519 2978 assu·

315 2992 392 3040 colica
407 2993 494 3040 biliosa
509 2992 680 3049 laborantium,
701 2993 755 3049 197,
772 2994 832 3048 198,
850 2994 896 3041 viri
938 2992 1043 3050 mendis,
1054 3008 1116 3055 quae
1127 2994 1183 3051 sint,
1194 2994 1248 3043 472.

314 3056 518 3119 hypocbcndriaci
551 3057 707 3119 equitationis
737 3073 783 3120 ope
809 3058 895 3116 curati,
973 3058 1096 3105 Humores
1124 3058 1150 3105 in
1176 3070 1275 3121 corpore
1296 3062 1377 3104 nostro
1400 3059 1520 3119 quomodo

315 3122 371 3178 390,
399 3124 461 3177 391,
494 3121 602 3169 virorum
633 3122 770 3185 dysenteria
800 3123 896 3171 constit.
939 3121 1085 3179 efficiantur,
1104 3124 1148 3177 10,
1172 3128 1290 3170 autumno
1307 3128 1364 3168 sunt
1380 3120 1519 3171 viscidiores

316 3186 430 3236 ’89-’72
459 3186 628 3243 laborantium,
661 3186 715 3241 173,
749 3186 804 3242 174,
834 3188 895 3241 170,
940 3201 1015 3248 quam
1026 3201 1089 3243 vere,
1101 3186 1141 3237 72.

314 3249 434 3298 foeminae
460 3251 597 3313 dysenteria
625 3250 759 3298 inveterata
784 3250 894 3298 laboran-
972 3250 1122 3314 Hydrsgoga
1130 3251 1156 3298 in
1168 3249 1316 3313 gonorrhoea
1324 3248 1395 3298 virui.
1406 3249 1520 3311 primaria

315 3314 354 3371 tis,
378 3314 433 3370 177,
455 3316 516 3369 178,
544 3315 643 3376 juvenis
665 3316 732 3362 febre
754 3322 827 3363 acuta
842 3316 895 3363 vio·
938 3322 1003 3372 sunt,
1021 3318 1085 3371 313,
1108 3316 1249 3377 hydragoga
1263 3313 1324 3362 varii
1341 3314 1445 3377 generis,
1461 3317 1518 3373 460,

314 3376 387 3435 lenta,
405 3394 463 3426 curn
481 3380 598 3442 petscbiis
616 3387 641 3427 et
658 3381 736 3427 mictu
755 3380 894 3441 sanguineo,
938 3380 995 3427 461.

313 3440 453 3500 laborantis,
472 3444 615 3499 358-381,
638 3444 684 3491 viri
700 3444 766 3491 febre
782 3444 895 3506 dysente·
971 3443 1115 3507 Hydrogala
1133 3443 1159 3491 in
1177 3441 1253 3491 colica
1274 3443 1368 3498 biliosa,
1388 3456 1431 3504 pro
1450 3448 1519 3505 potu,

314 3506 366 3553 rica
391 3506 532 3565 laborantis,
560 3510 623 3563 182,
658 3507 805 3569 juvenculae
830 3509 896 3556 febre
939 3509 999 3563 199,
1017 3508 1043 3557 in
1052 3506 1265 3571 dysenteriallir
1283 3508 1308 3555 in
1317 3508 1382 3555 febre
1391 3506 1520 3556 scarlatina

314 3569 467 3632 dysenterica
487 3573 625 3630 laborantis,
645 3574 708 3627 182,
736 3572 805 3635 pueri
829 3572 896 3620 febre
936 3572 1075 3629 infantium,
1088 3575 1149 3629 244,
1166 3573 1192 3621 in
1203 3573 1353 3634 gonorrhoea
1363 3571 1442 3629 virul,
1453 3574 1518 3629 315,

314 3634 416 3696 apidem.
428 3651 493 3684 anno
503 3638 544 3687 ’74
554 3637 693 3695 laborantis,
706 3639 766 3692 125,
783 3636 895 3685 dominae
937 3636 963 3683 iu
970 3637 1096 3694 morbillis,
1109 3640 1163 3695 185,
1172 3640 1235 3691 218,
1252 3638 1278 3685 in
1287 3636 1349 3685 tussi
1359 3636 1469 3699 spidem.,
1477 3638 1520 3685 ubi

313 3698 380 3746 febre
391 3701 493 3763 epidam.
506 3716 569 3749 anno
580 3701 620 3751 ’75
631 3702 763 3749 laborantis
777 3708 802 3748 et
818 3700 895 3763 dejeo
936 3700 1018 3758 febris,
1029 3708 1086 3759 etc,
1097 3702 1193 3759 adsunt,
1211 3703 1273 3757 229,
1295 3703 1320 3749 in
1337 3700 1443 3759 veriolis,
1463 3704 1518 3760 191,

312 3762 420 3813 tionibus
436 3766 631 3829 symptomaticis
645 3765 752 3822 affectae,
767 3766 831 3819 216,
851 3780 898 3827 pu·
939 3766 994 3819 192,
1006 3767 1063 3823 221,
1074 3768 1130 3814 224.

313 3828 896 3893 srifebreepidemetpleuritidesymptomatica
971 3828 1106 3892 Hydropici
1121 3830 1239 3893 Junicres,
1256 3831 1327 3892 aquis
1344 3829 1460 3893 expulsis,
1478 3844 1517 3877 ro·

313 3894 776 3951 auno’ldlsborsntia2803foeminae
785 3900 895 3941 mortuae
936 3892 1077 3941 borsntibus
1096 3910 1166 3957 saepe
1185 3910 1233 3942 non
1251 3895 1301 3943 indi
1350 3901 1368 3951 t,
1386 3895 1447 3948 470,
1470 3908 1519 3941 non

313 3970 345 4004 ex
353 3957 419 4007 febre
429 3959 544 4023 maligna,
554 3967 649 4022 pestem
660 3959 839 4007 Londinenseru
849 3973 893 4005 sn-
936 3957 996 4004 item
1007 3957 1120 4014 seniores,
1132 3958 1171 4006 vel
1182 3958 1281 4014 debiles,
1294 3910 1357 4013 glis
1373 3958 1517 4021 hydropico·

313 4020 340 4068 ui
350 4022 391 4070 ’85
402 4039 549 4086 praegressa,
564 4026 695 4080 109110,
714 4022 814 4085 juvenis
829 4022 895 4070 febre
936 4036 993 4069 rum
1004 4020 1057 4068 sitis
1068 4021 1189 4083 quomodo
1204 4022 1317 4080 fallenda,
1331 4023 1392 4077 472,
1411 4028 1517 4069 tumores

313 4086 422 4149 maligna
437 4088 578 4145 laborantis,
600 4091 664 4143 510,
690 4089 810 4149 juvenum
828 4087 895 4135 febre
936 4084 1243 4149 hydropiciegrarisaimis
1252 4086 1429 4148 symptomatis,
1438 4086 1517 4133 febres

312 4151 470 4211 pestilentiali
478 4152 649 4209 laborantium,
659 4153 713 4210 112,
726 4153 789 4206 114,
806 4152 896 4199 medici
936 4150 1062 4198 intermitt.
1073 4156 1182 4197 autumn.
1194 4148 1384 4210 insequentibus,
1397 4149 1435 4203 73,
1448 4148 1489 4197 74.

312 4212 377 4262 febre
395 4217 514 4263 variolosa
530 4217 669 4273 laborantis,
688 4217 751 4271 157,
777 4216 893 4278 hydropi·
970 4212 1490 4275 Ηγυιιονε,(1)ι)455-476,585-588.

313 4292 356 4324 cae
371 4293 403 4326 ex
418 4280 614 4337 incarceratione,
627 4280 775 4333 468-468,
802 4280 893 4341 hydro·
971 4278 1095 4341 Hydropis
1111 4277 1256 4340 primarium
1272 4277 1378 4339 signum,
1393 4278 1476 4324 foveae
1491 4277 1517 4324 in

312 4341 382 4403 picae
394 4358 484 4405 syrupo
494 4344 524 4391 de
534 4344 605 4406 spina
614 4345 712 4391 cervina
723 4350 827 4398 curatae,
837 4345 894 4400 459,
936 4343 1000 4390 suris
1016 4358 1030 4389 s
1047 4342 1178 4405 digitorum
1194 4340 1351 4405 impressione
1366 4341 1412 4388 sub
1422 4347 1518 4389 noctem

312 4406 376 4461 480,
393 4406 457 4453 alius
467 4408 614 4471 hydropicae
629 4408 739 4469 ejusdcm
754 4423 813 4469 syru
830 4407 894 4470 'ope
936 4413 1087 4469 apparentes,
1110 4413 1135 4454 et
1158 4420 1230 4454 mane
1255 4412 1432 4461 evanescentes,
1460 4406 1518 4461 455,

312 4471 382 4531 pejus
407 4470 526 4527 habentis,
549 4473 614 4526 400,
641 4472 688 4519 viri
713 4470 791 4519 colica
832 4486 892 4534 ypo-
936 4474 998 4526 585,
1027 4476 1190 4534 symptomata
1209 4478 1267 4519 sunt
1287 4470 1418 4533 dyspnoea,
1433 4470 1518 4517 urinae

313 4534 411 4582 cbondr.
435 4536 466 4582 ad
486 4535 584 4583 iliacam
606 4537 735 4584 accedente
753 4536 893 4592 laborantis,
935 4536 1053 4598 paucitas,
1066 4535 1227 4592 atritis,4dd,
1241 4537 1302 4589 085,
1320 4550 1400 4591 causa,
1417 4535 1517 4597 magui-

313 4598 375 4653 374,
387 4600 677 4662 hypochondrisciflentis
685 4600 822 4657 immodice,
830 4600 892 4655 375,
936 4600 975 4647 nis
986 4600 1106 4657 debilitas,
1116 4601 1163 4647 458
1174 4618 1181 4655 ,
1197 4599 1258 4647 aliae
1269 4599 1295 4647 in
1303 4598 1415 4647 foeminis
1424 4614 1519 4655 causae,

312 4663 450 4711 comitissae
474 4664 562 4712 affeetu
588 4665 677 4727 hyster.
700 4664 823 4712 calculum
850 4680 892 4712 ve·
936 4666 1000 4721 456,
1029 4665 1137 4727 hydrops
1153 4678 1251 4712 omnem
1270 4670 1374 4711 aetatem
1390 4670 1414 4711 et
1433 4678 1519 4711 sexum

311 4726 376 4774 sicae
392 4727 522 4777 simulante
537 4729 677 4785 laborantis,
694 4731 758 4783 201,
785 4728 832 4776 riri
845 4728 894 4777 ileo
935 4729 1174 4785 insenescentem
1190 4742 1246 4776 vero
1262 4728 1342 4791 magis
1361 4742 1435 4791 quam
1447 4726 1520 4783 viros,

310 4790 450 4848 laborantis,
464 4796 529 4849 503,
546 4795 673 4851 foeminae,
684 4809 748 4857 quse
764 4793 851 4841 locbiis
861 4809 893 4842 es
936 4796 992 4851 455,
1004 4796 1066 4849 585,
1084 4800 1191 4841 tumores
1202 4808 1259 4841 vero
1270 4793 1296 4841 in
1307 4792 1418 4841 foeminis
1429 4792 1459 4839 ab
1475 4806 1517 4839 ex-

311 4854 433 4918 bysterica
449 4858 527 4906 effect.
545 4859 689 4922 suppressis,
706 4866 730 4906 et
749 4873 891 4906 venae-see·
936 4858 1069 4907 crescemia
1080 4857 1190 4906 candum
1201 4858 1226 4906 in
1238 4856 1374 4913 abdomine,
1386 4856 1424 4903 vel
1433 4854 1518 4903 afleti-
