3825 5759
510 651 576 713 238
690 653 794 719 ΤΗΟ.
820 655 1079 722 SYDENHAM
1103 657 1291 722 OBSERV.
1313 655 1426 720 Mun.

371 826 393 872 A
396 839 478 873 uuuuu
507 831 582 874 eum
607 815 818 896 opportunius
840 817 1011 882 confodere
1031 819 1179 898 valerem,
1202 817 1314 883 Febris
1333 816 1384 880 vel
1409 821 1524 898 sponte
1549 835 1612 877 sua

364 903 484 1004 Ἓξ·
508 912 627 976 senaim
649 917 788 996 evanuit,
807 918 858 981 vel
879 918 914 982 iu
936 941 1012 983 eum
1034 942 1068 984 se
1089 927 1204 1004 typum
1223 919 1357 1002 redegit,
1376 925 1414 981 ut
1436 919 1505 1001 jam
1526 918 1608 980 mihi

354 1025 495 1034 “·“““
507 1013 721 1082 innotesceret
742 1019 857 1101 quibus
879 1023 977 1085 armis
997 1031 1080 1088 esset
1100 1023 1298 1087 debellanda.
1345 1021 1410 1086 Sed
1432 1021 1529 1104 (quod
1551 1021 1609 1085 do-

507 1118 640 1184 lendum
672 1123 806 1188 omnino
838 1125 908 1207 est,)
941 1147 1110 1208 aegrorum
1144 1126 1380 1210 quamplurimi,
1409 1123 1498 1188 haud
1530 1124 1609 1188 satis

508 1229 601 1310 gnari
622 1230 708 1312 quod
729 1232 863 1315 perinde
885 1232 926 1295 sit
940 1232 1064 1297 Medici
1083 1233 1178 1317 periti
1198 1234 1389 1317 quaudoque
1406 1231 1489 1295 nihil
1502 1251 1607 1313 agere,

508 1340 604 1416 atque
624 1334 686 1398 alio
705 1342 848 1418 tempore
871 1336 1087 1400 efficacissima
1108 1336 1259 1400 adhibere
1273 1335 1424 1413 remedia,
1438 1333 1608 1417 probitatis

507 1441 604 1518 atque
621 1435 696 1500 fidei
712 1436 855 1502 fructum
872 1436 961 1502 hunc
978 1459 1091 1521 capere
1108 1439 1235 1516 nolunt,
1251 1437 1308 1501 scd
1324 1437 1375 1500 vel
1391 1436 1609 1518 negligentiae

506 1539 556 1605 vel
570 1541 771 1622 ignorantiae
789 1541 823 1605 id
838 1543 1001 1626 imputant
1009 1567 1019 1620 3
1042 1561 1117 1605 oum
1136 1541 1361 1624 empiricomm
1377 1538 1608 1602 insulsissimus

508 1641 641 1724 quilibet
660 1642 896 1708 medicamenta
914 1643 1158 1708 medicamentis
1178 1642 1314 1726 adjicere
1334 1662 1434 1725 aeque
1453 1640 1552 1718 novit,
1570 1661 1609 1704 ac

507 1743 587 1806 solet
602 1744 716 1827 magis,
732 1765 829 1827 quam
844 1742 1048 1808 Medicorum
1061 1743 1342 1828 prudentissimus.

556 1848 616 1932 [9.]
646 1848 736 1911 Haeo
755 1853 832 1910 sunt
846 1846 912 1910 fere
931 1867 1014 1929 quae
1029 1846 1188 1910 hacteuus
1202 1844 1375 1924 observavi,
1391 1844 1506 1909 saltem
1524 1867 1608 1928 quae

508 1951 549 2016 ad
563 1972 711 2016 normam
725 1950 865 2032 aliquam
879 1949 991 2014 reduci
1004 1951 1179 2032 potuerint,
1191 1949 1232 2013 de
1245 1948 1432 2013 morborum
1443 1949 1605 2032 Epidemi·

508 2080 620 2123 corum
633 2056 807 2141 speciebus,
820 2062 917 2138 atque
930 2057 1044 2120 ordine
1057 2057 1114 2120 illo
1129 2077 1192 2139 quo
1205 2057 1350 2119 invasere
1364 2052 1405 2118 ab
1420 2076 1505 2118 auno
1520 2055 1603 2117 1661

509 2161 551 2223 ad
569 2161 668 2224 finem
690 2179 792 2241 usque
816 2158 894 2221 anui
917 2159 1000 2223 1675
1011 2184 1021 2238 ;
1045 2180 1108 2242 quo
1130 2159 1260 2242 quidem
1282 2166 1428 2241 tempore
1448 2158 1608 2237 Variolae,

509 2274 542 2332 et
564 2263 681 2330 Febres
705 2261 890 2326 Continuae
911 2282 1023 2325 earum
1045 2263 1187 2341 comites,
1210 2282 1292 2346 quae
1314 2261 1415 2325 ferme
1436 2281 1457 2324 a
1475 2261 1609 2325 biennio

509 2369 691 2433 dominatae
721 2371 806 2443 sunt,
832 2363 976 2428 mitiores
1004 2365 1074 2448 jam
1101 2365 1215 2443 factae,
1240 2364 1393 2428 videntur
1419 2364 1609 2430 exolescere.

510 2471 576 2538 Qui
590 2476 662 2554 post
678 2473 852 2552 sequentru
865 2466 981 2546 morbi,
997 2467 1084 2532 solus
1097 2466 1197 2545 novit,
1213 2465 1298 2532 QUI
1311 2466 1401 2532 novit
1414 2466 1534 2532 omnia.
