3825 5759
812 1487 900 1536 VIRO

318 1616 396 1665 TAM
413 1616 573 1666 VIRTUTE
594 1616 700 1668 QUAM
718 1616 949 1667 ERUDITIONE
968 1615 1139 1668 UNDIQUE
1158 1615 1408 1665 CONSUMMATO

560 1766 745 1841 cAROL0
791 1766 1025 1885 GOODALL,
1072 1767 1167 1843 M.D.

678 1934 752 1969 con.
770 1934 833 1969 ΗΕΒ.
853 1934 930 1969 tono.
949 1935 1033 1969 soclo.

353 2033 464 2099 CUM
471 2058 507 2098 eo
521 2057 599 2121 quoe
612 2037 648 2099 de
656 2037 753 2100 Febre
762 2039 930 2122 proesentis
941 2038 1064 2122 hnp‘noce
1075 2036 1303 2101 Corutitutioms
1313 2059 1410 2121 nuper

304 2139 504 2215 obseruaram,
530 2142 563 2203 in
583 2140 738 2224 publicum
762 2140 846 2203 edere
871 2149 1041 2216 statuerem,
1072 2140 1145 2202 Tibi
1167 2161 1247 2223 prae
1274 2141 1431 2214 caeterie,.

313 2242 368 2303 Vir
397 2241 605 2319 Ornatissime,
632 2243 758 2327 opellam
784 2244 865 2307 lianc
890 2265 988 2305 meam
1012 2243 1175 2305 dicandam
1204 2265 1265 2305 esse
1285 2244 1409 2307 moute

304 2346 392 2430 idque
415 2347 450 2408 ob
475 2347 553 2409 duas
576 2350 762 2432 potissimum
789 2350 921 2413 rationes
946 2348 1021 2410 mihi
1036 2348 1218 2431 foeieredum
1240 2346 1407 2409 uidebatur.

303 2447 455 2525 Primum,
472 2450 560 2533 quod,
577 2472 643 2513 oum
659 2451 858 2513 amicissimus
872 2451 947 2513 mihi
959 2451 1010 2524 sis,
1029 2471 1123 2511 comes
1139 2449 1307 2511 indivulsus
1321 2448 1410 2511 lateri

303 2570 418 2631 semper
446 2550 578 2628 haesisti,
607 2572 710 2635 meque
747 2551 815 2613 Tuo
834 2553 956 2635 juvasti
979 2552 1152 2636 patrocinio
1179 2560 1286 2613 contra
1309 2572 1409 2614 omnes

303 2660 448 2735 quotquot
460 2674 492 2713 se
506 2654 582 2715 mihi
600 2656 719 2737 uspiam
734 2654 926 2737 objecerunt&
979 2655 1071 2731 Quod
1083 2675 1143 2716 uon
1158 2662 1221 2716 tom
1241 2655 1300 2715 mei
1312 2656 1409 2738 ipsius

300 2757 407 2837 pretio
417 2756 607 2837 praestabas,
623 2776 715 2840 quom
736 2778 771 2817 ee
792 2758 906 2819 incocto
921 2778 1064 2840 peneroso
1077 2758 1196 2839 pectori
1208 2757 1337 2834 honesto,
1353 2758 1409 2819 hoc

304 2867 355 2934 est,
371 2880 407 2919 ee
421 2880 531 2942 mapno
545 2860 698 2944 proboque
712 2862 822 2938 animo,
838 2863 891 2944 qui
912 2861 984 2923 Tibi
996 2861 1108 2922 author
1117 2861 1189 2942 fuit
1202 2869 1238 2922 ut
1252 2862 1374 2922 veritati
1387 2884 1409 2923 a

311 2959 356 3021 Te
378 2962 514 3045 coquitae
536 2970 759 3047 compertaeque
779 2965 921 3025 osserstiri
941 2963 1028 3027 haud
1046 2962 1209 3042 dubitares,
1229 2965 1320 3026 etiam
1340 2984 1408 3026 cum

304 3086 403 3127 ornnes
412 3066 486 3147 fere
504 3067 635 3127 omnium
650 3066 705 3148 qui
722 3086 784 3127 rem
807 3062 963 3125 Medicam
985 3063 1160 3126 tractabant
1176 3064 1297 3148 linquae
1313 3066 1347 3127 in
1363 3087 1410 3127 me

305 3191 398 3232 unum
421 3177 644 3232 exacuerentur.
696 3166 813 3244 Quibus
835 3175 934 3233 tamen
957 3186 1017 3228 uon
1038 3174 1083 3227 est
1103 3166 1185 3250 quod
1196 3168 1326 3243 irascor,
1340 3165 1409 3252 (nec

302 3274 421 3334 irascor
443 3270 542 3356 sone)
557 3270 806 3356 quandoquidem,
822 3291 889 3331 cum
913 3278 956 3331 tot
977 3290 1105 3353 nequam
1127 3270 1308 3345 medicostri,
1329 3291 1410 3333 cere·

303 3377 392 3439 beosa
406 3398 464 3439 sua
479 3376 595 3437 somnia
617 3384 646 3436 et
654 3374 808 3458 fipmenta
828 3372 1013 3434 venditantes
1032 3392 1091 3455 quo
1103 3372 1230 3454 famam
1249 3373 1300 3434 sui
1317 3372 1410 3435 latius

303 3491 488 3567 sparqerent,
514 3484 597 3544 toties
619 3482 729 3543 mundo
749 3481 966 3563 imposuerint;
985 3480 1046 3563 fos
1066 3482 1186 3543 omniuo
1207 3489 1276 3543 erat
1296 3490 1332 3543 ut
1351 3482 1413 3547 oiri

303 3587 422 3669 inqenio
446 3594 475 3647 et
488 3585 608 3670 judicio
625 3584 763 3667 praediti
787 3604 847 3645 non
869 3585 972 3646 statim
996 3591 1026 3645 et
1048 3584 1112 3645 sine
1131 3587 1266 3647 examine
1290 3607 1327 3646 ea
1353 3585 1411 3647 ad·

305 3688 462 3765 mitterent,
479 3709 556 3771 quae
577 3708 630 3770 epo
641 3688 713 3769 jum
735 3693 849 3768 recepto
865 3706 998 3769 proeeos
1018 3688 1095 3747 mori
1110 3686 1280 3769 plurimum
1301 3688 1409 3751 adoer-

304 3792 407 3853 santia
426 3792 458 3852 in
480 3788 607 3851 medium
626 3788 824 3871 protuleram.
880 3788 948 3865 Quo
971 3810 1030 3851 non
1052 3789 1194 3866 obstante,
1223 3812 1291 3853 cum
1315 3792 1408 3856 nihilo

310 3893 383 3956 Tibi
403 3896 503 3956 minue
525 3892 654 3966 debeam,
671 3912 805 3953 mearum
820 3894 960 3973 portium
982 3913 1043 3953 esse
1063 3892 1148 3967 duci,
1164 3902 1290 3976 protum
1312 3896 1411 3956 animi

304 3999 361 4057 rnei
380 3998 412 4058 in
435 3996 481 4059 Te
504 3994 647 4079 affectum
667 3993 801 4055 omnibus
820 4001 961 4055 testatum
976 3994 1086 4075 facere
1096 4019 1107 4066 ,·
1130 3996 1252 4078 quondo
1272 3998 1324 4056 vir
1343 3995 1408 4057 olio

224 4098 230 4109 '
281 4089 401 4158 'virtus
423 4106 568 4159 naturam
583 4096 759 4170 humanam,
774 4094 818 4155 od
832 4096 992 4177 profectus
1013 4095 1136 4156 ultimos
1157 4104 1252 4157 metas
1268 4104 1407 4169 evectam,

303 4196 364 4259 hac
386 4198 489 4259 deceat
511 4198 628 4279 mopis:
667 4217 739 4257 nom
762 4196 852 4257 menti
872 4218 954 4279 repes
979 4217 1027 4257 eos
1047 4196 1155 4279 quibus
1166 4196 1290 4277 favent,
1312 4196 1410 4258 titulis

304 4308 334 4361 et
347 4300 492 4362 honorum
506 4299 672 4382 iusiqnibus
686 4298 849 4373 illustrare,
865 4308 955 4381 atque
965 4297 1036 4359 aliis
1045 4298 1263 4380 spectabiliores
1277 4298 1408 4373 reddere,

304 4409 472 4485 schaquol,-
495 4404 540 4463 ita
563 4399 701 4475 Natura,
724 4400 836 4483 quoties
858 4400 939 4461 hunc
960 4398 1113 4461 velillum
1134 4399 1242 4462 humili
1263 4400 1354 4461 turba
1371 4423 1410 4462 ac

301 4526 393 4587 prepe
418 4504 570 4565 hominum
601 4502 726 4563 mimem
750 4500 884 4578 uoluerit,
907 4501 1136 4585 pratitudinem,
1163 4524 1216 4565 eeu
1243 4504 1409 4567 excelsioris

301 4608 385 4691 perii
399 4615 499 4669 notam
516 4627 554 4667 ac
568 4604 780 4680 characterem,
796 4604 869 4667 solet
881 4601 1087 4689 imprimereb„
1123 4606 1234 4669 Altera
1248 4610 1337 4683 ratio,
1353 4630 1409 4673 cur

305 4714 379 4777 haee
409 4712 480 4773 Tibi
501 4711 692 4793 potissimum
718 4709 889 4787 inscribam,
917 4711 991 4773 haec
1019 4720 1081 4775 est:
1104 4712 1186 4797 quod
1211 4714 1330 4789 scilicet,
1347 4737 1409 4798 pro

371 4850 385 4878 ¹
403 4843 440 4891 Cf.
454 4844 551 4892 Dissert.
565 4843 639 4903 Epist.
652 4844 664 4903 ἦ
677 4844 715 4893 55.
987 4836 997 4867 ³
1016 4840 1054 4888 Cf.
1063 4842 1161 4889 Dissert.
1173 4843 1249 4905 Epist.
1262 4844 1274 4902 5
1288 4843 1343 4893 140.

829 4924 850 4983 3
867 4942 888 4992 a
