3825 5759
591 664 847 729 PROOESSUS
871 662 1079 728 INTEGRI.
1323 664 1385 726 615

332 825 432 911 [15.]¹
455 824 610 890 Quamvis
629 823 712 888 nihil
730 823 842 907 magni
860 823 897 887 in
915 844 1106 909 paroxysmo
1124 822 1319 887 tentandum
1334 823 1386 902 sit,
1410 841 1451 890 Dr
1464 842 1533 890 Pon-

283 928 441 992 conducet
451 936 562 991 tamen
576 926 711 991 fortasse
725 947 783 1010 per
793 926 915 1010 aliquot
926 925 1005 1005 dies,
1016 925 1074 989 ubi
1088 926 1260 1009 primuma
1274 925 1387 990 morbo
1434 920 1514 956 ³⁰⁸⁵·

284 1030 464 1113 corripitur,
480 1052 500 1094 a
514 1028 664 1093 carnibus
679 1028 851 1107 abstinere,
863 1029 991 1111 jusculo
1005 1029 1056 1092 uti
1070 1049 1237 1106 avenaceo,
1254 1036 1311 1093 aut
1326 1027 1388 1093 alio
1400 996 1543 1109 3θὲᾞῇ

283 1132 353 1216 pari
367 1132 522 1196 alimento
529 1157 540 1210 ς
563 1131 613 1195 sin
628 1137 739 1195 autem
753 1130 885 1214 spiritus
899 1130 1053 1195 animales
1068 1132 1209 1195 ataxiam
1220 1132 1388 1215 concipere
1401 1139 1543 1189 agrorum-

285 1235 353 1317 apti
377 1234 452 1312 sint,
478 1256 547 1299 non
571 1233 703 1317 expedit
727 1254 747 1296 a
771 1232 922 1297 carnibus
952 1231 1114 1296 abstinere
1144 1233 1266 1297 diutius
1293 1256 1389 1317 quam
1401 1204 1545 1302 gibberi?

285 1335 482 1399 ventriculus
506 1356 618 1399 earum
641 1356 736 1398 usum
760 1340 939 1397 aversetur:
978 1354 1020 1397 ne
1044 1334 1122 1417 quid
1144 1341 1255 1399 autem
1280 1336 1331 1399 vel
1353 1336 1389 1399 in

286 1438 469 1521 quantitate
482 1438 534 1501 vel
547 1437 583 1500 in
598 1436 753 1520 qualitate
768 1435 912 1500 ciborum
926 1444 983 1500 aut
998 1442 1094 1519 potus
1108 1443 1229 1520 peccet.

336 1539 443 1625 [16.]¹‘
467 1538 699 1624 symptomatis
713 1538 752 1601 iis
768 1538 1001 1603 occurrendum
1013 1544 1062 1603 est
1077 1560 1097 1602 a
1112 1538 1228 1622 quibus
1245 1559 1340 1623 aeger
1354 1539 1390 1605 in
1404 1558 1517 1621 Sympto

285 1664 477 1728 paroxysmo
492 1642 533 1706 de
547 1642 614 1707 vita
626 1641 837 1725 periclitatur.
871 1639 1001 1707 Horum
1016 1641 1155 1706 maxime
1168 1641 1326 1706 familiare
1341 1650 1390 1707 est
1403 1631 1544 1735 ffloffi

287 1746 458 1810 ventriculi
475 1746 622 1828 languor,
638 1765 714 1807 cum
731 1744 850 1808 ventris
870 1743 1065 1808 torminibus
1086 1751 1243 1828 tanquam
1258 1746 1389 1809 allatu:
1403 1752 1489 1814 ganda

287 1850 349 1913 hoc
370 1849 406 1911 in
426 1870 504 1912 casu
524 1848 608 1911 nihil
629 1868 728 1932 aeque
750 1847 832 1911 votis
853 1847 1027 1931 respondet
1051 1869 1088 1912 ao
1109 1847 1176 1911 vini
1199 1848 1391 1913 Canarensis

287 1951 461 2015 haustulus
481 1950 619 2015 subinde
642 1949 839 2033 deglutitus3
877 1948 1030 2015 exercitio
1053 1956 1167 2013 utatur
1191 1970 1295 2033 aeger.
1332 1950 1391 2013 Sin

288 2060 399 2117 autem
421 2060 613 2136 symptoma,
633 2051 780 2115 inducias
801 2051 889 2115 haud
911 2051 1027 2129 serens,
1051 2059 1189 2117 mortem
1210 2053 1388 2133 minitetur,

291 2155 399 2237 (modo
410 2161 508 2237 caput
521 2154 645 2217 malum
660 2175 726 2218 non
741 2154 898 2237 impetat)
913 2153 954 2216 ad
968 2152 1145 2219 laudanum
1157 2156 1268 2219 statim
1279 2155 1390 2220 confu-

288 2256 452 2340 giendum,
462 2257 608 2321 videlicet
620 2262 729 2340 guttas
740 2254 1064 2339 vigintiinhaustulo
1075 2278 1176 2340 aquae
1188 2256 1391 2340 epidemicae,

287 2368 320 2423 et
335 2360 371 2423 in
385 2360 470 2424 lecto
485 2359 526 2422 ad
542 2360 684 2443 quietem
698 2380 732 2422 se
744 2365 925 2442 componat.
955 2358 1028 2422 Hac
1042 2357 1122 2441 ipsa¹
1134 2359 1287 2425 methodo
1302 2382 1336 2425 se
1350 2359 1391 2425 ab
1405 2371 1546 2448 Quidna-

287 2461 475 2525 imminenti
497 2470 602 2525 morte
623 2460 771 2524 liberavit
790 2461 897 2524 Autor
917 2459 1130 2539 Clarissimus,
1146 2462 1203 2524 ubi
1225 2482 1264 2527 ex
1287 2483 1392 2527 errore
1404 2443 1550 2563 mgr-⁸¹9?

289 2562 397 2643 aliquo
423 2562 508 2625 circa
532 2582 584 2625 res
613 2582 669 2623 sex
697 2561 943 2624 non-naturales
969 2561 1005 2623 in
1029 2561 1198 2644 ingentem
1222 2564 1392 2627 ventriculi
1405 2566 1536 2627 agendum.

289 2661 528 2745 aegritudinem
549 2660 674 2740 incidit,
696 2682 771 2724 cum
793 2661 1043 2739 vomituritione,
1066 2670 1099 2725 et
1122 2662 1251 2744 aliquali
1272 2664 1393 2727 ventris

290 2764 417 2828 dolore:
446 2769 536 2827 artus
557 2763 690 2826 interim
711 2784 751 2826 ex
771 2762 1000 2827 retrocessione
1022 2764 1176 2827 materiae
1198 2764 1393 2847 Podagricae

291 2867 409 2932 doloris
439 2872 532 2930 erant
561 2872 718 2948 expertes,
745 2887 782 2929 ac
812 2865 854 2928 ad
882 2871 1009 2929 motum
1037 2866 1110 2950 plus
1140 2866 1234 2931 solito
1259 2867 1392 2933 habiles.

292 2969 456 3052 Congium
466 2988 583 3051 nempe
593 2988 698 3031 unum
712 2966 846 3052 liquoris
860 2966 1019 3049 possetici,
1031 2968 1082 3031 vel
1097 2968 1264 3034 cerevisiae
1274 2971 1393 3051 tenuis,

291 3071 464 3138 devorabat
472 3098 483 3150 3
502 3078 535 3135 et
547 3069 785 3154 quamprimum
795 3076 902 3133 totum
912 3090 971 3153 per
984 3070 1142 3134 vomitum
1156 3072 1312 3155 rejecerit,
1327 3074 1394 3137 vini

292 3175 446 3239 Canarini
469 3173 669 3252 haustulum,
692 3172 745 3236 cni
769 3172 944 3236 instillatae
969 3172 1099 3237 fuerant
1124 3174 1256 3238 laudaui
1281 3175 1394 3259 liquidi

291 3283 405 3361 guttae
419 3275 606 3355 octodecim,
622 3274 780 3339 sumebat.
812 3273 910 3340 Quod
924 3274 952 3337 si
966 3273 1043 3338 huic
1057 3274 1198 3338 remedio
1213 3284 1395 3359 symptoma

291 3400 359 3443 non
381 3378 483 3456 cedat,
499 3378 597 3442 sudor
617 3382 808 3460 provocetur
821 3376 975 3441 methodo
998 3382 1030 3440 et
1052 3376 1296 3442 medicamentis
1317 3378 1394 3443 huic

291 3481 365 3543 usui
379 3480 503 3558 dicatis,
519 3480 560 3544 ad
575 3479 713 3543 biduum
727 3479 921 3558 triduumve,
936 3500 1033 3544 mane
1048 3488 1081 3545 et
1096 3481 1226 3565 vesperi,
1241 3502 1299 3565 per
1314 3481 1394 3546 duas

291 3593 395 3648 tresve
410 3583 505 3648 horas
520 3582 700 3647 continuas.

341 3686 455 3769 [1⁷.]¹¹³
479 3685 515 3748 Si
540 3692 651 3749 autem
676 3683 857 3747 metastasis
876 3682 976 3748 fuerit
998 3682 1152 3748 materiae
1173 3685 1336 3768 peccantis
1358 3685 1394 3749 in
1407 3704 1525 3755 Maenas

293 3788 485 3871 pulmonum
505 3787 605 3865 lobos,
623 3785 767 3850 liberatis
785 3784 920 3849 artubus
940 3808 960 3850 a
980 3785 1088 3851 dolore
1108 3794 1141 3851 et
1157 3795 1294 3868 tumore,
1310 3796 1393 3854 trac-
1406 3772 1538 3896 ffiffl

292 3891 431 3955 tandum
446 3899 495 3955 est
510 3892 571 3956 hoo
586 3896 767 3975 symptoma
780 3889 850 3973 pari
861 3888 957 3953 modo
973 3909 1009 3953 ac
1023 3890 1288 3973 peripneumonia
1303 3892 1393 3956 abso·
1405 3912 1466 3945 num
1477 3899 1545 3975 lobes

292 3994 373 4072 luta,
384 3992 639 4059 venae-sectione
649 3992 796 4075 repetita,
808 3990 914 4055 diaeta
925 3996 958 4054 et
969 3990 1119 4055 remediis
1129 3992 1393 4075 refrigerantibus
1406 3969 1541 4087 {fflssfu

293 4101 327 4157 et
344 4094 596 4158 incrassantibus
604 4120 615 4173 3
637 4094 825 4178 purgandus
845 4100 894 4157 est
911 4092 1044 4175 insuper
1064 4113 1158 4175 aeger
1176 4094 1263 4157 inter
1279 4115 1393 4158 venae-
1406 4088 1479 4137 ²h⁰d⁰
1489 4104 1533 4137 ⁰¹¹·

294 4196 450 4261 sectiones
475 4196 660 4281 potionibus
684 4194 899 4275 lenientibus3
929 4193 1053 4261 sudoris
1078 4202 1188 4261 autem
1212 4197 1394 4280 provocatio
1406 4152 1490 4200 ‘'md''

200 4327 201 4414 p
294 4298 395 4363 obest.

327 4445 334 4482 ¹
353 4448 531 4509 caroasco.
1045 4448 1057 4481 ¹=
1074 4450 1113 4500 cf.
1125 4453 1180 4499 ara
1191 4453 1203 4512 s
1216 4452 1248 4499 os
1260 4466 1294 4514 sq.

327 4509 335 4547 ¹
351 4515 466 4575 Βασίμα
477 4512 531 4577 da]
544 4512 582 4563 ct
595 4515 676 4562 Sched.
689 4514 772 4563 Merit.
783 4517 832 4563 111.
845 4518 858 4576 ξ
869 4516 891 4564 8.
1041 4522 1063 4550 ¹¹¹
1081 4516 1119 4564 Cl'.
1135 4516 1211 4565 Tract.
1224 4518 1245 4564 1.
1258 4518 1270 4577 5
1282 4518 1323 4565 65.

757 4834 935 4897 FINIS.
