3825 5759
514 647 582 712 248
831 647 1028 713 ‘mom
1050 645 1311 713 SYDE'NHAM

389 813 474 860 Pcrc·
513 808 623 872 miuus
633 807 770 892 pleniori
784 815 877 874 exem
888 809 1028 893 gurgite,
1037 831 1144 894 neque
1156 803 1615 894 bicsanguisPleuriticorum

359 891 501 958 2²¹2.
515 912 708 995 sanguinem
729 911 834 978 colore
855 913 1047 990 aemulatur,
1064 934 1171 996 neque
1192 933 1290 996 aeger
1308 932 1371 996 par
1388 910 1506 975 exinde
1526 931 1616 975 oom-

514 1015 650 1079 modum
663 1014 760 1100 capit.
804 1015 979 1080 observavi
997 1016 1107 1093 etiam
1122 1015 1219 1099 quod,
1233 1015 1262 1078 si
1279 1014 1412 1097 sanguis
1428 1034 1541 1078 reeens
1559 1034 1615 1077 ex-

405 1131 411 1144 ·
514 1123 649 1196 tractus,
674 1137 867 1202 quocunque
892 1118 1025 1182 demum
1052 1118 1150 1182 modo
1174 1117 1315 1196 fluxerit,
1338 1117 1484 1181 immisso
1511 1116 1615 1199 digito

515 1219 667 1302 agitetur,
682 1221 848 1304 superficie
867 1221 1001 1286 rubenti
1019 1241 1057 1285 ac
1073 1220 1197 1300 florida,
1211 1226 1251 1285 ut
1269 1221 1307 1284 in
1324 1219 1395 1284 aliis
1408 1218 1529 1284 morbis
1543 1219 1616 1302 qui·

514 1321 667 1400 buslibet,
682 1323 893 1406 spectabitur.

559 1424 646 1488 Utut
656 1445 732 1489 vero
746 1427 878 1510 sanguis
893 1447 927 1492 se
941 1426 1051 1505 habet,
1060 1426 1194 1491 morbus
1206 1425 1271 1505 bic,
1281 1424 1413 1490 tametsi
1426 1424 1564 1502 infamis,
1579 1431 1614 1489 et

514 1525 674 1610 plerisque
699 1528 770 1592 aliis
795 1535 908 1613 suapte
937 1537 1057 1593 natura
1083 1529 1300 1613 periculosior,
1323 1535 1438 1592 nmen
1461 1528 1490 1591 si
1512 1527 1614 1610 perite

513 1636 681 1709 tractetur,
695 1629 787 1696 facile
802 1633 961 1711 vincitur;
982 1640 1017 1697 et
1031 1633 1163 1716 quidem
1181 1654 1250 1698 non
1262 1632 1373 1696 minus
1386 1637 1476 1695 certo
1488 1637 1523 1694 et
1536 1651 1613 1694 oon·

514 1739 648 1812 stanter,
664 1755 762 1817 quam
785 1734 840 1797 alii
862 1734 1068 1798 Medicorum
1090 1741 1226 1798 conatus
1249 1733 1292 1798 ad
1313 1732 1462 1797 homines
1480 1729 1521 1794 ab
1535 1731 1614 1795 Orci

506 1835 660 1904 ,faucibus
685 1837 878 1916 liberandos,
903 1837 1098 1921 morbosque
1125 1835 1390 1916 averruncandos,
1414 1833 1548 1919 perduci
1570 1833 1615 1897 ad

513 1939 637 2002 exitum
651 1939 778 2003 felicem
792 1939 909 2006 solent.

563 2041 625 2124 [5.]
652 2042 759 2106 Variis
773 2041 909 2126 hujusce
923 2041 1030 2106 morbi
1047 2040 1279 2126 phoenomenis
1293 2039 1466 2124 diligenter
1477 2059 1612 2124 perpen-

515 2145 569 2223 sis,
584 2143 667 2208 nsssil
680 2145 769 2209 aliud
782 2145 876 2208 illum
895 2166 965 2210 esse
983 2145 1132 2225 arbitror,
1146 2167 1246 2229 qnam
1266 2145 1390 2209 febrem
1404 2165 1425 2207 a
1436 2143 1565 2227 propria
1578 2149 1613 2206 et

506 2247 668 2330 peculiari
685 2246 853 2330 sangoinis
873 2247 1130 2312 inflammatione
1150 2255 1267 2327 ortam,
1283 2267 1348 2332 qua
1360 2246 1491 2311 Natura
1510 2252 1612 2309 mate·

513 2349 596 2414 riam
610 2357 798 2434 peccantem
812 2350 848 2414 iu
861 2350 1007 2434 pleuram
1027 2350 1171 2434 deponit,
1186 2370 1423 2434 nonnunquam
1442 2355 1476 2413 et
1492 2348 1528 2411 in
1541 2347 1613 2431 pul-

514 2473 637 2532 mones,
648 2453 737 2517 unde
749 2454 1016 2538 peripneumonia
1028 2454 1194 2519 suboritur
1201 2478 1212 2532 ς
1234 2475 1333 2537 quam
1347 2474 1368 2516 a
1379 2452 1495 2536 priore,
1510 2451 1614 2534 gradu

513 2563 645 2620 tantum
659 2562 693 2620 et
706 2577 766 2640 pro
779 2557 901 2641 majore
919 2557 1065 2643 ejusdem
1084 2577 1199 2622 causae
1216 2555 1401 2622 intentione
1417 2561 1614 2637 extentaque

513 2657 630 2738 latiori,
645 2659 774 2724 differre
789 2667 934 2724 autumo.

386 2790 437 2824 ura
468 2790 492 2824 o.
563 2761 624 2844 [6.]
652 2759 753 2826 Hunc
776 2761 887 2846 itaque
909 2761 944 2826 in
968 2763 1055 2828 dieto
1077 2762 1191 2828 morbo
1209 2760 1360 2848 pellendo
1382 2759 1465 2826 mibi
1481 2781 1614 2845 scopum

512 2885 666 2948 propono,
681 2870 720 2928 ut
739 2865 861 2930 scilicet
882 2866 1051 2949 sanguinis
1070 2865 1361 2930 inflammationem
1380 2865 1564 2948 reprimam,
1578 2870 1613 2927 et

512 2967 685 3050 particulas
714 2967 859 3052 ejusdem
889 2989 1048 3047 accensas,
1078 2989 1162 3052 quae
1189 2968 1227 3031 in
1254 2966 1478 3032 membranam
1509 2972 1614 3030 costas

513 3070 755 3153 succingentem
783 3071 849 3134 vim
884 3070 1042 3148 fecerunt,
1071 3077 1106 3135 et
1140 3069 1292 3135 incendio
1327 3068 1613 3134 collabefactarunt

512 3175 632 3254 omnia,
647 3197 706 3259 per
720 3177 944 3240 evacuationes
959 3176 1085 3240 debitas
1098 3177 1261 3240 revellam.

556 3277 777 3344 Quamobrem
790 3278 827 3341 in
840 3279 1097 3343 venaesectione
1118 3301 1209 3363 spem
1229 3300 1354 3364 ponens
1375 3275 1559 3354 maximam,
1572 3282 1613 3340 ut

511 3380 654 3463 primum
668 3401 822 3458 accersor,
837 3381 1030 3464 sanguinem
1051 3404 1070 3446 e
1091 3382 1223 3448 brachio
1244 3384 1354 3448 lateris
1369 3381 1476 3447 affecti
1490 3380 1532 3444 ad
1551 3401 1612 3443 uu-

512 3481 577 3545 cias
599 3481 711 3544 decem
733 3489 790 3546 aut
811 3481 939 3547 circiter
959 3484 1157 3548 mittendum
1176 3507 1266 3550 curo.
1309 3485 1479 3549 Potionem
1494 3483 1612 3547 deinde

511 3589 701 3666 sequentem
716 3583 826 3646 statim
841 3605 861 3648 a
875 3586 1130 3650 venae-sectione
1149 3587 1291 3670 primum
1308 3585 1468 3651 celebrata
1482 3605 1612 3650 sumeu-

511 3683 587 3748 dam
601 3685 783 3769 praescribo
793 3711 847 3750 :-

514 3845 615 3914 [Fosm.
627 3847 701 3912 33.]¹
726 3843 758 3922 R,
777 3847 871 3916 Aquae
883 3847 1026 3918 Papaveris
1038 3849 1179 3903 Rboeados
1190 3850 1284 3904 uncias
1295 3857 1416 3920 quatuor,

776 3931 845 3986 Solis
858 3932 999 3988 Pmnellae
1010 3934 1163 3988 drachmam
1176 3953 1269 4001 mam,

777 4017 872 4090 Syrupi
887 4020 1022 4074 Violarum
1033 4022 1140 4075 unciam
1151 4039 1250 4087 unam3

654 4101 757 4167 Misce3
775 4103 821 4156 fiat
832 4103 951 4159 haustus.

503 4245 636 4312 ¹Pedem
650 4252 795 4332 tempore
810 4255 1000 4333 sequentem
1014 4249 1226 4316 emulsionem
1240 4249 1422 4334 praescribo
1432 4275 1486 4313 :-

515 4405 617 4470 [Form.
629 4411 703 4474 34.]·
729 4405 760 4482 R
779 4409 942 4480 Amygdalas
955 4409 1053 4464 Dulees
1065 4419 1175 4481 septem,

778 4494 916 4550 Seminum
929 4496 1079 4562 Melonem,

779 4579 945 4647 [Seminum]
960 4583 1107 4653 Pepoaum,
1118 4600 1172 4637 aua
1182 4585 1355 4649 semunciam,

778 4665 916 4721 seminum
930 4667 1072 4739 Papaveris
1085 4670 1146 4723 Albi
1159 4670 1298 4724 draclimas
1308 4670 1389 4732 duas;

611 4831 622 4858 ¹
640 4825 677 4874 et
690 4825 758 4875 loun.
775 4827 827 4874 163.
1153 4840 1163 4862 ·
1181 4833 1220 4880 Cl.
1230 4833 1326 4880 sornam.
1338 4834 1378 4890 62,
1394 4833 1446 4886 lot,
1459 4834 1513 4878 233.
