<?xml version="1.0" encoding="UTF-8"?>
<!DOCTYPE html PUBLIC "-//W3C//DTD XHTML 1.0 Transitional//EN"
    "http://www.w3.org/TR/xhtml1/DTD/xhtml1-transitional.dtd">
<html xmlns="http://www.w3.org/1999/xhtml" xml:lang="en" lang="en">
 <head>
  <title>
</title>
<meta http-equiv="Content-Type" content="text/html;charset=utf-8" />
  <meta name='ocr-system' content='tesseract 3.04.00' />
  <meta name='ocr-capabilities' content='ocr_page ocr_carea ocr_par ocr_line ocrx_word'/>
</head>
<body>
  <div class='ocr_page' id='page_1' title='image "./thomaesydenhamm00greegoog_0293.png"; bbox 0 0 3825 5759; ppageno 0'>
   <div class='ocr_carea' id='block_1_1' title="bbox 471 669 1430 742">
    <p class='ocr_par' dir='ltr' id='par_1_1' title="bbox 471 669 1430 742">
     <span class='ocr_line' id='line_1_1' title="bbox 471 669 1430 742; baseline 0.006 -6"><span class='ocrx_word' id='word_1_1' title='bbox 471 669 868 736; x_wconf 76' lang='lat' dir='ltr'><strong>ousuuvluION&#39;UM</strong></span> <span class='ocrx_word' id='word_1_2' title='bbox 889 671 1176 739; x_wconf 75' lang='lat' dir='ltr'><strong>MEDICARUM</strong></span> <span class='ocrx_word' id='word_1_3' title='bbox 1197 685 1249 740; x_wconf 88' lang='lat' dir='ltr'><strong>VI.</strong></span> <span class='ocrx_word' id='word_1_4' title='bbox 1262 692 1287 739; x_wconf 77' lang='lat' dir='ltr'><strong>o.</strong></span> <span class='ocrx_word' id='word_1_5' title='bbox 1366 679 1430 742; x_wconf 75' lang='lat' dir='ltr'><strong>eol</strong></span> 
     </span>
    </p>
   </div>
   <div class='ocr_carea' id='block_1_2' title="bbox 329 832 1586 969">
    <p class='ocr_par' dir='ltr' id='par_1_2' title="bbox 329 832 1586 969">
     <span class='ocr_line' id='line_1_2' title="bbox 329 832 1586 969; baseline 0.008 -74"><span class='ocrx_word' id='word_1_6' title='bbox 329 832 379 910; x_wconf 90' lang='lat' dir='ltr'><strong>lit,</strong></span> <span class='ocrx_word' id='word_1_7' title='bbox 394 852 500 916; x_wconf 88' lang='lat' dir='ltr'><strong>neque</strong></span> <span class='ocrx_word' id='word_1_8' title='bbox 518 832 635 898; x_wconf 83' lang='lat' dir='ltr'><strong>febrim</strong></span> <span class='ocrx_word' id='word_1_9' title='bbox 659 833 721 899; x_wconf 92' lang='lat' dir='ltr'><strong>sibi</strong></span> <span class='ocrx_word' id='word_1_10' title='bbox 744 835 1072 921; x_wconf 82' lang='lat' dir='ltr'><strong>comitemadjmrgit.</strong></span> <span class='ocrx_word' id='word_1_11' title='bbox 1115 837 1255 922; x_wconf 77' lang='lat' dir='ltr'>Insuper</span> <span class='ocrx_word' id='word_1_12' title='bbox 1268 862 1336 904; x_wconf 91' lang='lat' dir='ltr'><strong>non</strong></span> <span class='ocrx_word' id='word_1_13' title='bbox 1351 841 1431 906; x_wconf 90' lang='lat' dir='ltr'><strong>adeo</strong></span> <span class='ocrx_word' id='word_1_14' title='bbox 1450 857 1586 969; x_wconf 56' lang='lat' dir='ltr'><strong>qqsppp-</strong></span> 
     </span>
     <span class='ocr_line' id='line_1_3' title="bbox 1495 937 1572 969; baseline 0 0"><span class='ocrx_word' id='word_1_15' title='bbox 1495 937 1507 969; x_wconf 74' lang='lat' dir='ltr'>fl</span> <span class='ocrx_word' id='word_1_16' title='bbox 1564 956 1572 969; x_wconf 80' lang='grc'><strong>.</strong></span> 
     </span>
    </p>
   </div>
   <div class='ocr_carea' id='block_1_3' title="bbox 330 935 1588 2776">
    <p class='ocr_par' dir='ltr' id='par_1_3' title="bbox 332 935 1588 1128">
     <span class='ocr_line' id='line_1_4' title="bbox 332 935 1588 1026; baseline 0.012 -28"><span class='ocrx_word' id='word_1_17' title='bbox 332 935 415 998; x_wconf 86' lang='lat' dir='ltr'><strong>fixus</strong></span> <span class='ocrx_word' id='word_1_18' title='bbox 437 942 559 1015; x_wconf 87' lang='lat' dir='ltr'><strong>manet,</strong></span> <span class='ocrx_word' id='word_1_19' title='bbox 583 936 641 1000; x_wconf 89' lang='lat' dir='ltr'><strong>sed</strong></span> <span class='ocrx_word' id='word_1_20' title='bbox 657 937 799 1001; x_wconf 86' lang='lat' dir='ltr'><strong>indolem</strong></span> <span class='ocrx_word' id='word_1_21' title='bbox 818 939 921 1022; x_wconf 81' lang='lat' dir='ltr'><strong>magis</strong></span> <span class='ocrx_word' id='word_1_22' title='bbox 946 961 1065 1024; x_wconf 83' lang='lat' dir='ltr'><strong>vagam</strong></span> <span class='ocrx_word' id='word_1_23' title='bbox 1089 963 1126 1008; x_wconf 88' lang='lat' dir='ltr'><strong>ac</strong></span> <span class='ocrx_word' id='word_1_24' title='bbox 1145 943 1303 1008; x_wconf 84' lang='lat' dir='ltr'><strong>incertam</strong></span> <span class='ocrx_word' id='word_1_25' title='bbox 1323 947 1432 1026; x_wconf 81' lang='lat' dir='ltr'>refert,</span> <span class='ocrx_word' id='word_1_26' title='bbox 1446 991 1588 1004; x_wconf 88' lang='lat'><strong>-—-</strong></span> 
     </span>
     <span class='ocr_line' id='line_1_5' title="bbox 333 1039 1434 1128; baseline 0.009 -26"><span class='ocrx_word' id='word_1_27' title='bbox 333 1059 408 1102; x_wconf 89' lang='lat' dir='ltr'><strong>cum</strong></span> <span class='ocrx_word' id='word_1_28' title='bbox 437 1039 593 1104; x_wconf 86' lang='lat' dir='ltr'><strong>anomalis</strong></span> <span class='ocrx_word' id='word_1_29' title='bbox 621 1040 858 1124; x_wconf 87' lang='lat' dir='ltr'><strong>inconditisque</strong></span> <span class='ocrx_word' id='word_1_30' title='bbox 888 1043 1112 1126; x_wconf 87' lang='lat' dir='ltr'><strong>symptomatis</strong></span> <span class='ocrx_word' id='word_1_31' title='bbox 1142 1045 1289 1128; x_wconf 87' lang='lat' dir='ltr'><strong>stipatus.</strong></span> <span class='ocrx_word' id='word_1_32' title='bbox 1333 1048 1434 1113; x_wconf 92' lang='lat' dir='ltr'><strong>Nunc</strong></span> 
     </span>
    </p>

    <p class='ocr_par' dir='ltr' id='par_1_4' title="bbox 332 1137 1434 1234">
     <span class='ocr_line' id='line_1_6' title="bbox 332 1137 1434 1234; baseline 0.012 -32"><span class='ocrx_word' id='word_1_33' title='bbox 332 1137 422 1203; x_wconf 84' lang='lat' dir='ltr'><strong>lnmc</strong></span> <span class='ocrx_word' id='word_1_34' title='bbox 440 1140 492 1204; x_wconf 82' lang='lat' dir='ltr'><strong>vel</strong></span> <span class='ocrx_word' id='word_1_35' title='bbox 504 1141 597 1205; x_wconf 91' lang='lat' dir='ltr'><strong>illum</strong></span> <span class='ocrx_word' id='word_1_36' title='bbox 617 1148 726 1206; x_wconf 88' lang='lat' dir='ltr'><strong>artum</strong></span> <span class='ocrx_word' id='word_1_37' title='bbox 743 1141 923 1222; x_wconf 87' lang='lat' dir='ltr'><strong>discruciat,</strong></span> <span class='ocrx_word' id='word_1_38' title='bbox 938 1165 1014 1208; x_wconf 82' lang='lat' dir='ltr'><strong>mox</strong></span> <span class='ocrx_word' id='word_1_39' title='bbox 1033 1145 1178 1210; x_wconf 87' lang='lat' dir='ltr'><strong>internas</strong></span> <span class='ocrx_word' id='word_1_40' title='bbox 1200 1149 1305 1212; x_wconf 89' lang='lat' dir='ltr'><strong>solum</strong></span> <span class='ocrx_word' id='word_1_41' title='bbox 1326 1157 1434 1234; x_wconf 87' lang='lat' dir='ltr'><strong>partes</strong></span> 
     </span>
    </p>

    <p class='ocr_par' dir='ltr' id='par_1_5' title="bbox 333 1243 1435 1332">
     <span class='ocr_line' id='line_1_7' title="bbox 333 1243 1435 1332; baseline 0.01 -25"><span class='ocrx_word' id='word_1_42' title='bbox 333 1243 440 1322; x_wconf 85' lang='lat' dir='ltr'><strong>afficit,</strong></span> <span class='ocrx_word' id='word_1_43' title='bbox 460 1245 657 1328; x_wconf 83' lang='lat' dir='ltr'><strong>proindeque</strong></span> <span class='ocrx_word' id='word_1_44' title='bbox 679 1245 914 1329; x_wconf 71' lang='lat' dir='ltr'><strong>aegritudinem</strong></span> <span class='ocrx_word' id='word_1_45' title='bbox 935 1248 1029 1331; x_wconf 88' lang='lat' dir='ltr'><strong>parit,</strong></span> <span class='ocrx_word' id='word_1_46' title='bbox 1050 1269 1132 1332; x_wconf 87' lang='lat' dir='ltr'><strong>quae</strong></span> <span class='ocrx_word' id='word_1_47' title='bbox 1153 1250 1310 1316; x_wconf 81' lang='lat' dir='ltr'><strong>redeunte</strong></span> <span class='ocrx_word' id='word_1_48' title='bbox 1331 1260 1435 1318; x_wconf 89' lang='lat' dir='ltr'><strong>exter-</strong></span> 
     </span>
    </p>

    <p class='ocr_par' dir='ltr' id='par_1_6' title="bbox 332 1349 1435 1436">
     <span class='ocr_line' id='line_1_8' title="bbox 332 1349 1435 1436; baseline 0.007 -24"><span class='ocrx_word' id='word_1_49' title='bbox 332 1368 450 1412; x_wconf 82' lang='lat' dir='ltr'><strong>narum</strong></span> <span class='ocrx_word' id='word_1_50' title='bbox 465 1349 607 1433; x_wconf 84' lang='lat' dir='ltr'><strong>partium</strong></span> <span class='ocrx_word' id='word_1_51' title='bbox 627 1350 736 1414; x_wconf 86' lang='lat' dir='ltr'><strong>dolore</strong></span> <span class='ocrx_word' id='word_1_52' title='bbox 757 1349 875 1414; x_wconf 88' lang='lat' dir='ltr'><strong>itemm</strong></span> <span class='ocrx_word' id='word_1_53' title='bbox 890 1371 924 1414; x_wconf 90' lang='lat' dir='ltr'><strong>se</strong></span> <span class='ocrx_word' id='word_1_54' title='bbox 941 1351 1097 1436; x_wconf 73' lang='lat' dir='ltr'><strong>proripit,</strong></span> <span class='ocrx_word' id='word_1_55' title='bbox 1119 1351 1167 1417; x_wconf 88' lang='lat' dir='ltr'><strong>ita</strong></span> <span class='ocrx_word' id='word_1_56' title='bbox 1183 1373 1316 1436; x_wconf 76' lang='lat' dir='ltr'><strong>aegrum</strong></span> <span class='ocrx_word' id='word_1_57' title='bbox 1338 1356 1435 1420; x_wconf 87' lang='lat' dir='ltr'><strong>alter-</strong></span> 
     </span>
    </p>

    <p class='ocr_par' dir='ltr' id='par_1_7' title="bbox 332 1452 1432 1540">
     <span class='ocr_line' id='line_1_9' title="bbox 332 1452 1432 1540; baseline 0.005 -24"><span class='ocrx_word' id='word_1_58' title='bbox 332 1453 436 1516; x_wconf 83' lang='lat' dir='ltr'><strong>natim</strong></span> <span class='ocrx_word' id='word_1_59' title='bbox 459 1453 619 1532; x_wconf 81' lang='lat' dir='ltr'><strong>diversus,</strong></span> <span class='ocrx_word' id='word_1_60' title='bbox 643 1473 680 1518; x_wconf 89' lang='lat' dir='ltr'><strong>ac</strong></span> <span class='ocrx_word' id='word_1_61' title='bbox 701 1452 737 1516; x_wconf 91' lang='lat' dir='ltr'><strong>in</strong></span> <span class='ocrx_word' id='word_1_62' title='bbox 759 1452 1008 1518; x_wconf 71' lang='lat' dir='ltr'><strong>diuhuuitatem</strong></span> <span class='ocrx_word' id='word_1_63' title='bbox 1022 1455 1154 1538; x_wconf 81' lang='lat' dir='ltr'><strong>longam</strong></span> <span class='ocrx_word' id='word_1_64' title='bbox 1176 1476 1211 1520; x_wconf 90' lang='lat' dir='ltr'><strong>se</strong></span> <span class='ocrx_word' id='word_1_65' title='bbox 1231 1457 1432 1540; x_wconf 88' lang='lat' dir='ltr'><strong>protrahens,</strong></span> 
     </span>
    </p>

    <p class='ocr_par' dir='ltr' id='par_1_8' title="bbox 333 1556 1435 1640">
     <span class='ocr_line' id='line_1_10' title="bbox 333 1556 1435 1640; baseline 0.005 -20"><span class='ocrx_word' id='word_1_66' title='bbox 333 1557 375 1621; x_wconf 85' lang='lat' dir='ltr'><strong>ad</strong></span> <span class='ocrx_word' id='word_1_67' title='bbox 389 1557 491 1620; x_wconf 82' lang='lat' dir='ltr'><strong>instar</strong></span> <span class='ocrx_word' id='word_1_68' title='bbox 501 1556 688 1620; x_wconf 86' lang='lat' dir='ltr'>morborum</span> <span class='ocrx_word' id='word_1_69' title='bbox 703 1556 759 1640; x_wconf 91' lang='lat' dir='ltr'><strong>qui</strong></span> <span class='ocrx_word' id='word_1_70' title='bbox 773 1557 823 1620; x_wconf 88' lang='lat' dir='ltr'><strong>vel</strong></span> <span class='ocrx_word' id='word_1_71' title='bbox 837 1557 977 1621; x_wconf 81' lang='lat' dir='ltr'><strong>maxime</strong></span> <span class='ocrx_word' id='word_1_72' title='bbox 991 1557 1133 1622; x_wconf 82' lang='lat' dir='ltr'><strong>chronici</strong></span> <span class='ocrx_word' id='word_1_73' title='bbox 1147 1558 1318 1624; x_wconf 88' lang='lat' dir='ltr'><strong>habentur.</strong></span> <span class='ocrx_word' id='word_1_74' title='bbox 1353 1561 1435 1626; x_wconf 60' lang='lat' dir='ltr'><strong>Foess</strong></span> 
     </span>
    </p>

    <p class='ocr_par' dir='ltr' id='par_1_9' title="bbox 331 1659 1434 1744">
     <span class='ocr_line' id='line_1_11' title="bbox 331 1659 1434 1744; baseline 0.001 -18"><span class='ocrx_word' id='word_1_75' title='bbox 331 1661 437 1726; x_wconf 88' lang='lat' dir='ltr'><strong>minas</strong></span> <span class='ocrx_word' id='word_1_76' title='bbox 450 1681 527 1744; x_wconf 87' lang='lat' dir='ltr'><strong>prae</strong></span> <span class='ocrx_word' id='word_1_77' title='bbox 541 1659 672 1744; x_wconf 91' lang='lat' dir='ltr'><strong>reliquis</strong></span> <span class='ocrx_word' id='word_1_78' title='bbox 686 1659 839 1738; x_wconf 67' lang='lat' dir='ltr'><strong>adoritrm</strong></span> <span class='ocrx_word' id='word_1_79' title='bbox 855 1666 893 1724; x_wconf 85' lang='lat' dir='ltr'><strong>at</strong></span> <span class='ocrx_word' id='word_1_80' title='bbox 908 1665 941 1724; x_wconf 87' lang='lat' dir='ltr'><strong>et</strong></span> <span class='ocrx_word' id='word_1_81' title='bbox 954 1660 1038 1725; x_wconf 87' lang='lat' dir='ltr'><strong>viros</strong></span> <span class='ocrx_word' id='word_1_82' title='bbox 1052 1661 1108 1744; x_wconf 92' lang='lat' dir='ltr'><strong>qui</strong></span> <span class='ocrx_word' id='word_1_83' title='bbox 1121 1661 1320 1726; x_wconf 82' lang='lat' dir='ltr'><strong>imbecilliori</strong></span> <span class='ocrx_word' id='word_1_84' title='bbox 1336 1670 1434 1728; x_wconf 88' lang='lat' dir='ltr'><strong>natu·</strong></span> 
     </span>
    </p>

    <p class='ocr_par' dir='ltr' id='par_1_10' title="bbox 331 1763 1434 1848">
     <span class='ocr_line' id='line_1_12' title="bbox 331 1763 1434 1848; baseline 0.002 -20"><span class='ocrx_word' id='word_1_85' title='bbox 331 1783 369 1828; x_wconf 85' lang='lat' dir='ltr'><strong>ra</strong></span> <span class='ocrx_word' id='word_1_86' title='bbox 390 1771 468 1828; x_wconf 87' lang='lat' dir='ltr'><strong>sunt</strong></span> <span class='ocrx_word' id='word_1_87' title='bbox 476 1790 486 1842; x_wconf 64' lang='grc' dir='ltr'><strong><em>ς</em></strong></span> <span class='ocrx_word' id='word_1_88' title='bbox 510 1764 652 1847; x_wconf 80' lang='lat' dir='ltr'><strong>adeoque</strong></span> <span class='ocrx_word' id='word_1_89' title='bbox 676 1763 717 1828; x_wconf 83' lang='lat' dir='ltr'><strong>ad</strong></span> <span class='ocrx_word' id='word_1_90' title='bbox 732 1763 906 1826; x_wconf 85' lang='lat' dir='ltr'><strong>affectuum</strong></span> <span class='ocrx_word' id='word_1_91' title='bbox 926 1763 1160 1848; x_wconf 71' lang='lat' dir='ltr'><strong>hystoricorum</strong></span> <span class='ocrx_word' id='word_1_92' title='bbox 1174 1765 1307 1828; x_wconf 86' lang='lat' dir='ltr'><strong>classem</strong></span> <span class='ocrx_word' id='word_1_93' title='bbox 1321 1766 1434 1830; x_wconf 83' lang='lat' dir='ltr'><strong>referri</strong></span> 
     </span>
    </p>

    <p class='ocr_par' dir='ltr' id='par_1_11' title="bbox 331 1867 1433 2058">
     <span class='ocr_line' id='line_1_13' title="bbox 332 1867 1433 1953; baseline 0.002 -21"><span class='ocrx_word' id='word_1_94' title='bbox 332 1869 449 1933; x_wconf 87' lang='lat' dir='ltr'><strong>debere</strong></span> <span class='ocrx_word' id='word_1_95' title='bbox 470 1869 567 1952; x_wconf 89' lang='lat' dir='ltr'><strong>plane</strong></span> <span class='ocrx_word' id='word_1_96' title='bbox 587 1867 773 1952; x_wconf 88' lang='lat' dir='ltr'><strong>suspicarer,</strong></span> <span class='ocrx_word' id='word_1_97' title='bbox 795 1867 859 1930; x_wconf 90' lang='lat' dir='ltr'><strong>uisi</strong></span> <span class='ocrx_word' id='word_1_98' title='bbox 880 1867 968 1951; x_wconf 92' lang='lat' dir='ltr'><strong>quod</strong></span> <span class='ocrx_word' id='word_1_99' title='bbox 988 1867 1106 1933; x_wconf 88' lang='lat' dir='ltr'><strong>iterate</strong></span> <span class='ocrx_word' id='word_1_100' title='bbox 1126 1869 1323 1953; x_wconf 79' lang='lat' dir='ltr'><strong>experientia</strong></span> <span class='ocrx_word' id='word_1_101' title='bbox 1346 1891 1433 1934; x_wconf 87' lang='lat' dir='ltr'><strong>eom·</strong></span> 
     </span>
     <span class='ocr_line' id='line_1_14' title="bbox 331 1971 1427 2058; baseline 0.001 -22"><span class='ocrx_word' id='word_1_102' title='bbox 331 1971 516 2056; x_wconf 72' lang='lat' dir='ltr'><strong>probassem</strong></span> <span class='ocrx_word' id='word_1_103' title='bbox 538 1993 613 2036; x_wconf 90' lang='lat' dir='ltr'><strong>eum</strong></span> <span class='ocrx_word' id='word_1_104' title='bbox 634 1971 782 2036; x_wconf 82' lang='lat' dir='ltr'><strong>remediis</strong></span> <span class='ocrx_word' id='word_1_105' title='bbox 803 1971 971 2056; x_wconf 82' lang='lat' dir='ltr'><strong>hystericis</strong></span> <span class='ocrx_word' id='word_1_106' title='bbox 996 1972 1129 2036; x_wconf 88' lang='lat' dir='ltr'><strong>minime</strong></span> <span class='ocrx_word' id='word_1_107' title='bbox 1153 1973 1292 2036; x_wconf 86' lang='lat' dir='ltr'><strong>cessisse.</strong></span> <span class='ocrx_word' id='word_1_108' title='bbox 1343 1973 1427 2058; x_wconf 71' lang='lat' dir='ltr'><strong>[la]</strong></span> 
     </span>
    </p>

    <p class='ocr_par' dir='ltr' id='par_1_12' title="bbox 332 2075 1433 2158">
     <span class='ocr_line' id='line_1_15' title="bbox 332 2075 1433 2158; baseline 0.002 -20"><span class='ocrx_word' id='word_1_109' title='bbox 332 2075 387 2138; x_wconf 93' lang='lat' dir='ltr'><strong>Illi</strong></span> <span class='ocrx_word' id='word_1_110' title='bbox 406 2075 504 2139; x_wconf 87' lang='lat' dir='ltr'><strong>etiam</strong></span> <span class='ocrx_word' id='word_1_111' title='bbox 520 2075 576 2158; x_wconf 91' lang='lat' dir='ltr'><strong>qui</strong></span> <span class='ocrx_word' id='word_1_112' title='bbox 594 2075 729 2157; x_wconf 87' lang='lat' dir='ltr'><strong>longum</strong></span> <span class='ocrx_word' id='word_1_113' title='bbox 749 2081 783 2138; x_wconf 90' lang='lat' dir='ltr'><strong>et</strong></span> <span class='ocrx_word' id='word_1_114' title='bbox 805 2075 980 2158; x_wconf 87' lang='lat' dir='ltr'><strong>repetitum</strong></span> <span class='ocrx_word' id='word_1_115' title='bbox 1001 2075 1127 2139; x_wconf 74' lang='lat' dir='ltr'><strong>corticis</strong></span> <span class='ocrx_word' id='word_1_116' title='bbox 1150 2075 1319 2139; x_wconf 86' lang='lat' dir='ltr'><strong>Peruviani</strong></span> <span class='ocrx_word' id='word_1_117' title='bbox 1335 2097 1433 2140; x_wconf 89' lang='lat' dir='ltr'><strong>usum</strong></span> 
     </span>
    </p>

    <p class='ocr_par' dir='ltr' id='par_1_13' title="bbox 332 2176 1436 2262">
     <span class='ocr_line' id='line_1_16' title="bbox 332 2176 1436 2262; baseline 0 -20"><span class='ocrx_word' id='word_1_118' title='bbox 332 2178 454 2262; x_wconf 82' lang='lat' dir='ltr'><strong>experti</strong></span> <span class='ocrx_word' id='word_1_119' title='bbox 465 2187 552 2256; x_wconf 87' lang='lat' dir='ltr'><strong>sunt,</strong></span> <span class='ocrx_word' id='word_1_120' title='bbox 561 2177 637 2242; x_wconf 89' lang='lat' dir='ltr'><strong>huic</strong></span> <span class='ocrx_word' id='word_1_121' title='bbox 648 2177 733 2242; x_wconf 86' lang='lat' dir='ltr'><strong>malo</strong></span> <span class='ocrx_word' id='word_1_122' title='bbox 748 2182 825 2240; x_wconf 88' lang='lat' dir='ltr'><strong>sunt</strong></span> <span class='ocrx_word' id='word_1_123' title='bbox 839 2176 986 2240; x_wconf 78' lang='lat' dir='ltr'><strong>obnoxii⁸</strong></span> <span class='ocrx_word' id='word_1_124' title='bbox 994 2203 1004 2256; x_wconf 77' lang='lat'>3</span> <span class='ocrx_word' id='word_1_125' title='bbox 1021 2177 1107 2261; x_wconf 92' lang='lat' dir='ltr'><strong>quod</strong></span> <span class='ocrx_word' id='word_1_126' title='bbox 1121 2178 1250 2261; x_wconf 87' lang='lat' dir='ltr'><strong>quidem</strong></span> <span class='ocrx_word' id='word_1_127' title='bbox 1265 2179 1315 2262; x_wconf 92' lang='lat' dir='ltr'><strong>(ut</strong></span> <span class='ocrx_word' id='word_1_128' title='bbox 1329 2177 1436 2242; x_wconf 90' lang='lat' dir='ltr'><strong>obiter</strong></span> 
     </span>
    </p>

    <p class='ocr_par' dir='ltr' id='par_1_14' title="bbox 331 2279 1433 2365">
     <span class='ocr_line' id='line_1_17' title="bbox 331 2279 1433 2365; baseline 0.003 -22"><span class='ocrx_word' id='word_1_129' title='bbox 331 2281 366 2344; x_wconf 91' lang='lat' dir='ltr'><strong>id</strong></span> <span class='ocrx_word' id='word_1_130' title='bbox 381 2281 566 2365; x_wconf 71' lang='lat' dir='ltr'><strong>attingam)</strong></span> <span class='ocrx_word' id='word_1_131' title='bbox 580 2280 714 2344; x_wconf 88' lang='lat' dir='ltr'><strong>unicum</strong></span> <span class='ocrx_word' id='word_1_132' title='bbox 734 2287 784 2344; x_wconf 79' lang='lat' dir='ltr'><strong>est</strong></span> <span class='ocrx_word' id='word_1_133' title='bbox 802 2279 1044 2344; x_wconf 88' lang='lat' dir='ltr'><strong>incommodum</strong></span> <span class='ocrx_word' id='word_1_134' title='bbox 1059 2282 1145 2364; x_wconf 89' lang='lat' dir='ltr'><strong>quod</strong></span> <span class='ocrx_word' id='word_1_135' title='bbox 1159 2303 1199 2346; x_wconf 85' lang='lat' dir='ltr'><strong>ex</strong></span> <span class='ocrx_word' id='word_1_136' title='bbox 1213 2281 1277 2346; x_wconf 90' lang='lat' dir='ltr'><strong>hoc</strong></span> <span class='ocrx_word' id='word_1_137' title='bbox 1289 2281 1433 2346; x_wconf 89' lang='lat' dir='ltr'><strong>remedio</strong></span> 
     </span>
    </p>

    <p class='ocr_par' dir='ltr' id='par_1_15' title="bbox 330 2382 1583 2776">
     <span class='ocr_line' id='line_1_18' title="bbox 331 2382 1572 2471; baseline 0.002 -25"><span class='ocrx_word' id='word_1_138' title='bbox 331 2383 458 2447; x_wconf 90' lang='lat' dir='ltr'><strong>illatum</strong></span> <span class='ocrx_word' id='word_1_139' title='bbox 480 2382 555 2446; x_wconf 90' lang='lat' dir='ltr'><strong>novi</strong></span> <span class='ocrx_word' id='word_1_140' title='bbox 575 2403 728 2466; x_wconf 87' lang='lat' dir='ltr'><strong>unquam.</strong></span> <span class='ocrx_word' id='word_1_141' title='bbox 775 2382 839 2447; x_wconf 88' lang='lat' dir='ltr'><strong>Sed</strong></span> <span class='ocrx_word' id='word_1_142' title='bbox 861 2391 938 2448; x_wconf 87' lang='lat' dir='ltr'><strong>utut</strong></span> <span class='ocrx_word' id='word_1_143' title='bbox 957 2383 992 2448; x_wconf 91' lang='lat' dir='ltr'><strong>id</strong></span> <span class='ocrx_word' id='word_1_144' title='bbox 1008 2384 1061 2463; x_wconf 88' lang='lat' dir='ltr'><strong>sit,</strong></span> <span class='ocrx_word' id='word_1_145' title='bbox 1076 2385 1129 2449; x_wconf 91' lang='lat' dir='ltr'><strong>hic</strong></span> <span class='ocrx_word' id='word_1_146' title='bbox 1146 2386 1289 2464; x_wconf 72' lang='lat' dir='ltr'><strong>effecum,</strong></span> <span class='ocrx_word' id='word_1_147' title='bbox 1306 2384 1371 2449; x_wconf 82' lang='lat' dir='ltr'><strong>sive</strong></span> <span class='ocrx_word' id='word_1_148' title='bbox 1392 2405 1432 2448; x_wconf 86' lang='lat' dir='ltr'><strong>er</strong></span> <span class='ocrx_word' id='word_1_149' title='bbox 1445 2393 1572 2471; x_wconf 59' lang='grc' dir='ltr'><strong>Βὴεμπιι-</strong></span> 
     </span>
     <span class='ocr_line' id='line_1_19' title="bbox 331 2459 1583 2572; baseline 0.003 -24"><span class='ocrx_word' id='word_1_150' title='bbox 331 2486 392 2550; x_wconf 87' lang='lat' dir='ltr'><strong>hac</strong></span> <span class='ocrx_word' id='word_1_151' title='bbox 413 2486 587 2564; x_wconf 78' lang='lat' dir='ltr'><strong>occasione,</strong></span> <span class='ocrx_word' id='word_1_152' title='bbox 604 2485 668 2549; x_wconf 83' lang='lat' dir='ltr'><strong>sive</strong></span> <span class='ocrx_word' id='word_1_153' title='bbox 683 2505 722 2548; x_wconf 82' lang='lat' dir='ltr'><strong>er</strong></span> <span class='ocrx_word' id='word_1_154' title='bbox 742 2484 805 2548; x_wconf 88' lang='lat' dir='ltr'><strong>alia</strong></span> <span class='ocrx_word' id='word_1_155' title='bbox 816 2507 1013 2570; x_wconf 88' lang='lat' dir='ltr'><strong>quacunque</strong></span> <span class='ocrx_word' id='word_1_156' title='bbox 1033 2508 1140 2566; x_wconf 83' lang='lat' dir='ltr'><strong>causa,</strong></span> <span class='ocrx_word' id='word_1_157' title='bbox 1155 2488 1312 2571; x_wconf 77' lang='lat' dir='ltr'><strong>originem</strong></span> <span class='ocrx_word' id='word_1_158' title='bbox 1331 2488 1430 2567; x_wconf 90' lang='lat' dir='ltr'><strong>ducit,</strong></span> <span class='ocrx_word' id='word_1_159' title='bbox 1443 2459 1583 2572; x_wconf 54' lang='lat' dir='ltr'><strong>{ffiffi</strong></span> 
     </span>
     <span class='ocr_line' id='line_1_20' title="bbox 332 2587 1514 2674; baseline 0.002 -22"><span class='ocrx_word' id='word_1_160' title='bbox 332 2609 429 2672; x_wconf 90' lang='lat' dir='ltr'><strong>quam</strong></span> <span class='ocrx_word' id='word_1_161' title='bbox 443 2589 594 2653; x_wconf 78' lang='lat' dir='ltr'><strong>facillime</strong></span> <span class='ocrx_word' id='word_1_162' title='bbox 614 2587 794 2651; x_wconf 88' lang='lat' dir='ltr'><strong>debellatur</strong></span> <span class='ocrx_word' id='word_1_163' title='bbox 807 2587 1010 2672; x_wconf 80' lang='lat' dir='ltr'><strong>vinciturque</strong></span> <span class='ocrx_word' id='word_1_164' title='bbox 1028 2611 1092 2653; x_wconf 90' lang='lat' dir='ltr'><strong>usu</strong></span> <span class='ocrx_word' id='word_1_165' title='bbox 1108 2591 1322 2673; x_wconf 87' lang='lat' dir='ltr'><strong>sequentium,</strong></span> <span class='ocrx_word' id='word_1_166' title='bbox 1338 2612 1431 2674; x_wconf 87' lang='lat' dir='ltr'><strong>quac,</strong></span> <span class='ocrx_word' id='word_1_167' title='bbox 1443 2589 1514 2638; x_wconf 74' lang='lat' dir='ltr'><strong>ntia</strong></span> 
     </span>
     <span class='ocr_line' id='line_1_21' title="bbox 330 2689 1433 2776; baseline 0.003 -22"><span class='ocrx_word' id='word_1_168' title='bbox 330 2691 393 2754; x_wconf 91' lang='lat' dir='ltr'><strong>nisi</strong></span> <span class='ocrx_word' id='word_1_169' title='bbox 416 2692 538 2774; x_wconf 86' lang='lat' dir='ltr'><strong>privato</strong></span> <span class='ocrx_word' id='word_1_170' title='bbox 562 2689 729 2755; x_wconf 89' lang='lat' dir='ltr'><strong>commodo</strong></span> <span class='ocrx_word' id='word_1_171' title='bbox 754 2689 919 2773; x_wconf 90' lang='lat' dir='ltr'><strong>publicum</strong></span> <span class='ocrx_word' id='word_1_172' title='bbox 945 2692 1176 2774; x_wconf 76' lang='lat' dir='ltr'><strong>praetulissem,</strong></span> <span class='ocrx_word' id='word_1_173' title='bbox 1196 2714 1326 2776; x_wconf 88' lang='lat' dir='ltr'><strong>prorsus</strong></span> <span class='ocrx_word' id='word_1_174' title='bbox 1351 2693 1433 2756; x_wconf 92' lang='lat' dir='ltr'><strong>mibi</strong></span> 
     </span>
    </p>
   </div>
   <div class='ocr_carea' id='block_1_4' title="bbox 330 2793 1433 2878">
    <p class='ocr_par' dir='ltr' id='par_1_16' title="bbox 330 2793 1433 2878">
     <span class='ocr_line' id='line_1_22' title="bbox 330 2793 1433 2878; baseline 0.003 -21"><span class='ocrx_word' id='word_1_175' title='bbox 330 2795 494 2859; x_wconf 89' lang='lat' dir='ltr'><strong>reticenda</strong></span> <span class='ocrx_word' id='word_1_176' title='bbox 510 2802 636 2873; x_wconf 77' lang='lat' dir='ltr'><strong>essent3</strong></span> <span class='ocrx_word' id='word_1_177' title='bbox 666 2793 787 2858; x_wconf 89' lang='lat' dir='ltr'><strong>etenim</strong></span> <span class='ocrx_word' id='word_1_178' title='bbox 806 2793 856 2857; x_wconf 91' lang='lat' dir='ltr'><strong>his</strong></span> <span class='ocrx_word' id='word_1_179' title='bbox 879 2794 952 2858; x_wconf 87' lang='lat' dir='ltr'><strong>solis</strong></span> <span class='ocrx_word' id='word_1_180' title='bbox 973 2815 1069 2878; x_wconf 90' lang='lat' dir='ltr'><strong>quam</strong></span> <span class='ocrx_word' id='word_1_181' title='bbox 1089 2793 1219 2873; x_wconf 86' lang='lat' dir='ltr'><strong>multos,</strong></span> <span class='ocrx_word' id='word_1_182' title='bbox 1235 2817 1274 2860; x_wconf 86' lang='lat' dir='ltr'><strong>eo</strong></span> <span class='ocrx_word' id='word_1_183' title='bbox 1297 2817 1361 2878; x_wconf 89' lang='lat' dir='ltr'><strong>quo</strong></span> <span class='ocrx_word' id='word_1_184' title='bbox 1375 2796 1433 2860; x_wconf 87' lang='lat' dir='ltr'><strong>de·</strong></span> 
     </span>
    </p>
   </div>
   <div class='ocr_carea' id='block_1_5' title="bbox 330 2896 1430 3188">
    <p class='ocr_par' dir='ltr' id='par_1_17' title="bbox 330 2896 1430 3188">
     <span class='ocr_line' id='line_1_23' title="bbox 331 2896 1430 2981; baseline 0.002 -21"><span class='ocrx_word' id='word_1_185' title='bbox 331 2898 513 2980; x_wconf 86' lang='lat' dir='ltr'><strong>scripsimus</strong></span> <span class='ocrx_word' id='word_1_186' title='bbox 535 2897 631 2961; x_wconf 92' lang='lat' dir='ltr'><strong>modo</strong></span> <span class='ocrx_word' id='word_1_187' title='bbox 653 2896 846 2974; x_wconf 77' lang='lat' dir='ltr'><strong>laborantes,</strong></span> <span class='ocrx_word' id='word_1_188' title='bbox 866 2896 984 2975; x_wconf 84' lang='lat' dir='ltr'><strong>sanavi,</strong></span> <span class='ocrx_word' id='word_1_189' title='bbox 1008 2897 1125 2981; x_wconf 90' lang='lat' dir='ltr'><strong>quibus</strong></span> <span class='ocrx_word' id='word_1_190' title='bbox 1145 2897 1430 2976; x_wconf 79' lang='lat' dir='ltr'><strong>venae-sectiones,</strong></span> 
     </span>
     <span class='ocr_line' id='line_1_24' title="bbox 331 3000 1430 3085; baseline 0.001 -22"><span class='ocrx_word' id='word_1_191' title='bbox 331 3001 570 3083; x_wconf 87' lang='lat' dir='ltr'><strong>quantumlibet</strong></span> <span class='ocrx_word' id='word_1_192' title='bbox 598 3001 764 3084; x_wconf 88' lang='lat' dir='ltr'><strong>repetitae,</strong></span> <span class='ocrx_word' id='word_1_193' title='bbox 795 3000 981 3080; x_wconf 84' lang='lat' dir='ltr'><strong>cathartica,</strong></span> <span class='ocrx_word' id='word_1_194' title='bbox 1012 3001 1120 3065; x_wconf 88' lang='lat' dir='ltr'><strong>diaeta</strong></span> <span class='ocrx_word' id='word_1_195' title='bbox 1146 3001 1260 3080; x_wconf 83' lang='lat' dir='ltr'><strong>lactea,</strong></span> <span class='ocrx_word' id='word_1_196' title='bbox 1283 3000 1430 3085; x_wconf 85' lang='lat' dir='ltr'><strong>pulveres</strong></span> 
     </span>
     <span class='ocr_line' id='line_1_25' title="bbox 330 3103 1366 3188; baseline 0.002 -23"><span class='ocrx_word' id='word_1_197' title='bbox 330 3104 470 3182; x_wconf 87' lang='lat' dir='ltr'><strong>testaoei,</strong></span> <span class='ocrx_word' id='word_1_198' title='bbox 486 3111 559 3183; x_wconf 84' lang='lat' dir='ltr'><strong>etc,</strong></span> <span class='ocrx_word' id='word_1_199' title='bbox 574 3125 617 3168; x_wconf 91' lang='lat' dir='ltr'><strong>ne</strong></span> <span class='ocrx_word' id='word_1_200' title='bbox 632 3103 735 3166; x_wconf 92' lang='lat' dir='ltr'><strong>hilum</strong></span> <span class='ocrx_word' id='word_1_201' title='bbox 748 3104 961 3188; x_wconf 87' lang='lat' dir='ltr'><strong>profecerunt.</strong></span> <span class='ocrx_word' id='word_1_202' title='bbox 1005 3105 1115 3188; x_wconf 88' lang='lat' dir='ltr'><strong>Atque</strong></span> <span class='ocrx_word' id='word_1_203' title='bbox 1129 3104 1210 3168; x_wconf 86' lang='lat' dir='ltr'><strong>haec</strong></span> <span class='ocrx_word' id='word_1_204' title='bbox 1223 3111 1299 3168; x_wconf 88' lang='lat' dir='ltr'><strong>sunt</strong></span> <span class='ocrx_word' id='word_1_205' title='bbox 1311 3129 1366 3167; x_wconf 83' lang='lat'><strong>:-</strong></span> 
     </span>
    </p>
   </div>
   <div class='ocr_carea' id='block_1_6' title="bbox 331 3235 1428 3746">
    <p class='ocr_par' dir='ltr' id='par_1_18' title="bbox 331 3235 1428 3746">
     <span class='ocr_line' id='line_1_26' title="bbox 331 3235 1393 3316; baseline 0.001 -25"><span class='ocrx_word' id='word_1_206' title='bbox 331 3239 431 3307; x_wconf 78' lang='lat' dir='ltr'><strong>[Form.</strong></span> <span class='ocrx_word' id='word_1_207' title='bbox 444 3243 515 3308; x_wconf 69' lang='lat' dir='ltr'><strong>tl.]h</strong></span> <span class='ocrx_word' id='word_1_208' title='bbox 551 3235 582 3316; x_wconf 70' lang='lat' dir='ltr'>R</span> <span class='ocrx_word' id='word_1_209' title='bbox 596 3239 744 3293; x_wconf 70' lang='lat' dir='ltr'><strong>Consertae</strong></span> <span class='ocrx_word' id='word_1_210' title='bbox 757 3239 926 3294; x_wconf 87' lang='lat' dir='ltr'><strong>Cochleariee</strong></span> <span class='ocrx_word' id='word_1_211' title='bbox 938 3239 1081 3294; x_wconf 86' lang='lat' dir='ltr'><strong>Hortensis</strong></span> <span class='ocrx_word' id='word_1_212' title='bbox 1091 3240 1203 3294; x_wconf 87' lang='lat' dir='ltr'><strong>recentis</strong></span> <span class='ocrx_word' id='word_1_213' title='bbox 1214 3240 1307 3294; x_wconf 86' lang='lat' dir='ltr'><strong>uncias</strong></span> <span class='ocrx_word' id='word_1_214' title='bbox 1319 3237 1393 3305; x_wconf 85' lang='lat' dir='ltr'><strong>duas,</strong></span> 
     </span>
     <span class='ocr_line' id='line_1_27' title="bbox 596 3323 1117 3396; baseline 0 -16"><span class='ocrx_word' id='word_1_215' title='bbox 596 3323 768 3395; x_wconf 82' lang='lat' dir='ltr'><strong>[Conservae]</strong></span> <span class='ocrx_word' id='word_1_216' title='bbox 783 3325 895 3396; x_wconf 87' lang='lat' dir='ltr'><strong>Lujulae</strong></span> <span class='ocrx_word' id='word_1_217' title='bbox 907 3329 1014 3381; x_wconf 68' lang='lat' dir='ltr'><strong>undam</strong></span> <span class='ocrx_word' id='word_1_218' title='bbox 1026 3343 1117 3392; x_wconf 84' lang='lat' dir='ltr'><strong>anam,</strong></span> 
     </span>
     <span class='ocr_line' id='line_1_28' title="bbox 593 3415 1157 3486; baseline 0.002 -18"><span class='ocrx_word' id='word_1_219' title='bbox 593 3415 715 3470; x_wconf 83' lang='lat' dir='ltr'><strong>Pulveris</strong></span> <span class='ocrx_word' id='word_1_220' title='bbox 727 3417 773 3468; x_wconf 81' lang='lat' dir='ltr'><strong>Ari</strong></span> <span class='ocrx_word' id='word_1_221' title='bbox 786 3416 936 3486; x_wconf 85' lang='lat' dir='ltr'><strong>Compositi</strong></span> <span class='ocrx_word' id='word_1_222' title='bbox 949 3415 1089 3469; x_wconf 85' lang='lat' dir='ltr'><strong>drachmas</strong></span> <span class='ocrx_word' id='word_1_223' title='bbox 1101 3433 1157 3481; x_wconf 84' lang='lat' dir='ltr'><strong>sex,</strong></span> 
     </span>
     <span class='ocr_line' id='line_1_29' title="bbox 592 3502 1302 3574; baseline 0 -18"><span class='ocrx_word' id='word_1_224' title='bbox 592 3519 654 3556; x_wconf 89' lang='lat' dir='ltr'><strong>cum</strong></span> <span class='ocrx_word' id='word_1_225' title='bbox 666 3503 812 3556; x_wconf 85' lang='lat' dir='ltr'><strong>sufficiente</strong></span> <span class='ocrx_word' id='word_1_226' title='bbox 825 3504 976 3572; x_wconf 81' lang='lat' dir='ltr'><strong>quantitate</strong></span> <span class='ocrx_word' id='word_1_227' title='bbox 988 3503 1084 3574; x_wconf 80' lang='lat' dir='ltr'><strong>Syrupi</strong></span> <span class='ocrx_word' id='word_1_228' title='bbox 1095 3502 1302 3566; x_wconf 67' lang='lat' dir='ltr'><strong>humatorum,</strong></span> 
     </span>
     <span class='ocr_line' id='line_1_30' title="bbox 470 3587 1428 3659; baseline 0.002 -19"><span class='ocrx_word' id='word_1_229' title='bbox 470 3588 532 3642; x_wconf 87' lang='lat' dir='ltr'><strong>Fiat</strong></span> <span class='ocrx_word' id='word_1_230' title='bbox 543 3589 730 3644; x_wconf 78' lang='lat' dir='ltr'><strong>electuarium:</strong></span> <span class='ocrx_word' id='word_1_231' title='bbox 752 3590 842 3658; x_wconf 85' lang='lat' dir='ltr'><strong>capiat</strong></span> <span class='ocrx_word' id='word_1_232' title='bbox 858 3587 998 3642; x_wconf 84' lang='lat' dir='ltr'><strong>drachmas</strong></span> <span class='ocrx_word' id='word_1_233' title='bbox 1011 3590 1078 3644; x_wconf 89' lang='lat' dir='ltr'><strong>duas</strong></span> <span class='ocrx_word' id='word_1_234' title='bbox 1094 3597 1134 3644; x_wconf 85' lang='lat' dir='ltr'><strong>ter</strong></span> <span class='ocrx_word' id='word_1_235' title='bbox 1148 3590 1177 3642; x_wconf 89' lang='lat' dir='ltr'><strong>iu</strong></span> <span class='ocrx_word' id='word_1_236' title='bbox 1189 3588 1232 3644; x_wconf 87' lang='lat' dir='ltr'><strong>die</strong></span> <span class='ocrx_word' id='word_1_237' title='bbox 1249 3606 1428 3659; x_wconf 85' lang='lat' dir='ltr'><strong>permensem</strong></span> 
     </span>
     <span class='ocr_line' id='line_1_31' title="bbox 469 3675 1281 3746; baseline 0.002 -19"><span class='ocrx_word' id='word_1_238' title='bbox 469 3675 612 3746; x_wconf 76' lang='lat' dir='ltr'><strong>integrum,</strong></span> <span class='ocrx_word' id='word_1_239' title='bbox 624 3675 816 3746; x_wconf 89' lang='lat' dir='ltr'><strong>superbibendo</strong></span> <span class='ocrx_word' id='word_1_240' title='bbox 828 3692 914 3746; x_wconf 87' lang='lat' dir='ltr'><strong>aquae</strong></span> <span class='ocrx_word' id='word_1_241' title='bbox 927 3677 1061 3745; x_wconf 87' lang='lat' dir='ltr'><strong>sequentis</strong></span> <span class='ocrx_word' id='word_1_242' title='bbox 1073 3677 1166 3729; x_wconf 72' lang='lat' dir='ltr'><strong>unche</strong></span> <span class='ocrx_word' id='word_1_243' title='bbox 1177 3686 1229 3729; x_wconf 88' lang='lat' dir='ltr'><strong>tres</strong></span> <span class='ocrx_word' id='word_1_244' title='bbox 1238 3698 1281 3728; x_wconf 91' lang='lat'><strong>:-</strong></span> 
     </span>
    </p>
   </div>
   <div class='ocr_carea' id='block_1_7' title="bbox 332 3767 1429 4622">
    <p class='ocr_par' dir='ltr' id='par_1_19' title="bbox 332 3767 1429 4622">
     <span class='ocr_line' id='line_1_32' title="bbox 332 3767 1337 3848; baseline 0.006 -28"><span class='ocrx_word' id='word_1_245' title='bbox 332 3767 431 3832; x_wconf 84' lang='lat' dir='ltr'><strong>[Form.</strong></span> <span class='ocrx_word' id='word_1_246' title='bbox 444 3769 510 3834; x_wconf 75' lang='lat'>42.]¹</span> <span class='ocrx_word' id='word_1_247' title='bbox 546 3767 577 3848; x_wconf 73' lang='lat' dir='ltr'>R</span> <span class='ocrx_word' id='word_1_248' title='bbox 596 3767 756 3841; x_wconf 87' lang='lat' dir='ltr'><strong>[Foliorum]</strong></span> <span class='ocrx_word' id='word_1_249' title='bbox 772 3771 943 3824; x_wconf 88' lang='lat' dir='ltr'><strong>Cochleariae</strong></span> <span class='ocrx_word' id='word_1_250' title='bbox 956 3771 1098 3825; x_wconf 85' lang='lat' dir='ltr'><strong>Hortensis</strong></span> <span class='ocrx_word' id='word_1_251' title='bbox 1109 3771 1259 3843; x_wconf 89' lang='lat' dir='ltr'><strong>manipulos</strong></span> <span class='ocrx_word' id='word_1_252' title='bbox 1269 3781 1337 3836; x_wconf 82' lang='lat' dir='ltr'><strong>octo,</strong></span> 
     </span>
     <span class='ocr_line' id='line_1_33' title="bbox 594 3857 973 3928; baseline 0.005 -18"><span class='ocrx_word' id='word_1_253' title='bbox 594 3857 755 3926; x_wconf 87' lang='lat' dir='ltr'><strong>[Foliorum]</strong></span> <span class='ocrx_word' id='word_1_254' title='bbox 770 3857 973 3928; x_wconf 80' lang='lat' dir='ltr'><strong>Beccebungne‚</strong></span> 
     </span>
     <span class='ocr_line' id='line_1_34' title="bbox 594 3942 1046 4014; baseline 0.002 -18"><span class='ocrx_word' id='word_1_255' title='bbox 594 3942 755 4014; x_wconf 87' lang='lat' dir='ltr'><strong>[Foliorum]</strong></span> <span class='ocrx_word' id='word_1_256' title='bbox 770 3943 901 3998; x_wconf 83' lang='lat' dir='ltr'><strong>Nasturtii</strong></span> <span class='ocrx_word' id='word_1_257' title='bbox 912 3945 1046 4014; x_wconf 83' lang='lat' dir='ltr'><strong>Aquatici,</strong></span> 
     </span>
     <span class='ocr_line' id='line_1_35' title="bbox 597 4031 892 4104; baseline 0 -18"><span class='ocrx_word' id='word_1_258' title='bbox 597 4031 756 4104; x_wconf 90' lang='lat' dir='ltr'><strong>[Foliorum]</strong></span> <span class='ocrx_word' id='word_1_259' title='bbox 779 4033 892 4099; x_wconf 77' lang='lat' dir='ltr'><strong>Salviae,</strong></span> 
     </span>
     <span class='ocr_line' id='line_1_36' title="bbox 595 4119 1268 4191; baseline -0.001 -17"><span class='ocrx_word' id='word_1_260' title='bbox 595 4119 755 4191; x_wconf 87' lang='lat' dir='ltr'><strong>[Foliorum]</strong></span> <span class='ocrx_word' id='word_1_261' title='bbox 771 4119 908 4183; x_wconf 81' lang='lat' dir='ltr'><strong>Mentbae,</strong></span> <span class='ocrx_word' id='word_1_262' title='bbox 920 4137 973 4174; x_wconf 85' lang='lat' dir='ltr'><strong>ana</strong></span> <span class='ocrx_word' id='word_1_263' title='bbox 984 4120 1134 4190; x_wconf 85' lang='lat' dir='ltr'><strong>manipulos</strong></span> <span class='ocrx_word' id='word_1_264' title='bbox 1145 4131 1268 4191; x_wconf 84' lang='lat' dir='ltr'><strong>quatuor,</strong></span> 
     </span>
     <span class='ocr_line' id='line_1_37' title="bbox 592 4207 977 4270; baseline -0.005 -10"><span class='ocrx_word' id='word_1_265' title='bbox 592 4208 710 4260; x_wconf 71' lang='lat' dir='ltr'><strong>cortices</strong></span> <span class='ocrx_word' id='word_1_266' title='bbox 721 4207 909 4260; x_wconf 79' lang='lat' dir='ltr'><strong>Amantiorum</strong></span> <span class='ocrx_word' id='word_1_267' title='bbox 922 4223 977 4270; x_wconf 86' lang='lat' dir='ltr'><strong>sex,</strong></span> 
     </span>
     <span class='ocr_line' id='line_1_38' title="bbox 593 4292 1176 4358; baseline 0.002 -12"><span class='ocrx_word' id='word_1_268' title='bbox 593 4294 620 4346; x_wconf 94' lang='lat' dir='ltr'>N</span> <span class='ocrx_word' id='word_1_269' title='bbox 623 4295 678 4346; x_wconf 90' lang='lat' dir='ltr'><strong>ucis</strong></span> <span class='ocrx_word' id='word_1_270' title='bbox 690 4292 847 4346; x_wconf 85' lang='lat' dir='ltr'><strong>Moschatac</strong></span> <span class='ocrx_word' id='word_1_271' title='bbox 858 4302 986 4346; x_wconf 85' lang='lat' dir='ltr'><strong>contusae</strong></span> <span class='ocrx_word' id='word_1_272' title='bbox 998 4294 1159 4347; x_wconf 86' lang='lat' dir='ltr'><strong>semunciam</strong></span> <span class='ocrx_word' id='word_1_273' title='bbox 1169 4315 1176 4358; x_wconf 69' lang='grc' dir='ltr'><strong>ς</strong></span> 
     </span>
     <span class='ocr_line' id='line_1_39' title="bbox 471 4377 1429 4445; baseline 0.002 -14"><span class='ocrx_word' id='word_1_274' title='bbox 471 4377 652 4432; x_wconf 73' lang='lat' dir='ltr'><strong>intrudantur</strong></span> <span class='ocrx_word' id='word_1_275' title='bbox 662 4381 690 4432; x_wconf 91' lang='lat' dir='ltr'><strong>in</strong></span> <span class='ocrx_word' id='word_1_276' title='bbox 703 4380 850 4433; x_wconf 80' lang='lat' dir='ltr'><strong>Cererisiae</strong></span> <span class='ocrx_word' id='word_1_277' title='bbox 867 4379 1068 4432; x_wconf 82' lang='lat' dir='ltr'><strong>Bruussicensis</strong></span> <span class='ocrx_word' id='word_1_278' title='bbox 1082 4380 1162 4433; x_wconf 86' lang='lat' dir='ltr'><strong>libras</strong></span> <span class='ocrx_word' id='word_1_279' title='bbox 1173 4378 1321 4445; x_wconf 88' lang='lat' dir='ltr'><strong>duodecim,</strong></span> <span class='ocrx_word' id='word_1_280' title='bbox 1333 4398 1364 4434; x_wconf 83' lang='lat' dir='ltr'><strong>sc</strong></span> <span class='ocrx_word' id='word_1_281' title='bbox 1377 4381 1429 4435; x_wconf 83' lang='lat' dir='ltr'><strong>dis·</strong></span> 
     </span>
     <span class='ocr_line' id='line_1_40' title="bbox 470 4465 1429 4537; baseline 0.003 -19"><span class='ocrx_word' id='word_1_282' title='bbox 470 4466 588 4518; x_wconf 85' lang='lat' dir='ltr'><strong>tillentur</strong></span> <span class='ocrx_word' id='word_1_283' title='bbox 606 4469 713 4537; x_wconf 88' lang='lat' dir='ltr'><strong>organis</strong></span> <span class='ocrx_word' id='word_1_284' title='bbox 730 4466 924 4529; x_wconf 86' lang='lat' dir='ltr'><strong>communibus,</strong></span> <span class='ocrx_word' id='word_1_285' title='bbox 941 4474 969 4519; x_wconf 85' lang='lat' dir='ltr'><strong>et</strong></span> <span class='ocrx_word' id='word_1_286' title='bbox 986 4465 1125 4519; x_wconf 86' lang='lat' dir='ltr'><strong>eliciantur</strong></span> <span class='ocrx_word' id='word_1_287' title='bbox 1142 4466 1327 4521; x_wconf 86' lang='lat' dir='ltr'><strong>tantummodo</strong></span> <span class='ocrx_word' id='word_1_288' title='bbox 1344 4484 1429 4537; x_wconf 82' lang='lat' dir='ltr'><strong>aquae</strong></span> 
     </span>
     <span class='ocr_line' id='line_1_41' title="bbox 469 4551 739 4622; baseline 0.007 -19"><span class='ocrx_word' id='word_1_289' title='bbox 469 4551 551 4604; x_wconf 86' lang='lat' dir='ltr'><strong>librae</strong></span> <span class='ocrx_word' id='word_1_290' title='bbox 563 4569 608 4605; x_wconf 84' lang='lat' dir='ltr'><strong>sex</strong></span> <span class='ocrx_word' id='word_1_291' title='bbox 621 4569 668 4622; x_wconf 90' lang='lat' dir='ltr'><strong>pro</strong></span> <span class='ocrx_word' id='word_1_292' title='bbox 681 4571 739 4607; x_wconf 84' lang='lat' dir='ltr'><strong>usu.</strong></span> 
     </span>
    </p>
   </div>
   <div class='ocr_carea' id='block_1_8' title="bbox 329 4638 1429 4808">
    <p class='ocr_par' dir='ltr' id='par_1_20' title="bbox 329 4638 1429 4808">
     <span class='ocr_line' id='line_1_42' title="bbox 372 4638 1429 4724; baseline 0.006 -24"><span class='ocrx_word' id='word_1_293' title='bbox 372 4638 475 4721; x_wconf 91' lang='lat' dir='ltr'><strong>Atqui</strong></span> <span class='ocrx_word' id='word_1_294' title='bbox 490 4639 632 4722; x_wconf 88' lang='lat' dir='ltr'><strong>praecisa</strong></span> <span class='ocrx_word' id='word_1_295' title='bbox 647 4639 730 4704; x_wconf 84' lang='lat' dir='ltr'><strong>dosis</strong></span> <span class='ocrx_word' id='word_1_296' title='bbox 750 4640 887 4724; x_wconf 89' lang='lat' dir='ltr'><strong>pulveris</strong></span> <span class='ocrx_word' id='word_1_297' title='bbox 910 4640 957 4702; x_wconf 88' lang='lat' dir='ltr'><strong>ari</strong></span> <span class='ocrx_word' id='word_1_298' title='bbox 976 4639 1143 4721; x_wconf 88' lang='lat' dir='ltr'><strong>compositi</strong></span> <span class='ocrx_word' id='word_1_299' title='bbox 1162 4639 1355 4721; x_wconf 86' lang='lat' dir='ltr'><strong>observetur,</strong></span> <span class='ocrx_word' id='word_1_300' title='bbox 1371 4649 1429 4706; x_wconf 87' lang='lat' dir='ltr'><strong>aut</strong></span> 
     </span>
     <span class='ocr_line' id='line_1_43' title="bbox 329 4740 844 4808; baseline 0.012 -7"><span class='ocrx_word' id='word_1_301' title='bbox 329 4740 444 4804; x_wconf 88' lang='lat' dir='ltr'><strong>saltem</strong></span> <span class='ocrx_word' id='word_1_302' title='bbox 460 4742 571 4805; x_wconf 90' lang='lat' dir='ltr'><strong>eadem</strong></span> <span class='ocrx_word' id='word_1_303' title='bbox 587 4765 653 4807; x_wconf 92' lang='lat' dir='ltr'><strong>non</strong></span> <span class='ocrx_word' id='word_1_304' title='bbox 668 4744 844 4808; x_wconf 89' lang='lat' dir='ltr'><strong>minuatur.</strong></span> 
     </span>
    </p>
   </div>
   <div class='ocr_carea' id='block_1_9' title="bbox 361 4876 1396 4940">
    <p class='ocr_par' dir='ltr' id='par_1_21' title="bbox 361 4876 1396 4940">
     <span class='ocr_line' id='line_1_44' title="bbox 361 4876 1396 4940; baseline 0.004 -16"><span class='ocrx_word' id='word_1_305' title='bbox 361 4889 374 4919; x_wconf 72' lang='lat' dir='ltr'><strong>t</strong></span> <span class='ocrx_word' id='word_1_306' title='bbox 391 4878 428 4926; x_wconf 81' lang='lat' dir='ltr'><strong>Cf.</strong></span> <span class='ocrx_word' id='word_1_307' title='bbox 444 4881 517 4938; x_wconf 74' lang='lat' dir='ltr'><strong>Epist.</strong></span> <span class='ocrx_word' id='word_1_308' title='bbox 528 4880 634 4940; x_wconf 74' lang='lat' dir='ltr'><strong>limpore.</strong></span> <span class='ocrx_word' id='word_1_309' title='bbox 648 4882 666 4928; x_wconf 89' lang='lat'><strong>1.</strong></span> <span class='ocrx_word' id='word_1_310' title='bbox 680 4884 691 4940; x_wconf 82' lang='lat'>§</span> <span class='ocrx_word' id='word_1_311' title='bbox 705 4883 740 4928; x_wconf 77' lang='lat'><strong>1³.</strong></span> <span class='ocrx_word' id='word_1_312' title='bbox 814 4877 824 4910; x_wconf 74' lang='lat'><strong>&#39;¹</strong></span> <span class='ocrx_word' id='word_1_313' title='bbox 843 4881 880 4929; x_wconf 87' lang='lat' dir='ltr'><strong>Cl.</strong></span> <span class='ocrx_word' id='word_1_314' title='bbox 893 4881 963 4930; x_wconf 78' lang='lat' dir='ltr'><strong>sonu.</strong></span> <span class='ocrx_word' id='word_1_315' title='bbox 978 4882 1031 4927; x_wconf 79' lang='lat'><strong>261.</strong></span> <span class='ocrx_word' id='word_1_316' title='bbox 1105 4876 1112 4910; x_wconf 84' lang='lat'><strong>¹</strong></span> <span class='ocrx_word' id='word_1_317' title='bbox 1127 4882 1165 4929; x_wconf 80' lang='lat' dir='ltr'><strong>cf.</strong></span> <span class='ocrx_word' id='word_1_318' title='bbox 1178 4882 1272 4929; x_wconf 71' lang='lat' dir='ltr'><strong>somam.</strong></span> <span class='ocrx_word' id='word_1_319' title='bbox 1285 4882 1324 4937; x_wconf 69' lang='lat'><strong>94,</strong></span> <span class='ocrx_word' id='word_1_320' title='bbox 1338 4882 1396 4931; x_wconf 71' lang='lat'><strong>267,</strong></span> 
     </span>
    </p>
   </div>
   <div class='ocr_carea' id='block_1_10' title="bbox 0 0 1918 5759">
    <p class='ocr_par' dir='ltr' id='par_1_22' title="bbox 0 0 1918 5759">
     <span class='ocr_line' id='line_1_45' title="bbox 0 0 1918 5759; baseline 0 1"><span class='ocrx_word' id='word_1_321' title='bbox 0 0 1918 5759; x_wconf 95' lang='lat' dir='ltr'><strong> </strong></span> 
     </span>
    </p>
   </div>
  </div>
 </body>
</html>
