3825 5759
305 1350 429 1402 Describi-

305 1426 345 1465 tur
356 1417 433 1464 morbi

451 573 527 642 262⁴
756 569 950 634 ΤΗΟΜΑΕ
975 562 1234 633 SYDENHAM

903 756 1000 821 CAP.
1023 755 1105 820 VI!
1233 785 1237 792 ·

822 893 930 957 Febris
950 895 1196 976 Eryeipelotoso.

499 1035 653 1102 Nuansu
675 1054 743 1099 non
765 1033 905 1117 corporis
926 1039 1062 1116 partem,
1081 1033 1179 1116 idque
1200 1033 1291 1099 nullo
1312 1055 1381 1099 non
1402 1040 1559 1120 tempore,

456 1137 588 1206 incessit
610 1137 664 1202 bic
686 1135 827 1214 morbus,
851 1141 888 1198 at
906 1155 984 1218 prae
1004 1135 1135 1219 reliquis
1156 1136 1281 1216 faciem,
1303 1144 1442 1202 exeunte
1467 1159 1559 1222 prae-

458 1242 569 1310 sertim
584 1247 706 1306 aestate
716 1265 728 1316 3
750 1261 814 1323 quo
843 1245 990 1322 ternpore
1018 1239 1213 1322 saepedum
1239 1240 1299 1305 sub
1324 1241 1378 1305 dio
1404 1250 1560 1320 versatur,

459 1345 630 1428 corripitur
651 1363 755 1426 aeger.
800 1341 910 1406 Facies
932 1341 1090 1425 siquidem
1104 1362 1144 1406 ex
1157 1342 1329 1426 improviso
1342 1344 1380 1408 in
1398 1351 1560 1409 tumorem

306 1481 446 1544 mim,
459 1448 627 1526 attollitur,
644 1447 699 1530 qui
721 1445 827 1510 subito
847 1465 978 1510 exorsus
992 1465 1066 1508 cum
1086 1445 1194 1510 dolore
1214 1446 1395 1530 roboreque
1415 1447 1560 1525 summis,

459 1551 559 1616 denso
592 1550 799 1614 minimarum
834 1549 1039 1632 pustularum
1074 1548 1188 1612 ordine
1217 1549 1437 1632 distinguitur,
1467 1571 1560 1634 quae,

305 1546 406 1594 tissima

459 1661 555 1718 aucta
576 1653 679 1736 magis
701 1651 966 1730 inflammatione,
984 1651 1020 1714 in
1040 1651 1195 1716 vesiculas
1217 1651 1355 1716 subinde
1376 1653 1560 1718 facessunt:

458 1757 535 1826 hinc
549 1777 606 1840 per
620 1755 760 1819 frontem
779 1755 947 1838 ipsumque
963 1761 1060 1838 caput
1074 1754 1171 1817 latius
1186 1755 1294 1838 serpit,
1310 1755 1410 1819 oculis
1429 1755 1563 1818 interim

459 1859 595 1924 tumoris
609 1857 835 1941 magnitudine
850 1857 944 1940 plane
960 1856 1095 1936 obrutis,
1114 1858 1253 1940 (nausis
1267 1859 1425 1941 ryderatio
1444 1857 1559 1938 audit)

460 1982 565 2045 neque
587 1961 727 2023 multum
749 1958 891 2042 profecto
914 1958 1049 2039 abludit,
1072 1961 1135 2024 nisi
1156 1960 1241 2043 quod
1261 1961 1381 2025 adsunt
1401 1960 1560 2044 pustulae,

461 2064 502 2128 ab
520 2063 560 2126 iis
578 2061 801 2147 symptomatis
821 2082 903 2145 quae
921 2062 1045 2126 inflicta
1063 2063 1104 2126 ab
1123 2085 1221 2147 apum
1237 2083 1468 2146 vesparumque
1487 2082 1562 2126 acu·

461 2166 520 2233 leis
544 2165 741 2230 comitantur
766 2164 911 2228 vuhrera.
955 2165 1029 2229 Hoc
1052 2187 1086 2230 se
1109 2165 1208 2231 habet
1233 2166 1330 2230 modo
1352 2164 1562 2249 Erysipelatis

329 2327 334 2334 .
461 2269 631 2334 notissima
645 2267 764 2352 species
780 2288 817 2331 ac
831 2267 982 2353 vulgaris.

315 3415 438 3491 Describi-

315 3490 455 3543 turspecres

314 3545 363 3594 alia
373 3545 450 3592 rarius

314 3623 450 3658 occurren!-

320 4555 452 4600 Cuaarro.

321 4627 433 4718 'Curatio-

319 4717 446 4757 nratenanr

512 2371 572 2455 [2.]
600 2371 647 2434 At
667 2391 752 2448 vero,
775 2390 1000 2454 quamcunque
1029 2371 1169 2455 corporis
1203 2379 1329 2454 partem
1357 2371 1420 2436 hoc
1448 2369 1564 2434 vitium

464 2474 633 2554 obsederit,
657 2481 695 2538 ut
720 2475 819 2538 etiam
849 2495 1041 2558 quocunque
1066 2475 1145 2538 aunl
1174 2483 1329 2558 tempore,
1350 2475 1439 2557 rigor
1467 2482 1565 2557 atque

464 2579 586 2657 horror,
616 2578 678 2642 nisi
707 2577 947 2661 praecesserint,
974 2578 1073 2662 (quod
1100 2599 1335 2662 nonnunquam
1364 2577 1477 2662 pridie,
1506 2584 1565 2642 aut

463 2681 583 2748 nudius
603 2681 727 2760 tertius,
751 2682 833 2746 solet
858 2679 1069 2764 contingere)
1094 2680 1172 2744 huic
1197 2702 1231 2744 se
1256 2678 1504 2743 inflammationi
1526 2687 1565 2742 ut

463 2785 639 2868 plurimum
668 2784 864 2870 adjungunt,
887 2785 957 2848 sitis
982 2784 1125 2868 insuper,
1148 2783 1348 2866 inquietudo,
1376 2803 1413 2846 ac
1442 2782 1567 2865 reliqua

464 2887 602 2964 febrium
616 2888 744 2953 indicia.
790 2889 990 2958 Procedente
1004 2887 1126 2965 morbo,
1141 2887 1192 2950 uti
1208 2887 1349 2970 primurn
1363 2885 1462 2950 febris
1477 2885 1565 2949 dolo·

464 3012 545 3071 reru,
562 2998 732 3068 tumorem,
755 2999 851 3075 atque
873 2993 942 3065 alia¹
960 2991 1085 3075 peperit
1108 2996 1333 3074 symptomata,
1360 3009 1442 3072 quae
1461 2988 1566 3052 indies

465 3095 721 3177 ingravescentia
745 3115 982 3178 nonnunquam
1003 3094 1039 3157 in
1060 3113 1246 3177 gangraena
1266 3093 1494 3170 terminantur,
1519 3090 1567 3154 ita

465 3196 545 3260 haec
564 3197 701 3260 invicem
720 3197 808 3260 haud
827 3198 1021 3261 mediocrem
1039 3197 1081 3261 ad
1101 3197 1200 3261 febris
1224 3203 1437 3279 augmentum
1458 3193 1566 3258 confe-

466 3308 545 3362 runt
560 3319 699 3383 operam,
715 3299 818 3364 donec
831 3299 981 3363 remediis
995 3299 1120 3363 idoneis
1134 3305 1271 3382 utraque
1285 3299 1541 3382 restinguantur.

516 3403 577 3488 [3.]
604 3405 664 3468 Est
684 3411 717 3468 et
739 3404 802 3467 alia
816 3403 949 3488 hujusce
970 3403 1075 3467 morbi
1096 3404 1225 3487 species,
1241 3403 1316 3467 licet
1337 3403 1441 3466 rarius
1458 3423 1567 3466 oecur-

468 3527 560 3572 rens:
597 3508 677 3572 baec
707 3507 849 3590 quolibet
879 3508 957 3572 anni
986 3514 1131 3593 tempore
1160 3507 1293 3586 invadit,
1320 3507 1418 3591 idque
1442 3506 1504 3570 hac
1529 3511 1567 3568 ut

468 3611 644 3695 plurimum
665 3609 836 3697 προφάσει,
861 3611 946 3696 quod
969 3612 1090 3676 scilicet
1113 3633 1208 3694 aeger
1228 3611 1376 3675 vinorum
1398 3608 1567 3672 subtilium

468 3714 572 3796 magis
591 3714 757 3796 magisque
777 3714 1018 3778 attenuantium
1037 3713 1196 3799 potationi
1215 3713 1312 3798 paulo
1333 3711 1496 3776 liberalius
1517 3710 1566 3772 in-

469 3816 613 3895 dulserit,
639 3823 695 3880 aut
723 3815 856 3900 liquoris
886 3817 998 3880 similis
1027 3817 1201 3900 spirituosi.
1245 3815 1454 3892 Febriculam,
1486 3831 1567 3895 quae

470 3939 587 4002 agmen
611 3919 710 3998 ducit,
734 3941 808 3983 mox
835 3919 952 4003 exeipit
982 3921 1185 4002 pustularum
1211 3941 1270 4004 per
1294 3920 1479 3982 universum
1502 3915 1568 3979 fere

470 4043 584 4105 corpus
607 4022 742 4106 eruptio,
764 4043 845 4104 quae
867 4021 1044 4086 urticarum
1066 4030 1243 4105 puncturas
1264 4023 1419 4100 referunt,
1437 4027 1471 4084 et
1487 4040 1569 4083 non·

469 4147 638 4210 nunquam
653 4126 688 4188 in
706 4125 860 4189 vesiculas
883 4125 1078 4188 attolluntur
1088 4151 1098 4204 ς
1120 4147 1196 4190 mox
1212 4125 1398 4189 recedentes
1419 4121 1570 4187 tubercu-

470 4229 575 4293 lorum
595 4249 684 4292 more
704 4227 764 4292 sub
782 4234 856 4292 cute
875 4249 909 4292 se
929 4227 1074 4291 condunt
1093 4249 1168 4292 cum
1185 4229 1313 4311 pruritu
1332 4226 1572 4291 mordacissimo

471 4315 504 4396 et
519 4331 569 4394 vix
590 4330 768 4408 tolerando,
784 4337 827 4409 at,
844 4330 971 4414 quoties
990 4331 1183 4394 levissimam
1205 4329 1401 4413 sculpturam
1420 4327 1572 4404 subeunt,

472 4455 600 4496 rursum
615 4440 780 4516 apparent.

522 4535 582 4617 [4.]
613 4535 675 4598 Hic
702 4556 762 4617 ego
789 4536 957 4599 materiam
987 4541 1173 4619 peccantem
1200 4534 1352 4619 sanguini
1380 4533 1574 4618 permixtam

472 4637 534 4701 rite
557 4637 783 4714 evacuandam,
811 4638 1018 4720 ejusdemque
1039 4638 1206 4719 sanguinis
1226 4638 1450 4702 ebullitionem
1474 4657 1575 4700 reme-

509 4819 513 4826 ,
634 4761 641 4802 l
660 4764 735 4812 Deest
746 4765 789 4812 boe
801 4779 853 4827 cap.
865 4765 891 4813 iu
902 4765 954 4812 edd.
969 4767 1016 4822 ⁹66,
1029 4767 1076 4814 ⁹68.
1111 4766 1150 4813 Cs.
1161 4768 1263 4816 erma.
1273 4769 1322 4817 lat.
1334 4783 1355 4816 c.
1370 4768 1409 4815 11.
