3825 5759
532 649 830 722 DISSERTATIO
852 657 1164 727 EPISTOLARIS.
1341 669 1407 730 839

297 802 414 885 Wlffflfl
439 811 605 889 momenti,
629 819 701 878 tum
727 815 938 903 etiam0apud
962 821 1072 888 minus
1096 823 1158 888 hac
1182 823 1219 888 in
1243 825 1403 908 palaestra
1416 843 1554 895 osvin.

298 904 507 985 ⁸¹0r⁰5l8t0⁸3
535 931 614 992 quos
631 913 756 996 judiees
776 920 935 1002 appellare
955 923 1036 988 solet
1056 924 1171 1008 vulgus
1186 926 1389 993 Medicorum
1412 925 1473 959 ω’
1485 913 1555 960 ⁰⁰*

1389 978 1400 1009 ²
1428 989 1540 1027 rauaur.

298 1013 464 1071 uteorum
481 1011 678 1080 authoritate
695 1019 779 1084 male
797 1021 935 1088 fundata
955 1025 1157 1091 theoremata
1175 1030 1399 1110 statuminum,
1412 1073 1555 1130 „„,q„„.

297 1115 412 1190 utpote
430 1133 512 1194 quae
526 1116 639 1199 magis,
655 1125 688 1182 et
703 1121 795 1203 quasi
809 1123 851 1186 ad
865 1127 1029 1205 amussim,
1043 1127 1161 1192 horum
1176 1132 1285 1214 captui
1300 1133 1400 1216 quad-
1412 1138 1459 1181 ¹¹¹¹·

297 1221 381 1292 rent,
402 1237 499 1298 quam
522 1240 603 1302 quae
625 1220 665 1284 ab
687 1222 826 1308 ingeniis
851 1229 1147 1308 penetrantioribus
1167 1240 1296 1297 mature
1322 1244 1401 1300 sunt

299 1318 489 1400 excogitata.
535 1323 632 1388 Unde
655 1327 810 1410 sequitur,
836 1337 885 1408 ut,
912 1351 987 1394 cum
1012 1355 1087 1415 pars
1108 1334 1278 1401 hominum
1302 1339 1400 1423 longe

297 1421 439 1486 maxima
463 1426 613 1490 exteriori
633 1434 763 1494 tantum
784 1451 895 1496 rerum
920 1433 1031 1498 cortici
1055 1438 1302 1521 contemplando
1323 1449 1401 1524 apta

296 1533 376 1589 nata
390 1529 441 1606 sit,
453 1529 637 1612 paucissimi
647 1539 757 1598 autem
768 1534 904 1613 veritati,
916 1535 952 1598 in
966 1537 1127 1618 profundo
1140 1539 1310 1620 latitantih,
1321 1542 1399 1608 inde

297 1632 512 1696 extrahendae
525 1655 618 1716 pares
633 1635 708 1713 siut,
724 1636 813 1700 scioli
829 1637 884 1700 isti
899 1639 964 1702 τῶν
976 1641 1111 1704 πολλῶν
1128 1641 1280 1725 suffragio
1294 1644 1399 1727 adjuti

295 1735 415 1817 primas
436 1735 530 1800 facile
546 1737 663 1816 ferant,
677 1738 713 1804 hi
734 1746 844 1804 autem
861 1739 1107 1823 perspicaciores
1131 1743 1402 1808 calumniantium-

295 1837 521 1902 maledioentia
535 1839 744 1923 excipiantur,

494 1972 609 2026 Πολλοὶί
620 1973 671 2044 γὰρ
685 1971 886 2045 ναρθηκοφόροι,
901 1976 996 2045 παῦροι
1006 1973 1037 2028 δι’
1048 1996 1077 2029 ro
1091 1977 1198 2047 Βάκχοι,

493 2069 543 2134 [be.
556 2073 639 2120 Plures
650 2075 799 2136 thyrsigeroo,
807 2088 894 2134 paucos
904 2080 938 2121 est
950 2091 1042 2123 aarum
1054 2073 1187 2139 Bacchoue]

295 2177 349 2260 qui
363 2183 474 2240 tamen
494 2197 595 2260 aequo
609 2175 643 2240 id
664 2178 772 2241 animo
789 2177 909 2256 fcnmt,
927 2178 1063 2245 veritate
1081 2180 1167 2259 frati,
1182 2189 1216 2246 et
1234 2183 1397 2248 saniorum

297 2282 483 2363 (paucorum
502 2280 599 2362 licet)
622 2301 789 2344 consensu.
841 2280 923 2364 [la]
951 2281 1062 2345 Primo
1082 2281 1193 2366 itaque
1215 2283 1396 2369 objicietur,

294 2384 379 2466 quod
398 2385 481 2448 lecto
500 2383 609 2447 abessa
628 2384 739 2467 primis
756 2382 861 2447 morbi
879 2383 993 2447 diebus
1012 2385 1215 2467 pustularum
1233 2387 1396 2470 eruptioni

293 2486 420 2564 officiet,
436 2493 469 2550 et
487 2507 525 2550 ex
544 2485 754 2570 consequenti
772 2484 1019 2567 aegritudinem,
1035 2487 1161 2570 aliaque
1179 2496 1396 2572 symptomata

294 2587 333 2650 ab
363 2587 518 2670 impedita
543 2587 710 2669 eruptione
738 2586 924 2669 pendentia,
946 2587 982 2649 in
1007 2588 1142 2672 longum
1168 2589 1275 2654 ducet.
1321 2592 1395 2655 Hoc

293 2710 495 2753 rammasse
520 2689 653 2751 minime
678 2709 772 2770 nego,
796 2709 870 2751 cum
897 2689 1094 2770 experientia
1118 2690 1186 2753 fere
1208 2692 1395 2774 quotidiana

294 2789 324 2851 ei
344 2789 547 2870 suffragetur.
592 2787 823 2852 Quaerendum
843 2795 891 2850 est
911 2795 1031 2865 autem,
1049 2790 1107 2852 ubi
1124 2791 1251 2872 gravius
1269 2792 1395 2874 pericu-

293 2890 372 2967 lum,
387 2889 438 2952 vel
453 2890 490 2951 in
509 2888 753 2952 sufflaminanda
770 2889 932 2972 paulisper
950 2891 1086 2952 materia
1102 2891 1279 2970 Variolosa,
1298 2901 1395 2976 atquo

295 3009 334 3055 ea
359 2991 398 3054 de
425 3011 521 3055 causa
542 2989 777 3073 aegritudinem
800 3011 819 3052 a
843 2991 1095 3072 non-eruptione
1119 2991 1316 3075 pendentem
1338 2995 1394 3057 ali-

294 3092 481 3176 quantisper
501 3091 716 3175 protrahendo
725 3115 735 3169 ;
765 3092 815 3154 vel
837 3113 877 3158 ex
898 3091 1000 3155 altera
1018 3100 1110 3175 parte
1130 3093 1228 3156 nimis
1248 3097 1396 3178 urgendo

293 3192 397 3256 morbi
411 3193 617 3271 fermentum,
630 3199 741 3257 ettam
754 3193 917 3276 insignem
932 3194 1086 3259 materiae
1096 3195 1282 3260 Variolosae
1293 3219 1394 3281 quan-

292 3295 420 3358 titatem
440 3295 654 3373 assimilando,
669 3302 707 3358 ut
725 3317 821 3378 aeger
838 3296 879 3359 ad
898 3296 975 3360 Orci
991 3296 1100 3361 fauces
1119 3299 1252 3363 sistam
1269 3301 1394 3367 aschre

292 3398 441 3476 secunda,
457 3398 509 3462 die
523 3396 629 3461 morbi
646 3397 825 3461 undecimo.
873 3397 909 3460 Si
927 3419 997 3462 rem
1010 3407 1098 3463 recte
1114 3401 1339 3484 expendamus,
1354 3405 1392 3469 li-

293 3499 403 3582 quebit
426 3499 572 3582 (opinor,)
588 3499 795 3583 paucissimos
813 3499 886 3564 ideo
904 3499 972 3565 fato
992 3500 1171 3581 defunctos,
1188 3505 1274 3586 quod
1295 3527 1392 3570 exan-

291 3603 437 3668 themata
456 3605 557 3668 scrius
575 3625 672 3688 ocyus
691 3627 758 3668 non
778 3605 1021 3685 efflorescerent,
1037 3606 1101 3670 nisi
1120 3606 1204 3673 forte
1223 3629 1263 3673 ex
1276 3611 1315 3675 iis
1335 3613 1392 3676 ali·

293 3717 381 3792 quot,
401 3731 537 3793 quorum
557 3709 687 3792 sanguis
705 3731 782 3792 prae
798 3709 901 3774 nimia
921 3711 1176 3791 excalefactione,
1194 3719 1287 3778 motu
1305 3716 1392 3780 inor-

291 3812 412 3890 dinato,
436 3812 526 3895 quasi
552 3819 651 3876 oestro
675 3811 824 3896 quodam,
850 3814 1000 3897 percitus,
1026 3815 1180 3879 materiae
1208 3816 1392 3884 morbificae

291 3913 407 3978 leniter
432 3913 648 3978 excernendae
677 3914 781 3978 otium
805 3935 873 3978 uon
898 3915 1114 3994 concedebat;
1148 3916 1235 3999 quod
1263 3937 1284 3980 a
1311 3919 1392 3982 meis

290 4016 435 4100 partibus
460 4016 587 4094 militat,
609 4037 677 4080 nou
706 4023 830 4099 pugnat
855 4037 993 4080 mecum.
1045 4017 1127 4101 [la]
1161 4018 1279 4101 Neque
1304 4020 1391 4083 enim

291 4117 563 4182 extimescendum
588 4125 647 4196 est,
671 4117 759 4200 quin,
782 4117 809 4180 si
833 4118 916 4181 nihil
937 4141 1067 4202 prorsus
1090 4141 1234 4202 agamus,
1256 4122 1393 4185 materia

290 4217 467 4298 Variolosa,
492 4227 568 4283 utut
589 4219 700 4302 primis
721 4219 809 4283 hisce
835 4219 948 4282 diebus
971 4222 1048 4283 hinc
1068 4221 1159 4284 illinc
1179 4222 1390 4300 transvolans,

292 4341 516 4404 quamcunque
530 4321 729 4404 occupaverit
744 4327 878 4403 partem,
894 4321 1019 4403 fatiget,
1039 4321 1138 4402 (unde
1153 4318 1392 4385 vehementiora

289 4423 346 4486 illa
363 4431 586 4507 symptomata,
600 4423 791 4487 vomitiones
811 4441 967 4500 enormes,
983 4421 1117 4493 dolores,
1124 4420 1219 4483 variis
1237 4420 1274 4483 in
1292 4423 1391 4504 parti·

290 4525 360 4604 bus,
373 4533 445 4605 etc,
458 4525 674 4607 enaseuutrm)
692 4524 824 4588 tandem
839 4529 950 4585 tamen
965 4544 985 4585 a
998 4522 1127 4585 victrice
1140 4521 1270 4586 Natura
1284 4523 1390 4589 debel-

290 4626 420 4708 labitur,
439 4635 471 4692 et
490 4629 526 4690 in
548 4627 687 4710 corporis
708 4625 857 4689 habitum
877 4623 1085 4702 extrudetur3
1110 4625 1297 4706 praesertim
1317 4646 1392 4690 cum

324 4751 335 4785 ¹¹
352 4761 419 4803 uerit.
434 4760 458 4804 ia
473 4752 532 4816 prof.
545 4753 620 4817 latit]
633 4754 671 4802 Cf.
685 4757 759 4815 Epist.
772 4755 818 4800 Ra-
890 4747 903 4780 '¹
920 4750 1014 4799 Πολλοῖ
1024 4749 1111 4813 aaa]
1128 4750 1166 4797 Cf.
1179 4750 1276 4801 Erasmi
1285 4755 1363 4817 Δάας.
1376 4754 1392 4800 ἰ.

292 4837 365 4882 epona
379 4823 413 4868 11.
424 4821 436 4880 ἱ
449 4822 497 4874 8⁰3
518 4821 594 4868 Tract.
607 4821 627 4866 1.
640 4822 652 4879 l
666 4819 704 4868 71·
772 4847 780 4856 ·
865 4816 886 4866 7.
897 4817 928 4872 6ῑ
947 4815 1186 4872 Gaissord,Pamn.
1200 4817 1282 4866 Graec.
