3825 5759
559 662 805 728 SCHEDULA
827 662 1095 729 MONITORIA
1116 662 1146 726 1.
1334 664 1397 725 501

302 824 443 889 cruentis
468 824 531 888 rite
560 824 799 907 compescendis
823 845 883 908 par
907 846 974 889 non
1003 824 1112 889 firerit.
1156 821 1399 907 Dejectionibus
1412 838 1551 889 nervosis

301 930 469 1015 paululum
483 929 676 1006 incrassatis,
687 929 738 991 vel
748 928 817 1012 jam
831 929 935 1011 magis
949 926 1209 1003 consistentibus,
1224 926 1321 1010 (quod
1335 928 1399 1010 pri-
1413 904 1547 1017 Ifflssz

301 1054 392 1095 mum
402 1031 549 1095 sanitatis
558 1052 633 1093 mox
641 1029 877 1112 recuperandae
888 1030 1045 1093 indicium
1056 1032 1127 1112 est,)
1139 1040 1173 1095 et
1183 1031 1303 1114 fugatis
1314 1053 1400 1115 sym-
1420 1039 1552 1052 ‘'“‘

300 1135 463 1218 ptomatis,
479 1134 680 1197 tutissimum
702 1132 840 1197 arbitror
857 1142 896 1197 ut
916 1156 1012 1217 aeger
1031 1136 1262 1219 aliquantisper
1280 1136 1317 1199 in
1337 1157 1401 1201 usu

300 1238 455 1323 praedicti
473 1238 607 1301 remedii
626 1258 722 1301 mane
742 1244 775 1301 et
795 1258 865 1301 sero
887 1238 1035 1321 capiendi
1055 1246 1245 1321 perseveret,
1264 1240 1401 1321 guttulis

302 1344 424 1425 aliquot
449 1342 553 1405 indies
579 1342 727 1426 demptis,
747 1341 849 1405 donec
874 1362 913 1405 eo
938 1342 1076 1424 amplius
1101 1362 1169 1405 non
1190 1342 1287 1406 firerit
1308 1364 1400 1425 opus.

302 1444 635 1510 Animadvertendum
649 1451 758 1507 autem
774 1451 822 1507 est
838 1444 1019 1526 diligenter,
1035 1443 1121 1527 quod
1135 1465 1268 1527 aegrum
1283 1444 1402 1508 abusu

302 1550 479 1635 paregorici
493 1550 609 1613 lectulo
625 1548 746 1612 diutius
761 1548 959 1631 affigendum
976 1569 1063 1625 curo,
1079 1568 1154 1611 cum
1168 1548 1249 1611 situs
1267 1547 1402 1630 quilibet

302 1654 398 1736 paulo
420 1653 556 1716 erectior
575 1650 743 1715 cerebrum
759 1650 853 1715 facile
873 1649 1046 1715 conturbet
1064 1650 1128 1712 uisi
1145 1647 1259 1731 aeger‘¹
1274 1671 1402 1713 somnos

303 1762 375 1839 post
397 1755 433 1817 in
454 1754 538 1818 lecto
560 1754 637 1817 satis
656 1754 786 1835 longos‘
801 1754 987 1837 captaverit.
1038 1753 1121 1837 [28]
1148 1752 1298 1817 Diaetam
1316 1751 1404 1834 quod

304 1858 431 1936 attinet,
452 1856 479 1919 si
501 1877 596 1939 aeger
620 1856 695 1919 vino
721 1856 809 1938 prius
836 1863 1027 1933 assueverat,
1047 1856 1230 1920 Canarense
1252 1853 1402 1934 concedo,

302 1960 402 2043 probe
423 1966 535 2022 tamen
561 1980 644 2041 aqua
665 1958 806 2021 dilutum
831 1959 866 2021 in
889 1980 953 2041 qua
975 1959 1069 2042 panis
1092 1958 1273 2022 crrrstulurn
1296 1957 1403 2021 fuerat

304 2060 481 2140 decoctum,
497 2068 530 2125 et
550 2082 647 2144 quam
666 2060 816 2143 frigidam
836 2060 872 2123 in
891 2060 980 2124 hunc
998 2082 1095 2124 usum
1119 2061 1156 2123 in
1171 2061 1288 2143 lagena
1302 2080 1403 2123 asser·

303 2162 441 2227 vendam
460 2164 569 2247 jubeo,
589 2164 682 2227 utin
704 2172 857 2249 promptu
879 2165 921 2228 sit
940 2164 998 2228 ubi
1017 2166 1130 2228 vinum
1152 2172 1201 2229 est
1220 2172 1403 2247 contempe-

303 2265 451 2329 randum.
497 2268 676 2331 Decoctum
693 2266 825 2345 Album,
841 2288 859 2331 e
877 2288 979 2331 cornu
995 2268 1079 2331 cervi
1097 2274 1172 2331 usto
1185 2268 1221 2330 in
1235 2290 1320 2351 aqua
1332 2267 1404 2331 fon·

303 2372 390 2445 tana,
405 2368 459 2433 hic
474 2371 572 2433 etiam
587 2370 710 2433 affatim
725 2376 857 2452 epotum
876 2370 1016 2453 prodest.
1062 2370 1126 2433 Pro
1139 2370 1228 2433 victu
1238 2371 1404 2453 jusculum

303 2470 527 2553 hordeaceum,
542 2475 591 2537 vel
613 2495 631 2537 e
652 2474 815 2557 pullorum
835 2473 985 2537 carnibus
1002 2473 1102 2550 elixis,
1120 2493 1216 2535 ovum
1236 2474 1305 2536 sine
1318 2480 1405 2537 testa

304 2580 443 2653 coctum,
454 2576 506 2638 vel
521 2575 608 2639 aliud
623 2575 756 2658 quodvis
772 2596 811 2637 ex
822 2574 978 2657 eupeptis,
990 2576 1026 2637 in
1039 2574 1159 2657 primos
1175 2575 1242 2637 dies
1256 2575 1401 2638 sufficiet.

304 2680 464 2763 Deinceps
478 2698 552 2741 vero
570 2684 647 2745 tum,
662 2676 702 2739 ad
721 2677 859 2759 liquores
877 2678 980 2758 magis
1000 2698 1178 2761 generosos,
1194 2686 1267 2741 tum
1286 2679 1328 2742 ad
1346 2680 1403 2742 ali·

303 2790 451 2846 mentum
471 2782 602 2845 uberius
617 2780 821 2863 solidiusque,
836 2781 993 2863 paulatim
1013 2780 1261 2858 ascendendum,
1280 2801 1323 2845 ne
1343 2782 1403 2845 sci·

303 2886 378 2949 licet
398 2885 499 2947 nimia
516 2883 658 2947 vacuitas
676 2882 741 2945 sive
763 2882 939 2945 exinanitio
958 2883 1009 2946 vel
1030 2882 1180 2947 morbum
1202 2904 1222 2945 a
1243 2904 1307 2965 quo
1326 2904 1403 2947 con·

303 2990 455 3067 valuerat,
476 2988 526 3052 vel
548 2988 610 3050 alia
631 2992 848 3070 symptomata
873 3006 955 3069 quae
978 2985 1155 3049 exinanitio
1176 2985 1257 3048 solet
1279 3008 1402 3069 parere,

304 3094 411 3157 denuo
442 3092 586 3157 reducat.
631 3091 855 3153 Veruntamen
884 3089 945 3153 hoc
971 3097 1021 3153 est
1046 3088 1279 3166 adnotandum,
1305 3090 1402 3171 quod,

302 3197 378 3259 licet
393 3196 429 3259 in
445 3194 685 3259 Constitutione
701 3194 770 3277 jam
784 3198 943 3275 regnante
957 3191 1135 3255 laudanum
1150 3190 1330 3254 solitarium
1344 3213 1404 3257 suo

303 3298 412 3361 Marte
432 3296 630 3380 dysenterias
649 3294 853 3378 subjugabat,
875 3294 911 3357 in
933 3294 1005 3357 istis
1027 3300 1139 3357 tamen
1162 3293 1256 3356 annis
1277 3293 1314 3356 in
1332 3295 1403 3377 qui-

302 3400 364 3463 bus
379 3398 581 3483 dysenteriae
596 3396 789 3482 epidemicae
804 3404 1001 3480 grassantur,
1017 3403 1050 3460 et
1067 3396 1201 3460 caeteris
1216 3396 1403 3479 praelucent

303 3502 432 3580 morbis,
448 3523 515 3565 non
537 3500 594 3564 abs
612 3521 648 3564 re
665 3499 773 3577 fuerit,
788 3500 859 3563 illas
876 3500 1018 3583 primum
1037 3499 1260 3563 evacuationes
1274 3520 1353 3581 quas
1367 3498 1404 3561 in

303 3606 406 3689 capite
422 3606 462 3669 de
475 3605 663 3687 nyssae-ia
680 3604 756 3667 olim
776 3603 917 3681 [Obana.
927 3605 1016 3667 Med.
1028 3604 1069 3668 iv.
1082 3606 1113 3667 3.
1126 3606 1147 3667 8
1159 3603 1221 3687 sq]
1241 3603 1402 3689 descripsi,

302 3707 337 3771 in
348 3730 444 3771 usum
458 3728 616 3771 revocare.

352 3808 456 3893 [29.]¹
475 3810 519 3873 Et
534 3809 629 3873 sicuti
643 3808 679 3872 in
698 3807 840 3874 radicata
856 3808 913 3875 illa
927 3809 1112 3895 dysenteria
1128 3808 1224 3873 modo
1244 3808 1341 3887 dicta,
1356 3809 1404 3873 ita
1416 3825 1535 3900 ealefaci-

303 3911 401 3974 etiam
420 3911 456 3975 in
475 3911 537 3975 hoc
557 3912 612 3995 qui
630 3910 782 3995 sequitur
804 3934 890 3990 casu,
908 3912 979 3975 fieri
1002 3934 1069 3975 non
1092 3916 1199 3994 potest
1221 3918 1260 3973 ut
1279 3911 1402 3975 curatio
1414 3890 1556 4001 ξζᾚζιξζῢ

301 4014 455 4077 methodo
469 4013 533 4091 illa,
550 4034 632 4096 quae
647 4013 743 4077 Febri
757 4012 844 4075 unde
861 4013 1011 4095 primitus
1026 4019 1134 4074 ortum
1149 4010 1240 4072 duxit
1255 4010 1401 4087 debetur,
1414 4017 1464 4064 bris
1474 4018 1545 4065 adhi-

302 4113 386 4176 illico
406 4115 506 4197 possit
528 4114 679 4197 expediri.
725 4114 826 4177 Verbi
844 4115 956 4195 gratia,
973 4131 1208 4194 nonnunquam
1229 4131 1292 4172 usu
1313 4111 1401 4174 venit
1414 4081 1554 4194 ξ’,ῗξζζᾟ

301 4220 339 4275 ut
354 4214 426 4297 quis
441 4215 545 4295 rigore
560 4224 657 4297 atque
676 4216 807 4277 horrore
825 4215 1024 4296 corripiatur,
1040 4212 1144 4276 calore
1158 4220 1191 4276 et
1205 4212 1324 4293 frigore
1345 4232 1403 4295 per
1413 4210 1512 4321 ffi

301 4314 385 4377 vices
411 4315 656 4392 alternantibus,
682 4336 764 4397 quae
788 4322 865 4377 sunt
889 4315 979 4377 haud
1007 4312 1176 4377 mendacia
1197 4312 1308 4376 Febris
1333 4315 1403 4396 jam
1414 4337 1552 4401 passionem

301 4416 501 4480 imminentis
516 4415 643 4479 indicia.
688 4416 872 4498 Derepente
885 4416 1044 4479 viscerum
1059 4413 1254 4477 torminibus
1268 4422 1402 4479 amate
1415 4408 1554 4450 amatur.

301 4518 367 4581 riae
391 4517 513 4581 febrilis
538 4516 717 4599 irruptione
743 4538 781 4579 ac
809 4516 935 4579 insultu
965 4516 1151 4600 gravissime
1180 4516 1405 4582 discrucietur.

300 4622 418 4703 Aeger,
444 4640 519 4683 cnm
544 4640 659 4683 venam
684 4619 779 4684 ferire
805 4626 839 4683 et
864 4618 973 4683 alvum
998 4640 1172 4703 repurgare
1197 4618 1340 4699 deberet,
1364 4620 1407 4687 sd

334 4780 347 4817 ‘¹
364 4782 446 4846 aeger]
455 4784 831 4845 eutraperdormierit,cutsaltem
908 4788 920 4814 e
937 4785 996 4829 actu
1007 4778 1097 4843 longos]
1109 4795 1158 4827 oua
1170 4781 1206 4828 ed.
1220 4783 1268 4830 ⁹86.

301 4848 356 4897 add.
368 4850 405 4897 ed.
418 4848 465 4895 uo.
907 4840 917 4879 ¹
934 4846 972 4895 Cf.
982 4848 1084 4894 Proeess.
1097 4848 1144 4893 lna.
1157 4860 1177 4892 c.
1191 4848 1230 4893 26.
