3825 5759
489 687 530 729 rx
804 663 999 731 ΤΗΟΜΑΕ
1023 664 1282 731 SYDENHAM

338 848 471 897 Hismara
490 832 642 897 nocentia
660 832 825 913 adnotare,
841 832 1019 899 secundum
1034 832 1189 897 adnotata
1202 832 1402 898 curationem
1416 830 1592 897 reformare

349 912 466 1026 Ugfy·
491 936 614 999 solebat
635 936 668 1021 [s
685 934 770 1019 20.].
1263 948 1272 957 ·

337 1042 479 1055 ‘’⁸‘’
534 1036 736 1103 Constitutio
765 1028 869 1123 prima
895 1040 931 1123 [i.
954 1029 1001 1124 3.]
1029 1035 1185 1104 Febribus
1206 1032 1461 1104 Autumnalibus
1483 1038 1591 1103 Inter-

488 1142 705 1222 mittentibus,
732 1141 849 1207 deinde
871 1142 1044 1207 Continuis
1072 1142 1232 1226 malignis,
1258 1143 1367 1221 fiebat,
1394 1164 1476 1228 quae
1500 1164 1591 1227 prae·

489 1246 606 1327 gressis
630 1245 928 1311 Intermittentibus
955 1245 1032 1309 satis
1058 1246 1195 1329 analoga
1219 1252 1312 1309 esset.
1368 1246 1533 1310 Naturam
1555 1245 1591 1309 in

489 1346 560 1411 istis
583 1346 783 1413 diarrhoeam
804 1348 870 1413 fere
892 1348 1003 1413 ciuisse
1030 1348 1072 1433 [c.
1087 1351 1120 1411 4.
1145 1350 1163 1434 b
1186 1348 1260 1432 9.]3
1290 1370 1324 1412 se
1345 1348 1503 1413 vomitum
1521 1368 1590 1411 mo-

489 1450 581 1529 visse,
608 1473 628 1516 a
653 1474 716 1537 quo
739 1458 864 1517 certum
889 1453 1037 1515 levamen
1062 1451 1105 1515 sit
1129 1458 1276 1514 secutum
1303 1451 1337 1537 [b
1355 1453 1394 1514 ll
1412 1451 1498 1535 sq.]3
1520 1457 1590 1514 tur·

490 1554 604 1619 batum
638 1575 675 1619 eo
707 1555 831 1619 vomitu
863 1554 1079 1619 ventriculum
1113 1552 1300 1637 paregorico
1334 1552 1471 1631 sedasse,
1503 1552 1590 1636 quod

490 1656 610 1739 ubique
625 1658 747 1722 solebat
762 1679 800 1722 co
815 1657 867 1721 die
889 1658 976 1736 dare,
992 1678 1056 1740 qno
1070 1657 1230 1721 vomitum
1245 1661 1400 1734 moverat,
1415 1676 1500 1719 novo
1513 1676 1590 1720 con·

423 1798 426 1805 ·
490 1760 561 1825 silio
590 1761 625 1847 [t
651 1762 744 1846 17.];
781 1769 862 1827 tnnc
891 1764 1054 1849 clysteres,
1080 1784 1198 1847 eosque
1227 1784 1321 1847 saepe
1345 1764 1510 1847 repetitos,
1534 1762 1589 1827 ad·

489 1862 664 1927 ministrari
680 1864 817 1948 jubebat
848 1866 882 1951 [t
907 1867 1001 1951 21.];
1024 1874 1058 1931 et
1083 1866 1229 1931 cardiaca
1251 1866 1364 1931 morbo
1385 1872 1536 1951 snperato
1550 1887 1589 1931 ex

490 1966 581 2049 aquis
601 1968 782 2031 aromaticis
804 1968 901 2033 mista
930 1969 964 2057 [b
980 1972 1022 2035 25
1039 1970 1126 2055 sq.]3
1156 1975 1373 2056 symptomata
1392 1971 1426 2057 [o
1442 1974 1483 2034 41
1500 1970 1563 2054 sq.]
1579 1996 1589 2048 3

489 2069 640 2133 adversus
655 2069 871 2153 phrenitidem
882 2071 981 2138 dabat
995 2074 1173 2138 laudanum
1187 2096 1283 2138 snum
1297 2073 1442 2159 opiatum
1458 2074 1492 2159 [b
1504 2073 1589 2157 44.].

489 2172 750 2238 Intermittentes
769 2176 986 2240 Autumnalea
1004 2176 1196 2241 difficiliores
1216 2196 1295 2254 esse,
1311 2196 1393 2259 quae
1411 2195 1518 2259 nequo
1536 2195 1588 2238 ve·

489 2276 740 2341 nae-sectionem
754 2278 870 2359 ferant,
883 2300 989 2363 neque
1002 2279 1229 2365 purgationem
1245 2278 1287 2363 [c.
1304 2281 1336 2342 5.
1353 2280 1371 2364 t
1387 2278 1445 2362 29]
1460 2303 1471 2357 3
1494 2278 1589 2342 corti-

488 2399 559 2443 cem
574 2378 790 2446 Perusianum
805 2403 872 2446 non
887 2381 1004 2447 debere
1025 2382 1095 2447 dari
1113 2381 1177 2446 nisi
1196 2380 1311 2445 morbo
1328 2379 1462 2465 paulum
1475 2380 1588 2459 fracto,

488 2487 569 2545 tunc
591 2482 706 2546 utilem
726 2482 874 2549 firturum
899 2486 933 2572 [b
952 2485 1046 2570 34.];
1068 2485 1226 2549 Vemales
1248 2490 1363 2567 sponte
1385 2482 1453 2547 iere
1476 2482 1589 2548 cedere

495 2583 528 2668 [§
547 2584 613 2669 lo]
627 2608 638 2663 3
664 2584 761 2668 (qnod
775 2588 872 2671 louge
886 2588 981 2653 aliter
994 2586 1146 2653 cecidisse
1159 2586 1234 2666 vidi,
1245 2593 1285 2651 nt
1299 2584 1415 2669 viginti
1430 2592 1503 2670 post
1516 2606 1589 2671 par-

489 2707 636 2771 oxyrmos
659 2690 776 2754 cortice
794 2691 975 2757 Peruviano
997 2712 1077 2775 opus
1101 2690 1230 2773 fuerit3)
1269 2690 1305 2753 in
1328 2689 1498 2755 Quartana
1519 2708 1588 2753 cor·

489 2788 586 2854 tieem
600 2789 636 2853 iu
650 2814 762 2875 parvas
777 2794 869 2859 doses
881 2794 1019 2886 divisum
1033 2795 1103 2859 dari
1117 2794 1234 2860 debere
1254 2794 1289 2880 [t
1304 2791 1390 2880 35.].

531 2894 574 2959 In
596 2896 738 2961 secunda
757 2898 998 2966 Constitutione
1018 2900 1122 2966 Pestis
1137 2899 1353 2965 Londinensis
1372 2898 1520 2982 tangitur
1540 2897 1588 2983 [ii.

486 2996 550 3081 2.],
562 3019 660 3083 quam
674 3000 822 3082 eamdem
832 3002 1010 3067 Nathaniel
1025 3001 1176 3088 Hodges⁸
1191 3002 1370 3087 descripsit,
1385 3002 1508 3065 Noster
1520 3022 1589 3065 non

486 3099 578 3164 vidit.
633 3100 751 3166 Febres
776 3104 1012 3170 Pestilentiales
1040 3126 1113 3169 eam
1134 3111 1377 3189 praecesserunt
1399 3111 1434 3169 et
1459 3110 1588 3168 secutae

487 3208 565 3267 sunt
596 3202 630 3287 [b
657 3202 728 3286 3.]3
758 3204 795 3267 in
823 3206 981 3289 principio
1003 3207 1080 3269 mali
1103 3208 1228 3271 Auctor
1254 3208 1334 3289 (non
1358 3206 1425 3269 viso
1450 3206 1586 3286 morbo)

487 3304 778 3370 venae-sectionem
795 3308 968 3389 repetitam
989 3308 1147 3391 profuisse
1169 3309 1281 3373 didicit
1308 3308 1342 3393 [t
1361 3308 1405 3372 26
1420 3308 1498 3391 sq.],
1513 3328 1589 3372 cum

487 3406 591 3471 victus
610 3406 735 3473 ratione
751 3410 988 3495 antipleuritica
995 3437 1005 3491 3
1028 3412 1130 3477 altera
1147 3413 1268 3497 apesin
1283 3412 1386 3477 calido
1401 3412 1517 3476 sudore
1531 3399 1589 3495 per

488 3519 627 3599 quatuor
641 3535 679 3579 ac
692 3514 807 3599 viginti
821 3517 915 3583 horas
931 3518 1121 3584 continuato
1135 3518 1317 3605 ponebatur
1336 3518 1370 3605 [t
1386 3520 1429 3581 43
1445 3513 1507 3601 sq.]

531 3616 574 3681 In
588 3618 686 3682 tertia
700 3606 940 3686 Constitutione
954 3622 1141 3707 plenissima
1160 3630 1209 3687 est
1224 3621 1358 3685 historia
1371 3620 1587 3698 varium-um,

493 3716 553 3803 [iii.
568 3718 631 3803 2.],
654 3741 732 3803 quas
752 3720 874 3787 Noster
892 3724 1016 3808 primus
1038 3723 1186 3807 explicite
1204 3724 1241 3787 in
1261 3723 1425 3788 Discretas
1447 3730 1480 3787 et
1502 3722 1588 3787 Con-

487 3822 625 3887 fluentes
648 3824 814 3909 separavit,
830 3832 864 3891 et
883 3828 1026 3891 utriusve
1049 3828 1175 3910 generis
1197 3832 1422 3912 symptomata,
1442 3833 1587 3904 eventus,

488 3924 658 4011 crisesque,
677 3933 710 3991 et
729 3928 929 3994 curationem
950 3930 1098 3995 distinxit
1122 3930 1156 4016 [o
1174 3933 1204 3993 1.
1220 3930 1298 4013 sq.].
1335 3928 1499 3995 Discretas
1521 3928 1588 3993 fere

487 4028 635 4095 Naturae
649 4030 822 4096 committit
843 4034 876 4119 [t
889 4034 932 4097 46
944 4034 1005 4118 sq.]
1020 4059 1029 4111 3
1053 4033 1296 4097 confluentium
1310 4032 1453 4117 pericula
1465 4031 1589 4097 indicat

494 4134 528 4219 [b
545 4132 612 4218 50.]
627 4158 637 4213 3
659 4156 775 4199 venam
795 4142 891 4215 secat,
908 4137 1044 4201 emetica
1066 4136 1132 4216 dat,
1148 4136 1298 4221 anodyna
1324 4135 1379 4222 [bb
1395 4136 1448 4215 36,
1464 4136 1519 4215 48,
1534 4137 1587 4214 53,

488 4236 573 4321 61.].
619 4235 730 4303 Febris
745 4238 913 4304 Variolosa
927 4238 1047 4324 absque
1062 4239 1230 4324 eruptione
1251 4240 1292 4324 [c.
1308 4238 1371 4322 3.].

533 4341 659 4407 Quarta
678 4342 876 4408 Constitutio
896 4342 1119 4429 Dysenterica.
1163 4344 1207 4411 In
1230 4362 1269 4408 ea
1290 4342 1428 4408 Cholera
1451 4340 1589 4407 Morbus

494 4442 548 4528 [iv.
565 4444 612 4527 2.]
626 4470 637 4523 3
660 4467 756 4529 quem
776 4452 852 4511 ante
873 4446 1037 4533 Hispanos
1055 4447 1182 4533 jusano
1196 4448 1359 4533 pullorum
1373 4446 1466 4511 tenui
1480 4466 1539 4529 per
1553 4464 1589 4509 os

489 4545 648 4632 adsumto,
664 4554 697 4613 et
715 4569 772 4633 per
793 4550 946 4635 clystercs
969 4551 1099 4636 injecto,
1122 4550 1283 4616 debellare
1305 4555 1442 4614 conatur
1469 4550 1503 4633 [b
1526 4546 1588 4630 3.].

489 4648 532 4713 In
547 4648 740 4734 Dysenteria
753 4671 868 4715 venam
891 4660 988 4733 secat,
1004 4654 1112 4718 alvum
1127 4651 1226 4731 ducit,
1242 4650 1407 4716 narcotica
1423 4649 1480 4713 dat
1496 4646 1539 4735 [c.
1556 4652 1588 4714 3.

492 4755 509 4837 o
526 4754 547 4813 8
562 4752 647 4835 sq.]3
671 4750 705 4815 in
720 4752 907 4819 tenesmode
928 4755 1032 4840 specie
1052 4756 1120 4821 solo
1140 4776 1211 4819 sero
1232 4753 1325 4817 lmtis
1339 4751 1454 4830 utitur,
1470 4751 1589 4815 iterum

506 4888 515 4911 ‘
528 4884 603 4929 Pestis
612 4898 717 4943 nuperae,
723 4884 787 4943 opud
796 4883 850 4943 Pop.
861 4884 959 4931 hordia.
966 4888 1103 4945 grassantia,
1112 4886 1226 4931 Narratio
1235 4884 1363 4938 Ili-sterion,
1372 4883 1424 4931 avo.
1432 4880 1510 4930 Lond.
1518 4880 1590 4932 1⁶72.
