3825 5759
415 635 810 703 OBSERVA'I'IONUM
833 633 1118 702 MEDICARUM
1141 639 1191 694 IV.
1209 648 1235 697 6.
1308 629 1373 694 193

269 816 402 862 cursum
422 796 647 878 factitavimus,
663 798 848 882 praesertim
871 819 946 862 cum
967 801 1132 880 appeteret
1152 789 1252 855 febris
1265 795 1371 854 matu-
1383 809 1525 920 {igme

166 967 169 972 ,
269 897 413 962 rationis.
474 897 550 964 Quo
575 899 704 983 quidem
728 907 873 983 tempore
898 899 1046 962 Medicus
1071 895 1272 961 doctissimus
1295 914 1407 986 cun-A
1411 951 1525 985 „„„„„„

271 999 528 1084 didissimusquc,
543 1001 617 1064 D¹²¹¹¹
632 1003 754 1066 Doctor
768 1001 970 1085 Millington,
983 999 1140 1084 (ejusdem
1153 1015 1281 1060 mecum
1295 995 1373 1059 olim
1386 1003 1527 1082 Q

271 1101 407 1186 Collegii
427 1103 549 1182 Socius,
569 1103 638 1187 jam
662 1103 893 1186 amicissimus)
921 1105 963 1168 ad
988 1103 1107 1168 sociam
1135 1123 1265 1185 operam
1292 1100 1374 1164 invi·

271 1203 422 1282 tabatur3
451 1204 507 1287 qui
535 1225 610 1269 cum
635 1207 744 1272 omnia
769 1205 846 1270 satis
871 1207 955 1270 bene
977 1206 1172 1290 respondere
1194 1225 1254 1289 pro
1275 1203 1375 1288 hujus

272 1306 376 1370 morbi
391 1307 485 1390 genio
505 1307 782 1387 animadverteret,
797 1307 878 1372 mihi
897 1307 1013 1372 lubens
1027 1307 1163 1371 assensit
1176 1313 1214 1368 ut
1227 1313 1376 1389 pergeret

273 1429 370 1492 aegra
390 1409 492 1474 dictos
511 1410 650 1494 liquores
665 1411 788 1476 affatim
807 1411 946 1490 haurire,
962 1432 1042 1494 quos
1063 1411 1133 1494 ipsa
1151 1409 1213 1472 sibi
1232 1409 1375 1491 gratissi-

273 1533 352 1589 mos,
367 1517 401 1574 et
419 1519 485 1575 tam
503 1512 545 1576 ad
562 1513 692 1577 salivam
706 1514 819 1593 facere,
835 1537 931 1598 quarn
946 1515 988 1578 ad
1005 1512 1208 1596 refrigerium
1223 1517 1256 1574 et
1275 1511 1375 1576 refec-

272 1613 404 1691 tionem,
434 1635 529 1700 saepe
557 1617 745 1682 affirmabat.
791 1620 875 1684 Cum
903 1639 979 1683 vero
1007 1620 1077 1702 jam
1105 1616 1251 1680 indurari
1277 1617 1375 1682 facies

272 1715 422 1798 coeperit,
438 1724 470 1780 et
490 1725 597 1781 crusta
611 1719 735 1794 obduci,
751 1722 792 1785 sb
813 1721 967 1785 halitibus
981 1719 1118 1804 putridis
1133 1740 1153 1782 a
1166 1719 1302 1782 materia
1314 1742 1374 1803 pn-

273 1817 400 1882 rulente
414 1821 507 1902 (quae
526 1820 561 1884 in
575 1822 636 1886 hoo
650 1825 788 1907 pessimo
800 1825 1005 1889 Variolarum
1019 1843 1137 1907 genere
1147 1821 1232 1885 male
1242 1823 1372 1904 olebat)

274 1921 527 1987 intromittendis
547 1947 660 2008 aegrae
674 1935 802 1992 nostrae
821 1935 1014 2006 metuentes,
1028 1926 1096 1990 vini
1113 1925 1266 1990 Canarini
1281 1925 1374 1989 semi-

273 2025 355 2089 cocti
376 2025 552 2090 cochlearia
570 2030 716 2112 paucula,
732 2032 831 2096 semel
845 2031 880 2094 in
895 2031 947 2094 die
964 2029 1166 2108 assumenda,
1181 2029 1232 2092 vel
1251 2028 1375 2112 quoties

273 2127 307 2190 in
328 2129 507 2194 ventriculo
529 2131 762 2214 aegritudinem
784 2133 923 2218 aliquam
945 2132 1200 2217 persentisceret,
1219 2130 1375 2196 concessi-

273 2249 356 2292 mus.
394 2229 544 2294 Pauculis
554 2231 641 2296 hisce
653 2233 725 2316 (nisi
740 2234 826 2317 quod
840 2234 1026 2299 haustulnm
1042 2235 1140 2298 ctiam
1153 2233 1376 2319 paregoricum

273 2332 353 2396 hora
367 2333 472 2397 somni
483 2335 624 2418 quotidie
638 2336 920 2422 imperaverimus,)
934 2339 1096 2404 convaluit
1100 2365 1110 2416 ;
1133 2360 1239 2423 neque
1253 2337 1375 2416 delirio,

273 2457 379 2519 neque
393 2437 455 2500 alio
467 2438 577 2520 quovis
588 2448 812 2524 symptomate,
821 2450 948 2526 praeter
959 2443 1079 2507 dictam
1085 2442 1375 2525 haemorrhagiam,

273 2535 389 2619 grave¹²
404 2539 533 2622 aliquod
552 2542 730 2624 peric-idum
748 2544 928 2610 minitante.
974 2545 1084 2609 Facies
1098 2565 1278 2629 manusque
1300 2545 1377 2609 satis

273 2638 551 2721 intumescebant,
572 2645 729 2726 pustulae,
750 2653 909 2728 quantum
928 2646 1004 2710 tulit
1022 2646 1128 2710 morbi
1150 2645 1280 2729 species,
1300 2645 1377 2709 satis

273 2763 413 2825 magnae
435 2751 546 2822 erant3
570 2745 712 2811 salivatio
738 2747 864 2831 copiosa
885 2753 919 2811 et
940 2746 1042 2811 facilis
1065 2745 1107 2809 nd
1128 2753 1233 2809 metas
1253 2765 1375 2827 usque,

273 2851 446 2927 postremo,
477 2849 713 2931 quantumlibet
742 2849 891 2934 pustulae
921 2869 1003 2932 quae
1031 2846 1147 2910 faciem
1176 2845 1376 2923 obsidebant,

273 2967 349 3010 cum
359 2956 620 3030 matruescerent,
632 2952 834 3035 nigredinem
849 2951 999 3016 affectare
1009 2948 1204 3026 viderentur,
1217 2946 1253 3010 in
1266 2946 1377 3030 pleris-

274 3071 338 3134 que
351 3057 462 3116 tamen
476 3053 545 3136 ejus
560 3054 705 3137 partibus
719 3054 943 3120 durescebant.

324 3155 406 3238 [12]
435 3155 687 3241 Quibuscrmque
722 3179 797 3224 vero
833 3157 946 3224 caloris
983 3164 1081 3239 atque
1115 3151 1378 3218 inflammationis
1391 3173 1422 3221 1n
1433 3187 1521 3235 genere

275 3260 426 3344 genuus
451 3263 654 3328 veromam
680 3263 808 3348 speeies,
838 3263 915 3328 huie
942 3259 1175 3327 musanen
1199 3257 1376 3343 pecuum,
1389 3238 1511 3352 3353,

275 3365 353 3428 alias
371 3365 507 3435 aliarum
524 3365 792 3431 constitutionum
808 3365 926 3450 species
949 3361 1155 3447 superaverit,
1170 3382 1246 3426 cum
1266 3367 1378 3425 tamen
1390 3377 1418 3416 ut
1429 3383 1500 3443 neser

276 3469 432 3536 discretae
446 3479 553 3536 essent
567 3471 724 3555 pustulae,
736 3471 787 3536 vel
797 3471 910 3535 saltem
920 3491 1051 3554 paucae,
1063 3468 1173 3533 docrdt
1184 3467 1379 3550 experientia
1390 3440 1533 3544 milite.

276 3592 344 3635 non
358 3593 438 3656 opus
458 3594 527 3636 esse
541 3580 634 3637 tanta
649 3573 884 3657 praedictorum
905 3574 1068 3656 liquorum
1088 3571 1268 3655 quantitate
1287 3571 1378 3653 inge·
1390 3562 1525 3674 {wlff

276 3674 377 3739 reuda
385 3701 395 3754 ;
417 3676 495 3740 satis
510 3684 620 3741 autem
634 3677 697 3741 fuit
708 3686 746 3742 ut
761 3698 855 3760 aeger
868 3699 927 3761 pro
942 3677 1011 3740 sitis
1026 3675 1122 3740 modo
1137 3682 1234 3758 atque
1244 3673 1379 3759 imperio
1391 3698 1460 3740 terea
1475 3640 1506 3689 ΡΟ

277 3778 458 3842 cerevisiam
484 3785 617 3844 tenuem
640 3787 776 3864 potaret,
795 3779 930 3864 jusculis
956 3779 1130 3857 avenaceis,
1152 3778 1323 3862 panatella,
1346 3785 1380 3842 et

277 3903 372 3964 pomo
386 3889 478 3947 cocto
495 3883 643 3962 subinde,
658 3889 837 3947 vesceretur
845 3908 855 3962 3
881 3889 924 3962 et,
941 3882 969 3946 si
983 3903 1023 3944 ex
1041 3880 1172 3965 ephebis
1192 3886 1380 3957 excesserat,

276 3985 497 4068 paregoricum
517 4007 557 4050 ex
578 4007 696 4070 syrupo
719 3985 759 4050 de
775 3983 942 4064 meconio¹,
959 4005 1034 4048 cum
1052 3983 1104 4046 vel
1125 3987 1315 4065 aegrotaret,
1328 3980 1382 4043 vel

276 4087 318 4151 ob
333 4087 450 4151 nimias
464 4087 587 4171 vigilias
602 4088 736 4152 delirare
750 4087 914 4170 inciperet,
930 4092 1118 4150 assumeret.
1161 4085 1278 4166 Neque
1292 4081 1382 4146 aliud

277 4189 450 4274 quicquam
471 4191 639 4254 tentabam
662 4189 735 4272 (nisi
758 4189 844 4272 quod
863 4210 975 4272 aegros
994 4189 1078 4252 lecto
1098 4185 1301 4266 addicerem)
1324 4183 1382 4247 ubi

276 4295 425 4376 pustulae
440 4313 531 4358 rarae
548 4292 786 4377 comparebant.
809 4293 919 4376 Atque
937 4293 999 4356 hac
1013 4291 1082 4355 sols
1094 4289 1247 4353 methodo
1262 4287 1381 4354 charis·

276 4396 378 4460 aimus
399 4396 481 4460 mihi
502 4395 598 4474 filius,
615 4393 811 4458 Gulielmusl
834 4393 1032 4474 Sydenham,
1047 4389 1210 4453 Distincto
1230 4389 1380 4474 hujusce·

276 4500 366 4565 modi
387 4499 589 4563 Variolarum
619 4518 736 4581 genere
761 4497 920 4576 laborans,
941 4513 1053 4558 mense
1078 4492 1259 4574 Decembri,
1283 4494 1380 4576 1670,

280 4601 422 4688 (favente
436 4599 611 4682 Noniae)
627 4599 797 4664 restitutus
812 4606 872 4664 est.

312 4699 580 4765 'grave-arianum]
599 4703 745 4750 odientibus
764 4719 808 4750 mo·
852 4698 1064 4750 medardense
1076 4699 1124 4750 ¹76.

278 4766 445 4817 teneura
885 4761 1378 4826 sesquatorum-euacua

312 4828 320 4860 ¹
335 4847 363 4880 er
374 4846 459 4893 syrapu
471 4831 499 4876 de
512 4827 620 4890 meconio]
633 4831 754 4876 minoribus
767 4846 810 4878 oon
854 4843 907 4892 sup
921 4845 944 4893 p.
956 4831 1009 4888 152,
1020 4845 1060 4886 ur
1077 4831 1176 4878 Dium.
1188 4829 1264 4890 Epist.
1275 4829 1288 4886 l
1300 4829 1341 4874 ²4.

806 4928 859 4972 00
