3825 5759
544 616 609 680 576
853 616 1048 680 ΤΗΟΜΑΕ
1073 614 1333 681 SYDENHAM

395 794 520 906 ἓξὲξ.
594 773 694 857 [11.]¹
716 774 785 838 Ubi
807 776 949 841 tormina
978 776 1061 839 sicca
1086 776 1156 839 sine
1181 775 1417 860 dejectionibus
1449 781 1664 855 excruciant,

499 874 513 907 Α

436 924 480 970 &a
516 894 523 918 ’
543 884 701 941 curantur
717 878 871 943 diluendo
892 901 964 944 sero
977 880 1069 943 lactis
1083 879 1200 961 frigide
1217 880 1398 963 propinato,
1415 886 1450 945 et
1475 883 1597 966 tepide
1613 884 1666 946 in·

389 992 528 1004 “-
538 977 626 1061 jecto
634 1004 645 1057 3
667 985 706 1043 ut
720 980 756 1043 in
770 981 899 1045 cholera
915 982 1028 1047 morbo
1046 982 1209 1067 pullorum
1225 982 1363 1066 jusculo‚
1381 990 1440 1047 aut
1460 984 1558 1051 lacte
1574 1008 1667 1051 cere·

541 1080 664 1145 visiato.
686 1082 758 1165 [inf.
778 1104 805 1147 c.
822 1086 875 1147 24.
893 1084 908 1165 §
924 1084 971 1167 2.]

387 1196 522 1246 Tenemus
589 1183 671 1267 [12]
701 1185 737 1247 Si
757 1184 811 1249 hic
825 1185 957 1250 morbus
980 1186 1102 1267 diutius
1124 1192 1282 1264 excurrat,
1298 1186 1378 1251 adeo
1396 1193 1435 1251 ut
1450 1189 1572 1252 omnis
1588 1190 1666 1273 ejus

384 1262 527 1387 ffiffl
539 1285 587 1349 vis
605 1287 642 1350 in
663 1295 789 1351 rectum
809 1289 1002 1354 intestinum
1026 1289 1208 1367 decumbat,
1224 1310 1299 1353 cum
1323 1289 1453 1353 assidua
1476 1291 1666 1357 desidendi

384 1389 513 1467 hibreas
538 1390 724 1474 cupiditate,
755 1392 862 1457 diaeta
891 1394 1071 1478 analeptica
1099 1394 1300 1471 instituatur,
1327 1400 1360 1457 et
1390 1392 1499 1476 liquor
1531 1396 1664 1481 aliquis

384 1455 508 1569 ἶῖζιξξᾱῗζ
538 1495 703 1559 cardiacus
728 1517 786 1579 pro
811 1496 907 1561 libitu
931 1497 1108 1579 ingeratur,
1131 1504 1170 1560 ut
1195 1496 1368 1561 restaurari
1392 1497 1520 1580 possint
1547 1500 1664 1577 vires,-

538 1597 653 1681 quibus
668 1598 879 1662 redeuntibus
894 1598 1070 1663 Tenesmus
1085 1605 1200 1682 sponte
1215 1620 1248 1663 se
1263 1598 1408 1683 proripit.

585 1701 668 1785 [la]
696 1702 739 1766 In
753 1702 948 1786 Dysenteria
957 1702 1042 1765 male
1057 1708 1169 1765 curata
1180 1702 1303 1767 dolores
1316 1702 1491 1786 aliquando
1507 1724 1663 1789 aegrum

536 1804 577 1868 ad
593 1828 694 1870 annos
714 1806 836 1889 aliquot
851 1805 1046 1869 discruciant
1055 1831 1064 1883 3
1087 1805 1123 1869 in
1137 1805 1199 1869 hoc
1219 1826 1295 1869 casu
1310 1804 1533 1888 phlebotomia
1553 1829 1659 1892 repe-

534 1907 597 1971 tita
611 1908 780 1990 pristinam
795 1909 968 1972 sanitatem
982 1908 1143 1971 restituet.

381 2031 501 2107 pysana-
583 2018 665 2100 [lla]
693 2017 886 2081 Notandum
905 2024 955 2081 est
971 2016 1057 2100 quod
1071 2016 1108 2079 in
1128 2013 1416 2079 constitutionibus
1431 2014 1510 2079 huic
1526 2016 1656 2083 morbo

532 2119 641 2181 minus
655 2119 846 2197 faventibus,
863 2120 987 2183 omissis
1003 2116 1273 2195 evacuationibus,
1285 2116 1484 2199 Dysenteria
1497 2118 1654 2185 lauduno
1754 2103 1755 2133 ³

379 2111 423 2152 na,
435 2113 492 2145 curn

378 2162 520 2225 nonsitepi·

378 2288 521 2402 qimdumoo
532 2330 621 2387 mata
634 2324 764 2406 penitus
786 2324 985 2403 evanuerint,
1002 2324 1052 2387 vel
1069 2322 1168 2387 etiam
1187 2319 1238 2385 ter
1253 2320 1457 2405 nyctbemeri
1480 2322 1596 2406 spatio,
1616 2325 1648 2387 si

378 2426 510 2529 3⁸:⁰⁰³&
532 2447 612 2512 opus
626 2426 734 2491 fuerit.

944 2616 1041 2680 CAP.
1065 2612 1211 2679 XXIII.l

919 2779 968 2841 De
986 2778 1090 2842 Colica
1104 2776 1234 2839 Bilioso.

378 2932 508 3009 Morbtde.
576 2915 839 2978 Inrasrlnonou
861 2915 952 2980 dolor
972 2913 1190 2979 atrocissimus
1215 2918 1282 2989 est;
1308 2930 1366 2993 per
1387 2909 1635 2994 horasaliqnot

376 3006 480 3061 'mim
528 3014 642 3097 affligit
656 3015 754 3079 febris
768 3016 804 3078 in
819 3016 907 3080 hunc
921 3015 1072 3079 morbum
1088 3014 1247 3091 desinens,
1261 3012 1315 3095 qui
1331 3019 1387 3075 aut
1403 3011 1497 3095 quasi
1512 3012 1637 3095 injecta

526 3119 625 3182 fascia
639 3119 844 3214 constringit,
860 3127 918 3183 aut
937 3121 973 3183 in
987 3126 1144 3203 punctum
1166 3124 1350 3182 contractus
1365 3116 1456 3199 quasi
1475 3116 1631 3180 terebello
1659 3186 1668 3203 ι

435 3254 441 3263 ·
526 3222 684 3304 perforat,
712 3222 849 3286 subinde
870 3222 1058 3300 remittitur,
1081 3242 1155 3285 mox
1177 3218 1382 3284 recrudescit.
1440 3218 1509 3281 Sub
1536 3218 1631 3281 initio

526 3346 593 3387 non
607 3324 655 3386 ita
668 3332 757 3387 certo
772 3324 813 3387 ad
828 3346 931 3387 unum
946 3324 1076 3407 aliquod
1091 3332 1250 3407 punctum
1266 3322 1511 3400 determinatur,
1523 3342 1629 3404 neque

525 3434 595 3489 tam
615 3424 727 3488 crebra
740 3426 947 3505 vomituritio,
964 3448 1069 3510 neque
1085 3427 1173 3490 alvus
1192 3426 1240 3489 ita
1253 3423 1461 3509 pertinaciter
1475 3424 1627 3488 catharti-

525 3548 636 3590 corum
651 3527 717 3589 vim
732 3528 851 3605 eludit,
875 3551 938 3611 quo
954 3537 1064 3593 autem
1080 3530 1182 3611 magis
1203 3535 1340 3611 augetur
1355 3526 1454 3605 dolor,
1472 3548 1510 3591 eo
1525 3526 1632 3591 obsto·

526 3629 635 3691 natius
663 3628 700 3691 in
721 3637 843 3711 puncto
869 3632 990 3713 figitur,
1015 3631 1214 3695 vomituritio
1237 3630 1445 3713 frequentior,
1470 3636 1503 3693 et
1525 3630 1623 3712 major

375 3744 505 3796 Quomodo
526 3730 589 3794 alvi
600 3730 775 3809 adstrictio,
787 3731 896 3796 Colica
905 3733 1038 3797 tandem
1050 3734 1085 3797 in
1097 3734 1222 3797 iliacam
1232 3740 1431 3797 transeunte.
1454 3734 1486 3796 A
1497 3732 1625 3814 nephri-

372 3810 516 3923 &offis
526 3834 593 3898 tide
605 3833 651 3898 sic
665 3832 895 3916 distinguitur:
920 3838 950 3899 1.
967 3834 1057 3898 dolor
1072 3836 1269 3919 nephriticus
1282 3836 1363 3899 fixus
1378 3836 1413 3897 in
1428 3855 1504 3898 rene
1518 3841 1576 3908 est,
1590 3842 1626 3894 et

372 3941 476 4001 suenda·
526 3938 567 4003 ab
587 3960 625 4003 eo
641 3937 682 4001 ad
696 3945 813 4001 testem
835 3938 1050 4022 exporrigitur
1070 3938 1248 4002 secundum
1263 3936 1499 4021 longitudinem
1513 3940 1622 3995 urete-

525 4043 589 4123 ris;
607 4042 727 4107 colicus
738 4062 812 4106 vero
823 4064 922 4125 vagus
937 4048 997 4121 est,
1008 4050 1051 4121 ct,
1063 4040 1185 4125 cinguli
1199 4042 1312 4121 instar,
1325 4041 1468 4105 medium
1479 4042 1625 4101 ventrem

525 4147 638 4231 affligit
647 4172 656 4224 ς
680 4149 711 4211 2.
732 4168 752 4210 a
765 4154 861 4231 pastu
877 4147 1004 4211 Colicus
1020 4144 1110 4211 dolor
1124 4152 1282 4229 augetur;
1306 4144 1503 4229 nephriticus
1518 4143 1626 4227 potius

524 4251 748 4329 imminuitur;
771 4254 803 4315 3.
819 4250 854 4314 in
877 4251 986 4315 Colico
1009 4250 1117 4313 dolore
1139 4248 1180 4311 ab
1195 4248 1378 4311 excretione
1393 4267 1450 4330 per
1470 4244 1578 4310 alvum
1592 4254 1627 4310 et

525 4375 582 4435 per
605 4353 763 4417 vomitum
785 4356 890 4438 majus
912 4354 1059 4417 levamen
1083 4351 1218 4434 emergit
1242 4372 1339 4432 quam
1364 4350 1400 4412 in
1426 4348 1626 4431 nephritico;

524 4460 555 4516 4.
571 4454 608 4516 in
628 4454 737 4520 dolore
752 4456 931 4539 nephritico
953 4456 1049 4519 urina
1063 4454 1204 4537 primum
1225 4453 1311 4515 clara
1325 4459 1359 4515 et
1381 4450 1499 4529 tenuis,
1515 4448 1629 4533 postea

526 4556 647 4639 aliquid
662 4557 816 4635 subsidet,
833 4564 866 4621 et
880 4559 1013 4622 tandem
1034 4556 1184 4620 arenulae
1199 4563 1256 4620 aut
1271 4554 1371 4638 lapilli
1386 4562 1627 4633 excernuntur,

525 4659 561 4721 in
577 4658 686 4721 Colica
700 4659 813 4721 urinae
829 4659 869 4722 ab
883 4660 979 4723 initio
994 4660 1161 4723 crassiores
1177 4658 1330 4721 existunt.

590 4782 597 4819 ¹
617 4784 656 4833 Cf.
672 4788 764 4833 Obstru.
776 4788 838 4835 Med.
850 4787 881 4833 iv.
895 4788 916 4835 3.
931 4788 961 4833 lo
974 4787 1017 4833 &a
1345 4782 1356 4813 ¹¹
1375 4782 1413 4831 Cs.
1425 4784 1479 4831 uid.
1492 4782 1523 4830 iv.
1539 4784 1560 4831 7.

379 2225 480 2337 dfffi
533 2222 600 2285 solo
615 2229 766 2299 sanatur;
790 2222 875 2305 quod
891 2242 986 2285 mane
1002 2228 1034 2285 et
1049 2242 1120 2285 sero
1134 2218 1357 2303 repetendum,
1370 2218 1475 2283 donec
1495 2229 1650 2305 sympto-
1754 2289 1755 2292 ,
