3825 5759
714 684 979 751 TRAC'l'A'l'US
1002 686 1031 749 1.
1357 686 1422 749 427

587 864 648 901 cum
661 846 806 901 sufficiente
817 847 967 917 quantitate
980 846 1075 916 Syrupi
1086 846 1294 909 Auruncorum
1447 859 1569 907 D3p00.

464 932 526 987 Fiat
538 934 724 996 electuarium
745 932 834 1002 capiat
846 932 984 985 drachmas
996 930 1062 985 duas
1071 932 1113 985 bis
1125 932 1154 984 in
1166 930 1218 996 die,
1230 928 1423 1001 superbibendo
1434 937 1579 1001 „AQ—

465 1020 599 1087 scquentis
610 1036 695 1089 aquae
706 1018 853 1072 cochlearia
864 1020 982 1088 quinque
994 1019 1035 1071 vel
1047 1034 1094 1071 sex
1105 1039 1148 1069 z·-

293 1220 295 1225 ,
324 1162 424 1231 [For-m.
436 1158 504 1227 94]Ι
527 1161 558 1240 R
578 1162 688 1218 Radicis
699 1163 824 1234 Rapbani
836 1162 977 1217 Rusticani
988 1162 1066 1217 incisi
1078 1164 1173 1216 uncias
1186 1169 1246 1227 tras,

587 1248 746 1321 [Foliorum]
761 1249 931 1303 Cocbleariae
943 1248 1084 1303 Hortensia
1094 1248 1245 1319 manipulos
1257 1246 1406 1312 duodecim,

589 1335 749 1407 [Foliorum]
762 1336 894 1389 Nasturcii
905 1335 1040 1404 Aquatici‚

588 1422 746 1491 [Foliorum]
760 1421 964 1491 Beccabungae,

587 1507 750 1579 [Foliorum]
766 1508 880 1574 Salviae,

587 1594 747 1664 [Foliorum]
763 1594 900 1657 Menthae‚
912 1608 966 1647 ana
976 1592 1128 1662 manipulos
1140 1600 1261 1661 quatuor,

587 1682 705 1734 Cortices
716 1681 905 1734 durantiorum
917 1696 973 1743 sex,

586 1767 676 1821 Nuces
687 1766 842 1821 Moscbatas
854 1772 977 1819 contusas
988 1764 1065 1828 duas,

587 1852 736 1905 Cererisiae
749 1852 950 1905 Brunsvicensis
960 1852 1041 1904 libras
1051 1849 1208 1913 duodecim

462 1936 632 1991 Distillentur
648 1937 754 2007 organis
772 1937 965 2002 communibus,
984 1937 1068 1991 donec
1088 1935 1254 1990 solummodo
1277 1936 1361 1990 librae
1379 1954 1426 1991 sex

462 2038 547 2091 aquae
559 2022 698 2077 eliciantur
709 2039 756 2092 pro
767 2038 825 2077 iou.

371 2177 453 2261 [32.]
472 2178 509 2241 .Ε
524 2176 766 2242 medicamentis
777 2178 873 2261 vulgo
891 2178 1031 2262 cognitis
1046 2179 1191 2243 theriaca
1205 2178 1426 2243 Andromachi

317 2282 581 2346 concoctionibus
602 2281 790 2345 roborandis
807 2303 884 2365 prae
901 2282 1036 2346 caeteris
1054 2282 1196 2347 confert:
1219 2304 1294 2346 cum
1314 2291 1426 2346 tamen
1439 2292 1571 2354 quonomi-

317 2384 429 2466 -plures
440 2384 476 2448 in
491 2406 524 2449 se
539 2384 659 2467 species
674 2384 838 2449 contineat
849 2406 931 2467 quae
941 2384 1015 2468 plus
1030 2384 1107 2449 satis
1117 2384 1316 2463 calefaciant,
1329 2392 1426 2467 atque
1438 2356 1569 2469 ffinss'

317 2486 453 2569 insuper
476 2488 549 2570 opio
571 2485 724 2565 abundet,
749 2487 955 2551 electuarium
981 2488 1202 2570 supradictum
1227 2488 1426 2551 commodius
1438 2484 1563 2534 comacli

320 2589 426 2671 parari
448 2596 555 2671 potest
573 2610 591 2652 e
612 2588 843 2671 vegetabilibus
866 2589 1045 2672 praecipuis
1068 2588 1367 2653 excalefacientibus
1393 2596 1426 2653 et
1436 2550 1572 2664 iffi?

321 2689 635 2755 corroborantibus&
681 2690 870 2753 Curandum
885 2697 934 2754 est
948 2690 1079 2753 interim
1093 2698 1132 2754 ut
1146 2711 1185 2754 ea
1199 2690 1356 2773 simplicia
1370 2691 1424 2754 eli-

321 2798 443 2875 gantur
457 2812 539 2875 quae
559 2792 600 2855 ad
621 2791 710 2873 aegri
730 2798 863 2873 gustum
881 2792 986 2873 magis
1007 2790 1127 2854 faciant
1138 2816 1148 2867 ;
1170 2812 1246 2854 cum
1267 2791 1355 2853 enim
1370 2791 1427 2853 diu
1441 2800 1581 2878 mersim-

322 2894 506 2973 admodum,
523 2894 643 2958 scilicet
659 2893 700 2956 ad
714 2913 844 2957 omnem
860 2893 928 2956 fere
943 2898 1094 2970 aetatem,
1110 2892 1145 2955 iu
1159 2893 1230 2973 ejus
1244 2914 1308 2955 usu
1321 2912 1427 2975 perse-
1439 2866 1579 2981 fflessssss

321 2995 498 3059 vorandum
514 2995 564 3073 ait,
577 2994 711 3059 omnino
732 2994 882 3058 convenit
896 3000 934 3057 ut
948 2993 1057 3077 palato
1070 2994 1179 3056 minus
1194 2993 1236 3056 sit
1249 2994 1427 3076 ingratum.
1440 2970 1580 3071 primesos'

323 3098 418 3162 Inter
439 3096 596 3180 simplicia
617 3103 725 3161 cortex
742 3096 941 3159 Peruvianus
963 3095 1083 3179 primas
1105 3094 1242 3173 obtinet,
1258 3116 1333 3159 cum
1355 3116 1428 3158 son·
1440 3064 1559 3184 ἓξὲξ,

322 3200 456 3284 guinem
475 3198 657 3263 corroboret
675 3204 888 3281 vegetumwe
904 3196 1030 3276 reddat,
1047 3197 1074 3260 si
1093 3198 1163 3281 ejus
1185 3218 1287 3279 grana
1307 3196 1428 3280 aliquot
1440 3187 1550 3298 mh*

322 3323 418 3366 mane
433 3308 466 3365 et
482 3322 553 3365 sero
568 3308 784 3365 assumantur.
1515 3287 1522 3299 ’

367 3404 449 3488 [33.]
476 3404 520 3467 Et
535 3424 622 3482 sane,
637 3404 687 3467 uti
701 3404 737 3466 in
755 3402 816 3466 hoc
831 3402 949 3467 affectu
967 3402 1008 3466 de
1023 3424 1087 3485 quo
1098 3403 1168 3485 jam
1182 3400 1317 3486 agimus,
1331 3402 1380 3465 ite
1394 3408 1427 3465 et
1441 3420 1570 3497 Quantum

321 3508 358 3571 in
372 3507 442 3571 aliis
464 3506 622 3571 chronicis
637 3506 806 3590 plerisque,
818 3506 898 3571 haec
909 3514 942 3570 et
956 3506 1033 3569 huic
1047 3505 1164 3568 similia
1177 3504 1329 3583 remedia,
1345 3525 1427 3587 quae
1439 3485 1582 3601 ᾞιᾞὲῗ

322 3610 514 3693 sangarinem
528 3608 736 3674 corroborant
750 3616 965 3692 vegetamque
980 3608 1132 3685 reddunt,
1147 3608 1187 3689 (si
1200 3606 1297 3670 modo
1311 3627 1427 3671 eorun-
1440 3630 1473 3661 nn
1483 3615 1576 3692 intelli·

323 3712 397 3777 dem
411 3712 505 3791 calor,
521 3718 652 3796 propter
673 3732 784 3775 causas
799 3719 913 3795 postca
932 3711 967 3796 [ᾧ
982 3711 1051 3793 46.]
1072 3708 1271 3788 adferendas,
1285 3709 1322 3772 in
1336 3709 1427 3792 spiri-
1440 3678 1564 3807 ἷῗζᾞζ

321 3814 410 3879 tibus
430 3814 549 3878 vinosis
570 3833 638 3877 non
659 3813 837 3895 consistat)
859 3834 936 3896 prae
958 3811 1094 3877 caeteris
1112 3812 1228 3895 juvant
1238 3837 1249 3889 3
1284 3809 1428 3893 quando-
1437 3806 1535 3869 1⁴¹¹th

322 3917 452 4000 quidem
478 3916 599 4001 singuli
623 3917 721 4000 hujus
747 3916 875 3998 generis
900 3915 1006 3979 morbi
1031 3913 1072 3977 ad
1101 3935 1202 3976 unam
1227 3912 1428 3995 eandemque

322 4040 452 4083 causam
480 4018 704 4096 universalem,
733 4017 908 4082 humorum
942 4016 1064 4081 scilicet
1095 4014 1356 4097 indigestionem,
1388 4012 1429 4095 (si

322 4129 410 4187 recte
424 4122 582 4206 conjicio)
599 4120 712 4184 referri
726 4119 876 4184 debeant.

372 4224 455 4308 [34]
482 4223 575 4288 Nihil
595 4228 645 4286 est
664 4228 774 4286 autem
794 4242 833 4285 ex
848 4241 911 4303 quo
925 4219 987 4283 hoc
1004 4218 1124 4283 certitas
1139 4216 1242 4280 evinci
1255 4215 1376 4299 poterit
1390 4236 1427 4278 ac
1440 4235 1557 4311 piam

323 4325 460 4409 probari,
478 4324 618 4408 quamsi
636 4324 677 4388 ob
697 4323 806 4387 oculos
825 4341 983 4405 ponamus
1004 4318 1220 4382 differentiam
1240 4336 1322 4399 quae
1341 4316 1428 4378 inter
1439 4306 1583 4412 fflffi·

323 4426 452 4491 morbos
474 4427 598 4491 Acutos
622 4432 655 4489 et
679 4423 855 4488 Chronicos
879 4420 1050 4485 intercedit
1061 4445 1071 4497 3
1107 4440 1204 4501 quam
1229 4417 1271 4481 ob
1297 4436 1427 4479 causam
1440 4433 1543 4503 sutores

323 4550 445 4612 aequus
460 4528 579 4593 Lector
592 4526 670 4591 boni
681 4524 837 4603 consulet,
849 4524 876 4587 si
891 4523 1054 4607 paulisper
1068 4520 1109 4584 ab
1124 4541 1162 4584 eo
1174 4518 1260 4602 quod
1270 4520 1340 4603 jam
1350 4538 1428 4600 prae
1441 4490 1581 4579 cumanos

324 4629 473 4695 manibus
492 4636 542 4695 est
560 4628 691 4713 negotio
706 4625 876 4709 digrediar.
921 4624 1026 4687 Prout
1042 4623 1154 4705 itaque
1172 4620 1277 4686 morbi
1291 4620 1388 4683 Aucti
1404 4620 1429 4683 ii

359 4804 366 4837 ¹
384 4807 423 4857 Cf.
433 4808 528 4856 iormm.
540 4810 581 4865 42,
594 4806 649 4858 267.
899 4804 959 4864 quod
968 4802 1094 4849 ventriculo
1102 4803 1196 4864 patiar
1206 4803 1252 4864 erit
1261 4814 1330 4862 pacm
1341 4805 1375 4846 ert
1385 4798 1431 4843 nel

357 4869 368 4902 ¹
385 4871 485 4935 conob]
497 4887 548 4922 casa
559 4874 666 4921 roccam
676 4872 702 4919 ia
711 4872 763 4918 ciac
773 4872 851 4925 sohte,
899 4865 953 4915 add.
966 4865 1003 4913 ed.
1015 4866 1063 4913 ³83.
1133 4930 1138 4940 ἱ
