3825 5759
488 648 530 709 22
802 642 997 707 'PHOMAE
1021 642 1286 708 SYDENHAM

352 821 448 869 Ριιει.
485 806 569 871 bene
584 805 624 869 de
644 826 678 869 re
698 804 824 869 medica
842 805 1007 882 meruisse,
1023 826 1120 886 quam
1142 805 1170 867 si
1189 805 1351 888 pomposis
1371 806 1594 917 remediorum

335 886 377 932 ¹⁸³⁰
378 886 472 933 Tem
343 907 634 971 ..fflformnlis
648 906 758 969 omnia
772 906 978 989 implevisset.

535 1008 618 1091 [31.]
646 1008 688 1070 Ιιι
704 1008 812 1071 animo
830 1014 899 1070 erat
914 1013 948 1071 et
966 1007 1190 1072 chronicorum
1204 1006 1392 1071 morborum
1408 1008 1589 1073 Historiam

486 1109 624 1186 tradere,
640 1130 752 1172 eorum
774 1109 888 1173 saltem
907 1130 986 1191 quos
1000 1109 1258 1191 frequentissime
1276 1116 1489 1173 tractaveram
1498 1137 1508 1188 ;
1531 1112 1589 1175 sed

488 1232 563 1273 cum
578 1210 740 1293 operosius
762 1211 796 1273 id
816 1210 868 1289 sit,
884 1231 1022 1293 cumque
1039 1210 1155 1274 harum
1175 1232 1254 1293 quas
1273 1213 1342 1293 jam
1364 1212 1424 1275 edo
1439 1212 1589 1277 lucubra-

487 1312 616 1375 tionum
629 1312 794 1376 fortunam
816 1312 952 1395 experiri
969 1312 1111 1395 primum
1130 1312 1272 1390 libuerit,
1287 1313 1589 1396 impraesentiarum

488 1414 760 1498 supersedendum
775 1414 855 1479 mihi
871 1436 939 1479 esse
955 1414 1042 1479 duxi.

638 2104 911 2185 PRAEFATIO
944 2104 1200 2183 EDITIONIS
1234 2104 1436 2183 PRlMtll.

537 2338 607 2403 Ουι
625 2337 808 2401 Medicinae
823 2336 879 2401 dat
894 2357 1034 2420 operam,
1045 2336 1124 2400 haec
1138 2356 1248 2400 seeum
1262 2342 1301 2400 nt
1316 2336 1398 2400 serio
1412 2335 1589 2418 perpendat

492 2446 628 2523 oportet.
673 2438 793 2517 Primo,
809 2458 843 2502 se
863 2438 903 2501 de
923 2458 1092 2519 aegrorum
1107 2438 1173 2501 vita
1187 2437 1287 2520 ipsius
1308 2458 1403 2501 curae
1421 2436 1592 2500 commissa

492 2540 650 2605 rationem
673 2540 845 2623 aliquando
869 2540 1027 2622 Supremo
1049 2540 1170 2603 domos
1196 2539 1409 2603 redditurum.
1455 2538 1591 2616 Deinde,

493 2642 645 2725 quicquid
659 2642 737 2705 artis
757 2648 814 2705 aut
834 2640 987 2705 scientiae
1008 2640 1128 2705 Divino
1146 2640 1303 2704 beneficio
1323 2646 1515 2705 consecutus
1532 2646 1592 2719 est,

493 2743 651 2827 imprimis
666 2743 706 2807 ad
723 2743 849 2807 Summi
868 2742 1030 2807 Nunnius
1049 2742 1179 2806 laudem
1200 2749 1296 2825 atque
1316 2742 1451 2806 humani
1466 2742 1593 2824 generis

495 2847 632 2910 salutem
647 2866 715 2910 esse
734 2845 939 2929 dirigendum
948 2870 957 2923 ;
981 2844 1154 2927 indignum
1174 2851 1283 2907 autem
1305 2864 1374 2907 esse
1393 2850 1429 2907 ut
1444 2843 1594 2908 coelestia

495 2948 551 3011 illa
569 2948 655 3012 dona
674 2949 723 3012 vel
741 2948 892 3012 avaritiae
907 2946 957 3011 vel
972 2946 1113 3010 ambitus
1128 2945 1236 3009 studio
1249 2945 1435 3009 inserviant.
1481 2946 1592 3024 Porro,

496 3070 529 3114 se
555 3070 621 3114 non
643 3050 794 3132 ignobilis
816 3049 951 3131 alicujus
975 3055 1032 3112 aut
1054 3046 1283 3112 contemnendi
1310 3046 1457 3111 animulis
1483 3067 1594 3110 curam

496 3152 689 3233 suscepisse:
726 3157 765 3214 ut
798 3151 885 3212 enim
918 3150 1054 3212 humani
1089 3149 1216 3231 generis
1247 3148 1388 3233 pretium
1428 3170 1593 3231 agnoscas,

497 3252 716 3315 Umoauiros
737 3252 805 3313 Dal
827 3250 948 3313 Fiams
968 3250 1065 3316 homo
1084 3250 1190 3315 factus
1209 3257 1268 3329 est,
1285 3250 1428 3333 adeoque
1442 3256 1595 3313 naturam

496 3358 694 3433 assumptam
702 3362 767 3415 'sua
781 3350 969 3433 dignatione
984 3350 1176 3415 nobilitavit.
1208 3352 1367 3433 Denique,
1383 3372 1444 3415 nee
1459 3372 1493 3415 se
1507 3372 1593 3415 com·

496 3453 589 3517 muni
612 3460 696 3517 sorte
719 3458 903 3537 exemptum
923 3473 1002 3531 esse,
1018 3452 1074 3516 sed
1093 3452 1208 3517 iisdem
1228 3453 1354 3536 legibus
1375 3453 1593 3530 mortalitatis,

496 3556 610 3620 iisdem
624 3554 750 3619 casibus
762 3562 795 3619 et
806 3554 969 3619 aerumnis
980 3554 1155 3621 obnoxium
1168 3562 1265 3638 atque
1276 3555 1467 3639 expositum,
1476 3554 1593 3638 quibus

496 3658 551 3721 alii
566 3656 719 3740 quilibet;
735 3678 800 3743 qno
812 3656 1009 3740 diligentius,
1021 3664 1054 3721 et
1066 3657 1196 3740 quidem
1207 3658 1360 3721 teneriori
1375 3679 1450 3723 cum
1464 3655 1593 3734 affectu,

494 3760 563 3843 ipse
577 3760 672 3843 plane
687 3756 880 3839 ὁμοιοπαθής
895 3760 1137 3842 aegrotantibus
1154 3781 1248 3844 opem
1262 3761 1345 3824 ferre
1360 3765 1504 3824 conetur.

544 3860 605 3945 [2.]
633 3861 756 3925 Verum
776 3860 926 3925 nonnulli
943 3861 1029 3925 hisce
1048 3861 1297 3944 cogitationibus
1317 3862 1451 3926 minime
1472 3882 1506 3925 se
1524 3862 1595 3945 regi

495 3963 674 4048 patiuntur,
689 3962 723 4026 id
739 3962 825 4046 quod
840 3984 878 4026 ex
893 3984 1005 4027 eorum
1023 3964 1114 4047 praxi
1132 3964 1265 4047 ipsoque
1284 3964 1369 4028 vitae
1384 3985 1502 4046 genere
1517 3964 1595 4027 satis

494 4066 702 4131 manifestum
718 4072 784 4129 est:
810 4065 875 4128 sive
894 4064 980 4147 quod
998 4066 1084 4129 fastu
1099 4067 1222 4149 turgidi
1238 4076 1335 4149 atque
1350 4068 1503 4131 scientiae
1518 4087 1596 4130 suae

494 4168 644 4253 opinione
655 4167 769 4247 inflati,
779 4166 820 4231 ad
832 4166 960 4231 minuta
969 4166 1049 4231 haec
1063 4168 1112 4250 (ut
1123 4168 1254 4251 quidem
1264 4169 1328 4232 illis
1339 4169 1512 4250 videntur‚)
1526 4189 1595 4232 non

494 4272 564 4335 sine
579 4276 767 4354 contemptu
787 4270 926 4353 quodam
945 4269 1163 4352 negligentius
1184 4270 1391 4349 descendant,
1407 4291 1525 4354 susque
1540 4269 1595 4335 de-

494 4392 556 4455 que
575 4372 732 4437 habentes
747 4372 825 4455 quid
845 4372 885 4437 de
905 4372 1030 4436 miseris
1050 4371 1240 4437 mortalibus
1259 4374 1317 4437 fiat
1331 4372 1475 4455 ipsorum
1496 4392 1594 4435 curae

494 4472 755 4552 concreditis,t
722 4480 755 4537 at
757 4494 819 4557 que
841 4474 973 4539 interim
995 4472 1036 4537 de
1059 4472 1217 4557 Supremo
1236 4474 1387 4538 Νιιιιιιιιι
1406 4474 1457 4537 vel
1478 4494 1595 4556 parum

493 4577 637 4659 cogitant
639 4597 672 4641 es
623 4578 743 4641 tvel
766 4577 853 4641 Illud
875 4576 1006 4643 forte
977 4598 1030 4641 ur
1052 4598 1225 4661 agnoscere
1247 4577 1392 4659 dignati3
1420 4577 1486 4641 sive
1508 4577 1597 4661 quod

492 4679 581 4743 luero
604 4700 732 4761 prorsus
752 4678 871 4743 intenti
891 4688 988 4763 atque
1008 4679 1181 4757 inhiantes,
1197 4684 1254 4743 aut
1275 4679 1426 4794 gloriolae
1442 4678 1593 4794 cupidine

492 4780 627 4867 abrepti,
654 4801 691 4847 eo
717 4788 847 4845 tantum
873 4788 1020 4865 spectant
1049 4790 1087 4847 ut
1116 4781 1312 4847 ditescant
1302 4782 1373 4865 ipsi,
1401 4788 1458 4845 ant
1484 4781 1593 4865 nescio
