3825 5759
519 681 562 745 74
822 676 1017 741 ΤΗΟΜΑΕ
1040 674 1299 741 SYDENHAM

382 851 487 901 Fruar·
515 838 601 917 ferit,
622 837 711 901 haud
736 844 827 901 vacat
847 838 1008 921 periculo;
1032 838 1210 921 quinetiam
1240 837 1282 901 ad
1305 856 1432 901 menses
1452 835 1545 915 duos,
1566 835 1617 899 vel

365 916 505 1029 fflssffi
517 948 592 1019 tres,
607 941 691 1005 forte
706 940 803 1003 etiam
817 939 853 1003 in
862 946 1074 1023 sequuturum
1082 961 1185 1023 usque
1199 960 1254 1002 ver
1263 939 1467 1024 tyrannidem
1478 942 1615 1003 exercet.

385 1046 487 1094 '‘ll-'⁶⁴⁶
519 1042 646 1109 Deinde
656 1042 842 1107 Quartanae
853 1048 886 1106 et
900 1042 1140 1125 periculosiores
1151 1048 1228 1105 sunt
1237 1048 1270 1105 et
1281 1042 1508 1105 obstinatiores
1518 1041 1617 1123 longe

365 1144 507 1255 ssflffiffl
519 1166 615 1230 quarn
633 1151 710 1209 aunt
731 1145 805 1209 illac
827 1145 867 1209 de
890 1145 1007 1228 quibus
1028 1145 1144 1208 ultimo
1166 1144 1322 1208 diximus:
1345 1144 1403 1208 ubi
1425 1144 1512 1207 enim
1533 1149 1618 1206 natu

365 1222 505 1320 nimai*
519 1248 703 1332 grandiores
724 1247 897 1330 impetunt,
914 1248 1041 1311 eosdem
1062 1246 1172 1331 paucis
1193 1247 1299 1311 adhuc
1318 1246 1516 1330 paroxysmis
1533 1245 1617 1307 mul·

365 1337 504 1448 ssffiffffl
517 1358 601 1415 tator
616 1349 809 1434 quandoque
820 1350 994 1433 jugulant,
1016 1371 1081 1433 quo
1096 1350 1131 1412 in
1139 1370 1220 1413 casu
1234 1370 1329 1432 aeger
1342 1355 1487 1431 tempore
1501 1346 1617 1411 exhora

362 1416 496 1528 duejugu-
516 1453 702 1531 rescentiae,
713 1452 911 1536 incauteque
927 1452 1006 1516 adeo
1015 1473 1214 1536 paroxysmo,
1226 1458 1265 1515 ut
1279 1451 1452 1535 plurimum
1467 1451 1615 1528 moritur,

366 1528 424 1577 ¹⁸¹¹*
517 1556 602 1641 quod
614 1557 681 1640 jam
704 1556 735 1639 [ξ
751 1556 796 1639 3.]
818 1555 951 1619 dictum.
986 1555 1082 1621 Quod
1095 1554 1125 1618 si
1140 1575 1236 1637 aeger
1245 1554 1281 1617 in
1296 1554 1471 1618 senectutis
1486 1559 1617 1617 tantum

515 1660 613 1723 fuerit
624 1658 774 1737 confinio,
784 1657 923 1721 necdum
936 1658 1005 1741 ejus
1019 1657 1119 1720 limen
1131 1664 1396 1740 praetergressus,
1405 1656 1482 1719 licet
1496 1676 1565 1719 non
1579 1655 1616 1718 in

515 1762 627 1826 eodem
641 1768 786 1825 versetur
800 1758 985 1824 discrimine
1003 1781 1047 1823 ne
1061 1760 1147 1823 inter
1164 1780 1370 1843 paroxysmos
1392 1759 1495 1843 primo
1514 1759 1614 1822 laces·

515 1872 622 1929 sentes
636 1865 708 1929 luce
722 1863 875 1947 privetur,
891 1862 980 1926 haud
999 1869 1109 1925 tamen
1123 1863 1217 1925 facile
1232 1884 1253 1926 a
1266 1862 1369 1926 Febre
1383 1861 1445 1925 hac
1460 1860 1614 1938 elabetur,

515 1966 579 2030 nisi
603 1972 749 2029 vertente
774 1986 871 2043 anno,
898 1970 1133 2047 appetenteque
1162 1964 1219 2027 illo
1247 1969 1392 2046 tempore
1423 1984 1487 2047 quo
1512 1963 1616 2046 primo

515 2069 756 2152 corripiebatur.
801 2070 1046 2151 Nonnunquam
1077 2069 1174 2131 etiam
1201 2068 1345 2132 “haeret
1367 2068 1462 2132 lateri
1487 2066 1616 2131 lethalis

516 2170 673 2247 arundo,'’
691 2168 797 2255 [Virg.
813 2172 892 2234 Aen.
908 2170 949 2233 iv.
967 2168 1036 2257 73.]
1059 2191 1119 2234 nec
1142 2170 1206 2234 nisi
1230 2193 1250 2234 a
1271 2177 1375 2235 morte
1393 2168 1617 2253 languescenti

517 2272 690 2337 decutitur.
741 2272 823 2356 [lc]
853 2273 1023 2339 Quartana
1046 2273 1177 2336 interim
1200 2280 1315 2357 typum
1341 2272 1478 2336 subinde
1500 2270 1613 2348 variat,

516 2375 655 2459 plurima
669 2374 765 2439 ctiam
784 2374 869 2457 parit
888 2382 1120 2459 symptomata;
1147 2375 1344 2454 scorbutum,
1367 2374 1467 2457 (verbi
1486 2374 1612 2457 gratia>

364 2500 477 2549 saniores
515 2482 660 2541 ventrem
679 2476 877 2553 induratum,
897 2477 1083 2562 hydropem,
1105 2484 1167 2541 etc.
1213 2477 1365 2541 Juniores
1386 2497 1461 2542 vero
1479 2476 1614 2540 ferendo

365 2566 494 2678 2⁰¹¹?oe
516 2578 592 2643 huic
607 2578 718 2663 morbo
733 2600 825 2663 pares
847 2585 934 2657 sunt,
955 2602 975 2643 a
996 2600 1059 2661 quo
1080 2600 1315 2663 nonnunquam
1335 2579 1420 2643 circa
1440 2578 1613 2641 solstitium

365 2644 468 2769 sidiarii
515 2681 660 2747 brumale
681 2681 870 2761 liberantur,
893 2681 1094 2766 frequentius
1117 2689 1228 2745 tamen
1251 2702 1320 2744 non
1338 2680 1403 2744 nisi
1421 2680 1613 2744 adveniente

363 2758 476 2815 bmmnr,
516 2806 614 2849 verno
659 2784 870 2867 aequinoctio,
912 2784 961 2847 vel
1001 2784 1098 2848 etiam
1140 2790 1297 2848 autumno
1334 2782 1527 2867 insequenti,
1555 2782 1615 2846 ubi

363 2822 476 2885 frequen·

363 2887 495 2964 nusquam
512 2888 637 2953 scilicet
662 2888 950 2953 venae-sectionem
981 2894 1038 2950 aut
1068 2886 1231 2951 catharsin
1262 2885 1459 2950 admiserint.
1510 2886 1614 2968 Saepe

363 2966 494 3075 idqffif,
513 3014 583 3057 non
607 2990 676 3056 sine
699 2998 830 3074 stupore
860 3012 930 3055 sum
960 2990 1099 3053 intuitus
1120 2989 1262 3052 infantes
1282 2987 1418 3053 tenellos
1445 3010 1522 3052 cum
1552 2987 1614 3052 hoc

363 3080 628 3159 ⁸bii⁸libe'morbo
653 3114 710 3177 per
731 3100 817 3158 totos
840 3113 966 3158 menses
990 3112 1046 3155 sex
1070 3091 1264 3169 commissos,
1290 3110 1352 3155 nec
1373 3111 1539 3174 oppressos
1564 3096 1613 3152 ta·

364 3150 454 3195 rantur.
513 3218 602 3275 men,
625 3196 682 3260 sed
703 3195 743 3259 de
766 3196 876 3259 eodem
901 3194 1065 3278 (Herculis
1084 3193 1188 3257 instar
1207 3193 1321 3277 pueri)
1338 3192 1373 3255 in
1392 3194 1484 3257 cunis
1499 3191 1626 3256 trium-¹

538 3298 664 3362 hantcs.

364 3418 416 3469 oui
428 3320 537 3467 sanelp
565 3400 647 3484 [ln]
677 3400 741 3464 Hic
766 3400 956 3479 notandum,
982 3400 1070 3485 quod
1093 3401 1313 3484 cujuscunque
1339 3397 1467 3463 demum
1498 3398 1613 3462 aetatis

361 3483 493 3595 effi?
515 3509 573 3566 aut
582 3504 827 3586 temperamenti
836 3503 933 3567 fuerit
948 3503 975 3565 is
991 3504 1046 3586 qui
1062 3504 1231 3567 Quartana
1241 3501 1420 3585 corripitur,
1431 3502 1458 3564 si
1469 3500 1613 3583 quolibet

364 3610 482 3670 rithaud
516 3606 579 3669 alio
602 3605 686 3668 vitae
708 3612 852 3690 tempore
878 3606 939 3687 (vel
963 3606 1061 3670 etiam
1084 3606 1125 3670 ab
1150 3606 1212 3669 hoc
1237 3604 1471 3699 remotissimo)
1501 3602 1613 3665 eadem

364 3676 406 3723 diu
419 3676 449 3723 ab
460 3692 489 3723 ea
802 3708 808 3722 .
965 3710 971 3722 ,
1565 3703 1572 3715 ,

364 3740 472 3787 secunda
516 3708 614 3771 semel
635 3707 836 3787 laborarent,
850 3730 918 3773 non
940 3708 998 3772 dm
1017 3708 1189 3772 admodum
1209 3728 1284 3772 eum
1302 3703 1443 3770 secunda
1463 3705 1524 3767 hac
1543 3723 1613 3765 nce

362 3804 491 3917 {jffimul
516 3808 666 3893 fatigabit
681 3808 821 3889 morbus,
838 3811 895 3875 sed
913 3817 986 3894 post
1000 3832 1119 3894 paucos
1133 3810 1258 3895 aliquot
1272 3826 1477 3895 paroxysmos
1497 3811 1613 3889 sponte

403 3884 461 3917 1ur.
513 3934 576 3977 sua
590 3913 730 3977 solvetur
738 3938 748 3991 ;
775 3913 862 3995 quod
876 3913 960 3976 scitu
975 3914 1109 3995 dignum
1126 3920 1205 3977 crat.

362 4044 461 4093 Isma-
565 4015 647 4099 [16.]
667 4015 1099 4079 Intermittentium⁸autcm
1111 4015 1300 4080 Vemalium
1315 4011 1512 4078 curationem
1528 4009 1614 4093 quod

363 4123 477 4222 ΝΤΕνΝ·
517 4124 650 4203 spectat,
666 4116 741 4181 licet
755 4116 826 4181 illas
842 4139 899 4181 suo
915 4139 1040 4204 semper
1055 4117 1187 4182 arbitrio
1201 4113 1435 4203 permittendas
1452 4111 1613 4176 existima-

362 4188 626 4299 ilaiullverim,
653 4227 686 4285 et
708 4220 791 4284 nihil
812 4241 942 4306 prorsus
968 4220 1171 4295 movendum,
1201 4222 1286 4302 (cum
1311 4236 1407 4281 nemo
1434 4214 1613 4299 quisquam,

362 4302 493 4405 ausano.
517 4324 603 4407 quod
625 4323 732 4403 sciam,
756 4344 866 4388 earum
890 4344 1033 4407 unquam
1059 4342 1157 4409 opera
1181 4322 1255 4385 fatis
1282 4318 1493 4395 concesserit3
1517 4324 1614 4400 atque

363 4391 503 4505 ffi'dss}
516 4446 555 4489 ex
575 4426 715 4505 adverso,
732 4426 787 4509 qui
806 4426 877 4489 illas
898 4426 1027 4509 abigere
1047 4429 1244 4508 sategemnt,
1258 4421 1408 4487 remediis
1424 4419 1614 4505 praesertim

361 4518 486 4633 n⁸llr⁸ri⁵u⁰
515 4528 754 4605 evacuantibus,
766 4528 801 4591 id
814 4534 944 4591 tantum
959 4528 1095 4609 egerint,
1107 4534 1145 4589 ut
1159 4525 1290 4589 morbus
1304 4525 1382 4589 inde
1396 4520 1615 4587 confirmatior

360 4599 460 4712 grand
515 4627 917 4717 pertinaciuspbsisteret)
935 4628 963 4691 si
977 4636 1088 4693 tamen
1102 4628 1288 4713 importuna
1307 4626 1397 4709 aegri
1410 4622 1615 4709 impatientia

360 4714 501 4826 {ffiffigi
515 4730 638 4795 Medici
653 4750 745 4815 opem
762 4729 879 4795 obnixe
894 4731 1058 4813 efflagitet,
1070 4731 1332 4795 Intermittentes
1346 4727 1504 4792 Vemales
1518 4725 1614 4789 variis

359 4842 498 4955 ffll'lffu·
546 4866 557 4891 ¹
573 4860 666 4909 laterna
680 4856 733 4923 lya]
746 4859 798 4907 Has
810 4862 886 4921 ltaque
899 4860 983 4906 Febres
994 4860 1173 4908 Interminatus
1182 4862 1254 4907 vodis
1265 4862 1336 4907 modis
1348 4858 1386 4920 dfe.
1397 4856 1450 4903 edd.
1463 4855 1511 4914 '66,
1524 4855 1571 4901 ’ὅθ’
