3825 5759
512 575 577 637 568
825 572 1020 637 ΤΗΟΜΑΕ
1045 572 1304 637 SYDENHAM

559 732 642 819 [29]
672 732 708 797 Si
721 732 834 817 primis
848 732 953 798 morbi
969 732 1083 797 diebus
1097 754 1193 817 aeger
1206 732 1399 816 haemoptoii
1412 730 1549 810 laboret,
1564 731 1619 796 rel

356 817 497 899 Q
509 837 637 901 urinam
659 836 774 901 reddat
796 836 1019 919 sanguineam,
1034 842 1107 899 tum
1128 835 1234 919 pulvis
1255 842 1289 901 et
1309 835 1465 913 tinctura,
1481 835 1618 918 quaein

509 940 615 1024 capite
625 941 674 1003 De
684 940 875 1023 Hnemopto‘e'
890 939 962 1023 [inf.
974 958 1002 1003 c.
1012 938 1081 1022 48.]
1096 938 1369 1022 praescribuntur,
1381 945 1473 1003 sexta
1487 958 1618 1021 quaque

509 1042 589 1107 hora
607 1041 720 1123 (donec
735 1048 953 1127 symptomata
973 1041 1038 1105 ista
1056 1062 1186 1126 prorsus
1205 1039 1423 1123 cessaverint)
1440 1038 1618 1122 diligenter

510 1144 740 1209 exhibeantur:
765 1166 828 1227 quo
843 1144 942 1209 etiam
957 1165 1035 1209 casu
1048 1145 1235 1229 paregoriea
1248 1143 1375 1209 liberali
1390 1164 1492 1208 manu
1506 1142 1615 1226 propi-

510 1245 630 1311 nanda.

944 1401 1039 1465 CAP.
1063 1400 1168 1465 XVI.t

857 1531 906 1593 De
923 1530 1042 1594 carrea
1057 1532 1167 1595 Sancti
1188 1534 1262 1597 Vati.

388 1672 439 1748 qr}
467 1687 492 1719 e·
554 1658 810 1723 Corvunsrours
836 1658 955 1741 species
982 1658 1140 1742 quaedam
1163 1667 1231 1739 est3
1264 1680 1380 1743 pueros
1405 1660 1567 1744 puellasve
1593 1682 1613 1726 a

357 1752 403 1784 ⁸⁰¹³
441 1752 462 1785 α
510 1761 633 1825 decimo
649 1761 762 1825 aetatis
785 1780 871 1825 anno
893 1760 934 1824 ad
955 1760 1161 1843 pubertatem
1178 1762 1322 1827 invadit:
1344 1762 1508 1847 proditae
1525 1764 1611 1829 olau-

509 1865 679 1943 dieetione,
696 1866 744 1929 vel
758 1864 982 1943 instabilitate,
994 1864 1183 1929 alterutrius
1197 1865 1310 1941 cruris,
1327 1865 1413 1948 quod
1428 1887 1526 1949 aeger
1538 1876 1612 1951 post

508 1988 542 2032 se
555 1968 656 2033 trahit
670 1968 834 2033 fatuorum
848 1988 938 2032 more
946 1993 955 2046 ;
978 1989 1115 2033 manum
1129 1968 1275 2053 ejusdem
1291 1968 1410 2047 lateris,
1425 1970 1475 2034 vel
1489 1970 1612 2053 pectori

507 2070 558 2135 vel
572 2069 627 2135 alii
642 2070 738 2135 alicui
748 2070 834 2154 parti
844 2070 1040 2154 applicitam,
1055 2072 1170 2155 nequit
1184 2072 1352 2138 continere
1365 2072 1402 2135 in
1416 2072 1530 2137 eodem
1544 2072 1612 2138 situ

508 2172 606 2237 horae
627 2181 803 2253 momento,
826 2172 884 2239 sed
904 2173 940 2238 in
963 2170 1064 2239 alium
1088 2175 1189 2239 situm
1214 2180 1248 2239 et
1273 2174 1382 2239 locum
1405 2175 1611 2241 convulsione

509 2273 772 2359 distorquebitur,
795 2275 949 2359 quioquid
974 2298 1071 2361 aeger
1093 2286 1208 2345 eontra
1228 2277 1364 2343 nitatur.
1422 2278 1610 2362 Antequam

508 2376 661 2461 poculum
675 2376 717 2443 ad
731 2398 767 2443 os
781 2379 881 2462 possit
896 2380 1066 2460 addacem,
1081 2382 1171 2446 mille
1186 2381 1448 2465 gesticulationes
1465 2381 1610 2463 (simula-

508 2486 615 2545 torom
631 2479 756 2563 instar,)
774 2480 939 2547 exhibebit
946 2508 956 2561 ;
980 2504 1049 2547 nou
1070 2483 1158 2549 enim
1179 2491 1271 2549 reeta
1284 2483 1372 2549 linea
1385 2482 1435 2547 ori
1451 2484 1609 2562 admovet,

508 2582 575 2662 sed,
601 2581 741 2649 deducta
766 2604 786 2647 a
808 2605 935 2667 spasmo
959 2606 1070 2663 mauu,
1093 2585 1159 2651 hue
1183 2586 1262 2651 illue
1283 2585 1473 2670 aliquandiu
1494 2594 1609 2665 versat,

508 2688 612 2753 donee
632 2688 776 2767 taudem,
791 2687 875 2753 forte
897 2688 1030 2755 fortuna
1042 2689 1141 2755 labris
1163 2690 1295 2774 propius
1316 2710 1492 2773 apponens,
1506 2690 1612 2773 liquo·

509 2811 578 2855 rem
593 2790 767 2875 derepente
788 2790 824 2855 in
843 2812 879 2855 os
899 2790 1014 2875 injicit,
1030 2798 1064 2857 et
1082 2791 1173 2858 aride
1191 2792 1312 2872 haurit,
1328 2790 1438 2859 dedita
1455 2798 1614 2876 tanquam

508 2914 606 2978 opera
619 2900 658 2959 ut
673 2893 893 2978 spectantibus
908 2894 1010 2961 risum
1024 2903 1177 2961 moveret.

361 3006 493 3058 curario.
555 2997 618 3083 [2.]
647 2998 786 3083 Sanguis
812 2998 853 3063 ad
876 3000 990 3065 uncins
1012 3006 1096 3078 octt),
1120 2998 1193 3084 plus
1215 2998 1325 3065 minus
1348 3018 1408 3083 ΡΝ
1432 3004 1550 3077 Reme»
1571 3018 1614 3065 ⁰¹

509 3100 641 3165 brachio
656 3101 823 3167 educatur.

558 3203 619 3289 [3.]
647 3204 710 3269 Die
732 3204 880 3288 sequenti
895 3202 1030 3269 dimidia
1049 3225 1124 3288 pars
1145 3204 1195 3271 rel
1212 3202 1367 3287 quiddam
1387 3202 1525 3287 amplius
1542 3202 1615 3287 (pro

508 3306 634 3372 ratione
656 3306 794 3389 aetatis)
821 3305 967 3371 Potionis
988 3306 1180 3373 Communis
1205 3306 1395 3384 hauriatur3
1432 3312 1467 3371 et
1488 3306 1615 3391 vesperi

510 3408 683 3471 haustulus
698 3429 837 3491 sequens
851 3408 1042 3492 propinetur
1051 3434 1105 3475 :-

509 3518 612 3596 [Form.
626 3536 721 3603 181.]ιι
743 3532 775 3615 Ρ.
793 3536 887 3605 Aquae
900 3535 1058 3589 Cerasomrn
1071 3534 1215 3606 Nigrorum
1227 3536 1336 3589 uneiam
1347 3550 1440 3598 mam,

790 3622 884 3690 Aquae
897 3620 1065 3693 Epileptioae
1077 3622 1174 3693 langii
1186 3620 1325 3675 drachmas
1337 3628 1399 3684 Μ

789 3710 934 3767 Theriaeae
945 3710 1127 3767 Andromaehi
1138 3712 1291 3783 scrupulum
1303 3727 1397 3775 unum,

791 3796 914 3851 laudaui
926 3797 1037 3869 Liquidi
1049 3806 1140 3869 gsrttas
1152 3806 1228 3862 octos

650 3882 712 3939 Fiat
721 3883 839 3939 haustus.

509 4023 605 4089 Potio
627 4022 805 4089 cathartica
826 4022 868 4089 ad
889 4028 956 4089 tres
978 4022 1063 4089 vices
1085 4022 1219 4087 alternis
1241 4020 1355 4087 diebus
1376 4024 1555 4105 repetatur,
1577 4025 1614 4084 et

508 4126 645 4193 haustus
659 4126 864 4211 paregorieus
878 4125 994 4191 iisdem
1008 4124 1170 4191 noctibus.

557 4228 619 4314 [4.]
646 4230 765 4295 Postea
786 4228 916 4313 sanguis
938 4228 1059 4292 itemm
1081 4226 1290 4304 extrahatur;
1320 4224 1414 4291 etad
1436 4224 1612 4303 eatbarsin,

507 4332 558 4398 uti
572 4332 671 4416 prius,
688 4352 784 4416 aeger
800 4337 998 4398 revertetiu:
1021 4338 1056 4395 et
1075 4331 1122 4395 sie
1139 4329 1272 4414 sangnis
1291 4329 1452 4407 mittatur,
1472 4334 1507 4393 et
1521 4326 1613 4391 alvus

508 4433 718 4514 subducatur,
734 4434 775 4499 ad
789 4434 921 4499 tertiam
936 4440 1123 4518 quartamre
1137 4433 1259 4511 vioem3
1281 4432 1387 4517 spatio
1400 4438 1512 4497 tamen
1525 4429 1614 4493 inter

508 4536 649 4601 alternas
670 4538 893 4603 assonationes
915 4535 1093 4616 observato,
1113 4543 1152 4601 ut
1173 4534 1256 4601 nihil
1277 4534 1411 4619 periculi
1433 4551 1530 4615 aegro
1551 4531 1613 4594 im·

509 4638 642 4703 mineat.

576 4764 584 4799 ²
601 4766 639 4815 Cl.
652 4768 731 4815 Scled.
744 4767 827 4813 Hosti.
840 4768 860 4815 1.
873 4768 885 4825 l
900 4766 929 4813 1⁸
940 4780 976 4827 sq.
1324 4772 1339 4799 ¹¹
1356 4764 1394 4812 cl.
1405 4762 1475 4811 form.
1491 4762 1545 4809 los.
