3825 5759
509 629 574 692 164
819 625 1015 692 'rHOMAE
1038 625 1297 691 SYDENHAM

364 801 493 850 euocari
507 807 578 850 eam
594 786 672 850 anni
686 794 822 872 partem,
838 809 920 871 quae
935 793 1092 852 aestatem
1105 787 1287 871 fugientem
1300 792 1398 871 atque
1412 791 1610 851 autumnum

354 865 493 978 Αξζξῗξξ
506 889 733 953 imminentem
752 891 987 973 complectitur,
1005 890 1111 972 (unice
1126 911 1164 952 ac
1181 890 1293 954 eadem
1311 911 1441 972 prorsus
1455 889 1530 967 fide,
1545 909 1612 971 qua

355 1001 494 1009 Q
508 991 589 1055 veris
611 991 786 1075 primordia
805 992 1006 1070 hirundines,
1023 1000 1081 1055 aut
1101 992 1303 1074 insequentis
1322 991 1525 1075 tempestatis
1545 992 1610 1054 fer-

507 1117 616 1158 vorem
630 1095 785 1178 cuculus)
801 1117 908 1159 amare
923 1096 1125 1160 consuevitss:
1149 1097 1204 1178 qui
1219 1095 1259 1159 ab
1270 1095 1414 1178 ingluvie
1428 1116 1466 1160 ac
1479 1096 1612 1178 crapula

507 1197 599 1260 nullo
617 1197 773 1280 temporis
796 1197 980 1261 discrimine
999 1197 1119 1280 passim
1140 1197 1299 1261 excitatur
1321 1198 1466 1276 affectus,
1483 1197 1610 1261 ratione

508 1306 762 1383 symptomatum
784 1321 851 1364 non
869 1300 1034 1378 absimilis,
1048 1321 1111 1364 nec
1132 1300 1270 1364 eandem
1289 1301 1465 1364 curationis
1483 1301 1611 1364 metho-

355 1415 473 1488 eholerse
508 1401 588 1466 dum
609 1423 773 1484 respuens,
790 1409 903 1466 tamen
925 1402 1058 1466 alterius
1080 1409 1130 1465 est
1152 1401 1307 1468 subsellii.
1351 1403 1479 1466 Malum
1500 1403 1609 1485 ipsum

356 1479 491 1606 fflssssod*
508 1503 601 1568 facile
618 1505 840 1587 cognoscitur:
863 1505 982 1568 adsunt
1004 1505 1093 1568 enim
1107 1505 1247 1568 vomitus
1267 1525 1425 1583 enormes,
1440 1526 1478 1568 ac
1496 1525 1610 1589 pravo·

508 1629 582 1672 rum
610 1608 785 1672 humorum
814 1628 889 1672 cum
918 1608 1060 1671 maxima
1088 1607 1278 1671 difficultate
1307 1614 1341 1672 et
1370 1607 1522 1690 angustia
1548 1627 1610 1690 per

508 1711 615 1774 alvum
630 1711 787 1796 dejecti03
810 1711 931 1774 ventris
946 1732 984 1774 ac
1003 1710 1233 1774 intestinorum
1253 1710 1345 1774 dolor
1360 1709 1542 1789 vehemens,
1556 1710 1610 1772 in-

507 1813 597 1876 flatio
616 1819 649 1877 et
669 1813 823 1877 distentio
832 1839 841 1892 3
865 1813 1048 1896 cardialgia,
1065 1813 1145 1891 sitis,
1160 1814 1272 1896 prdem
1292 1813 1377 1878 celer
1396 1833 1434 1875 ac
1447 1812 1608 1895 frequens,

508 1935 582 1978 cum
598 1922 690 1978 aestu
704 1923 741 1994 et,
755 1915 928 1991 anxietate,
943 1936 1011 1978 non
1026 1937 1099 1979 raro
1113 1915 1214 1978 etiam
1232 1936 1348 1998 parvus
1363 1921 1397 1978 et
1410 1914 1606 1996 inaequalis3

507 2015 640 2100 insuper
654 2024 686 2080 et
701 2037 823 2080 nausea
843 2017 1070 2080 molestissima
1078 2043 1088 2095 3
1111 2016 1210 2080 sudor
1228 2016 1395 2081 interdum
1413 2016 1608 2100 diaphoreti-

508 2137 564 2182 eus
574 2143 583 2194 ς
610 2139 741 2180 crurum
763 2123 796 2181 et
818 2117 1022 2181 brachiorum
1042 2124 1266 2196 contractura,
1290 2118 1391 2182 animi
1410 2117 1606 2201 deliquium3

507 2218 648 2302 partium
671 2227 887 2284 extremarum
913 2219 1091 2302 frigiditas;
1115 2241 1191 2284 cum
1216 2221 1288 2284 aliis
1313 2221 1487 2284 consimilis
1508 2228 1607 2285 notae

508 2324 741 2406 symptomatis,
754 2346 835 2406 quae
846 2331 990 2388 astantes
1000 2347 1196 2408 magnopere
1206 2325 1478 2409 perterrefaciant,
1490 2322 1607 2407 atqueh

507 2425 606 2490 etiam
621 2433 759 2508 angusto
773 2423 889 2509 viginti
904 2435 1043 2510 quatuor
1061 2428 1215 2492 horarum
1229 2429 1333 2511 spatio
1347 2449 1481 2510 aegrum
1494 2427 1607 2491 interi·

507 2537 609 2594 mant.
661 2532 721 2594 Est
736 2532 835 2595 etiam
850 2539 883 2596 et
899 2532 1037 2596 Cholera
1051 2533 1135 2598 sicca
1149 2556 1170 2598 a
1183 2534 1298 2616 spiritu
1312 2534 1449 2597 ssatuoso
1463 2555 1560 2616 supra
1572 2541 1607 2598 et

506 2633 592 2698 infra
605 2641 804 2718 erumpente,
815 2635 926 2718 idque¹
937 2635 1007 2699 sine
1019 2636 1143 2700 vomitu
1150 2637 1201 2700 vel
1213 2657 1339 2699 secessu
1341 2662 1351 2713 ;
1370 2636 1462 2719 cujus
1472 2636 1606 2699 unicum

507 2735 665 2800 duntaxat
687 2738 869 2821 exemplum
889 2759 943 2802 me
961 2737 1077 2802 vidisse
1094 2738 1229 2802 memini
1249 2738 1395 2802 ineunteJ
1410 2738 1508 2821 hujus
1527 2738 1608 2801 anni
1667 2775 1671 2780 -

506 2846 674 2918 autumno,
691 2863 754 2923 quo
774 2848 919 2925 tempore
933 2841 1022 2925 prior
1042 2842 1099 2906 illa
1116 2841 1237 2925 species
1257 2841 1338 2904 mihi
1355 2840 1557 2920 creberrime,
1572 2848 1607 2904 et

505 2941 590 3006 facto
606 2943 696 3026 quasi
711 2943 850 3026 agmine,
868 2965 937 3008 sese
952 2943 1081 3006 obtulit.

354 3043 485 3116 corano.
555 3046 616 3129 [2.]
645 3045 786 3110 Sedrrlak
801 3047 920 3110 mentis
936 3046 1150 3129 applicatione
1165 3052 1198 3110 et
1212 3046 1384 3130 multiplici
1398 3047 1497 3110 etiam
1511 3067 1606 3130 expe-

351 3139 492 3206 ffiio‘
505 3148 623 3211 rientia
642 3149 784 3227 edoctus,
808 3149 904 3231 quod,
926 3149 954 3211 si
973 3149 1051 3212 hinc
1071 3170 1159 3212 acres
1175 3149 1254 3212 istos
1275 3149 1437 3228 humores,
1457 3149 1605 3213 fomitem

352 3220 489 3333 ffli‘ffi,
507 3249 621 3326 morbi,
641 3251 825 3313 catharticis
849 3250 1007 3332 expellere
1029 3272 1172 3329 conarer,
1190 3251 1277 3314 idem
1300 3271 1428 3334 agerem
1458 3259 1556 3335 atque
1576 3251 1605 3314 is

348 3347 498 3460 ffetchffilip
508 3351 563 3434 qui
577 3351 687 3432 ignem
708 3352 778 3416 oleo
795 3350 997 3434 extinguere¹
1016 3354 1145 3435 satagit,
1161 3374 1236 3416 cum
1255 3354 1424 3417 cathartici
1438 3354 1489 3416 vel
1507 3353 1605 3416 lenis·

351 3478 466 3536 gentian,
506 3451 579 3515 simi
604 3452 746 3535 operatio
776 3453 885 3516 omnia
912 3454 1017 3536 magis
1042 3455 1256 3537 perturbaret,
1283 3463 1317 3519 et
1345 3477 1444 3519 novos
1472 3456 1606 3538 insuper

351 3547 465 3653 mna
505 3554 658 3618 excitaret
673 3555 834 3618 tumultus
843 3581 853 3632 ;
876 3564 909 3619 et
925 3555 952 3618 si
967 3577 1006 3620 ex
1025 3557 1157 3621 adverso
1171 3558 1415 3622 medicamentis
1433 3558 1605 3622 namoticis

350 3639 468 3729 quernis-
505 3657 638 3739 aliisque
653 3657 908 3739 astringentibus
922 3659 959 3721 in
972 3659 1042 3742 ipso
1053 3661 1165 3723 statim
1178 3660 1291 3724 limine
1304 3661 1446 3744 primum
1459 3660 1605 3724 humoris

351 3749 419 3790 ¹⁶¹⁰*
503 3759 662 3842 impetum
677 3779 920 3840 compescerem,
937 3761 1016 3824 dum
1032 3763 1174 3825 naturali
1188 3762 1389 3826 evacuationi
1404 3761 1603 3840 obsisterem,

504 3869 537 3926 et
566 3862 706 3925 invitum
732 3863 901 3926 humorem
927 3863 1116 3944 detinerem,
1141 3886 1247 3948 aeger,
1272 3864 1405 3928 inimico
1429 3863 1604 3928 visceribus

503 3963 638 4042 incluso,
659 3963 744 4027 bello
764 3963 920 4031 intestino
941 3965 1077 4029 indubie
1095 3967 1325 4030 conficeretur:
1350 3966 1409 4030 bas
1432 3967 1600 4050 (inquam)

503 4064 544 4130 ob
567 4086 689 4144 causas,
704 4065 812 4128 media
832 4066 912 4129 mihi
930 4067 983 4130 via
1000 4067 1218 4131 insistendum
1233 4089 1301 4131 esse
1321 4067 1408 4147 duxi,
1423 4075 1462 4131 ut
1484 4069 1605 4152 partim

503 4167 624 4232 scilicet
644 4168 814 4233 humorem
836 4189 1034 4246 evacuarem,
1049 4171 1168 4253 partim
1187 4171 1286 4234 etiam
1308 4170 1475 4235 diluerem.
1512 4170 1604 4234 Mor·

502 4369 680 4420 narraremus
693 4365 764 4411 videa.
798 4365 839 4410 ru
852 4367 910 4411 enlm
925 4381 1028 4411 aman·
1072 4367 1144 4412 centis
1154 4367 1211 4411 aaut
1224 4363 1396 4413 lectrum&

502 4442 570 4487 quum
586 4433 612 4472 ut
628 4430 731 4474 noscenti
743 4428 797 4489 jum
809 4425 876 4488 felm‘
892 4435 932 4477 sut
947 4430 1029 4476 sultam
1104 4426 1116 4457 ¹¹
1133 4426 1373 4489 Serra—cumea]
1386 4443 1434 4476 om.
1446 4428 1482 4476 ed.
1495 4428 1544 4476 '68.

503 4492 736 4550 awdtcopostautom
748 4493 1030 4552 intervallairteaffcctua
1106 4489 1111 4520 ¹
1129 4496 1204 4555 ignem
1224 4496 1272 4540 oleo
1298 4491 1399 4555 στήῃ]
1423 4494 1504 4539 “Olea
1523 4494 1601 4539 iacta·

504 4557 662 4654 reponentur,-
679 4556 791 4632 lucturam
803 4556 841 4642 tpc.
854 4557 889 4604 ed
903 4558 951 4608 ¹68.
1073 4560 1136 4605 dmm
1152 4560 1301 4620 rutiagaere,
1313 4557 1364 4633 dici
1374 4556 1473 4605 solitum
1487 4555 1530 4604 ubi
1545 4555 1602 4617 quis

537 4615 807 4742 scaeua
1074 4621 1478 4746 muratarum
1491 4619 1602 4746 <suu

536 4741 541 4771 ¹
559 4744 758 4806 idque-recessu]
770 4761 817 4792 om,
829 4747 866 4792 ed.
879 4747 925 4794 ¹68.
1074 4751 1152 4810 Adog.
1164 4749 1179 4795 i.
1192 4752 1214 4798 2
1229 4749 1279 4810 10.)

536 4805 544 4846 l
559 4807 751 4870 tmere-ormi]
769 4812 835 4871 idque
847 4813 937 4858 turricle
949 4828 1031 4859 ercur-
