3825 5759
682 665 945 733 TRACTATUS
969 671 1017 734 ΙΙ.
1334 674 1399 737 465

297 841 379 904 quae
405 823 454 887 vel
480 822 540 889 hoo
565 824 672 909 ipsum
697 828 879 907 emeticum,
903 830 943 893 de
970 851 1033 914 quo
1055 832 1125 915 jam
1151 832 1286 914 agimus,
1309 831 1397 899 haud
1427 851 1470 899 Da
1483 852 1540 901 nr-

295 923 445 989 infimum
466 926 573 991 locum
598 930 711 1011 tenet)
737 931 830 997 nobis
853 933 1113 1017 suppeditaverit,
1136 941 1233 1019 atque
1258 956 1330 999 eam
1354 936 1395 1000 ob
1408 930 1549 997 Q

295 1046 425 1093 oausam
443 1029 482 1111 (si
503 1031 590 1095 intra
606 1032 876 1118 pharmacopoeae
895 1035 1015 1101 limites
1034 1037 1262 1121 contineatur,)
1280 1060 1331 1103 ars
1346 1045 1395 1103 est

296 1132 374 1199 satis
397 1134 527 1216 quidem
549 1136 736 1218 laudabilis,
760 1146 905 1205 attamen
924 1161 986 1205 nec
1004 1140 1053 1204 illi
1075 1141 1170 1225 eulpa
1194 1143 1263 1225 (aut
1281 1144 1395 1207 saltem

295 1238 422 1319 errore)
443 1246 568 1318 vacant,
591 1242 647 1324 qui
672 1242 839 1307 cerebrum
861 1243 922 1307 sibi
940 1264 1081 1327 eousque
1103 1246 1335 1311 excalefaciunt
1358 1268 1396 1310 ac

295 1346 458 1421 torquent,
474 1348 512 1405 ut
523 1342 655 1407 tandem
670 1344 868 1409 arbitrentur
877 1346 993 1409 Artem
1004 1346 1168 1411 Medicam
1182 1348 1218 1411 in
1232 1348 1294 1413 hoc
1303 1370 1394 1433 prae-

295 1442 406 1505 sertim
421 1442 564 1524 defioere,
581 1447 667 1529 quod
681 1448 830 1513 remediis
845 1448 972 1531 magnis
987 1454 1084 1532 atque
1099 1450 1278 1513 efficacibus
1292 1472 1313 1515 a
1329 1452 1396 1515 sola

296 1542 525 1627 Chymicorum
539 1550 782 1632 praeparatione
792 1557 889 1633 atque
904 1572 1002 1634 opera
1008 1550 1103 1615 nobis
1114 1551 1396 1617 subministrandis
1407 1568 1546 1683 ffiffl‘

295 1644 457 1728 indigeat:
488 1651 615 1715 cumei
641 1652 696 1734 qui
721 1672 790 1715 rem
812 1659 900 1717 recte
925 1654 1139 1737 perpenderit,
1166 1654 1243 1717 eatis
1264 1655 1394 1737 liqueat,
1408 1698 1549 1747 defectuum
1652 1738 1656 1745 ¹

295 1749 502 1833 praecipuum
525 1752 708 1819 Medicinae
734 1754 899 1820 faciendae
922 1755 1084 1821 defectum
1105 1778 1173 1821 nou
1194 1757 1230 1820 in
1255 1778 1293 1821 eo
1314 1758 1395 1821 verti
1408 1776 1550 1837 epaonver-

296 1849 382 1931 quod
401 1842 581 1918 nesciamus
597 1876 660 1938 quo
680 1863 773 1941 pacto
791 1858 867 1923 huic
884 1864 941 1923 aut
955 1859 1004 1923 illi
1020 1858 1196 1923 intentioni
1214 1858 1395 1923 satisfacere
1407 1826 1546 1943 {¹32ssss

259 2036 263 2047 .
295 1950 478 2032 debeamus,
498 1955 555 2019 sed
577 1957 663 2040 quod
683 1980 749 2023 non
772 1960 849 2024 satis
869 1960 1007 2025 sciamus
1029 1982 1189 2045 quaenam
1212 1962 1254 2024 sit
1271 1961 1327 2025 illa
1344 1962 1394 2025 in·
1407 1964 1538 2068 mlx?

294 2054 399 2119 tentio
418 2057 471 2120 oui
488 2058 749 2125 satisfaciendum
764 2069 831 2127 est:
862 2084 934 2127 cum
953 2064 1005 2127 vel
1022 2063 1215 2128 rudissimus
1237 2064 1395 2148 quispram
1407 2082 1445 2159 itu
1455 2084 1536 2161 anaq-

295 2156 564 2243 Pharmacopolae
590 2164 733 2229 servulus
755 2165 842 2229 intra
868 2165 1039 2231 dimidium
1061 2166 1159 2231 horae
1183 2166 1395 2251 quadrantem
1408 2154 1550 2197 ²¹⁰¹¹¹⁸⁸³¹⁹

295 2266 420 2325 oertrun
449 2284 502 2327 me
530 2264 626 2331 faciet
664 2288 728 2350 quo
763 2268 1000 2335 medicamento
1029 2269 1247 2348 vomitionem,
1277 2212 1540 2355 purga.i,⁸,⁰,‘,f,⁰ui‚‘'

296 2361 427 2443 tionem,
443 2366 492 2431 vel
512 2368 655 2448 sudores,
675 2371 862 2453 provocabo,
880 2372 931 2435 vel
952 2371 1150 2455 refrigerabo
1172 2379 1394 2450 aestuantem
1408 2341 1527 2455 ssffiff

295 2470 329 2529 at
358 2487 433 2533 vero
458 2468 494 2533 in
516 2470 676 2553 palaestra
700 2472 825 2537 medica
849 2473 948 2557 probe
972 2474 1165 2539 exercitatus
1191 2474 1233 2538 sit
1259 2481 1395 2558 oportet,
1408 2484 1529 2595 {ffi'm

296 2566 352 2649 qui
365 2568 435 2650 pari
449 2572 643 2637 certitudine
658 2596 711 2639 me
726 2575 839 2641 docere
859 2583 956 2659 queat
975 2576 1034 2640 ubi
1051 2577 1114 2641 hoo
1130 2576 1181 2640 vel
1198 2576 1280 2641 illud
1293 2598 1395 2641 reme·
1409 2597 1442 2644 ar
1453 2598 1497 2673 itta
1509 2599 1548 2647 in-

295 2666 422 2734 diarum
437 2692 540 2754 genus
558 2674 593 2739 in
615 2696 713 2741 usum
732 2698 879 2745 revocare
899 2678 1034 2743 debeam
1048 2699 1106 2762 per
1120 2699 1250 2743 omnem
1268 2678 1396 2745 morbo·
1409 2664 1536 2774 ζξξξζζί

294 2791 420 2840 rumac
435 2777 639 2841 curationum
654 2779 834 2871 choraitum.
1408 2789 1548 2839 endum

340 2873 424 2961 [24]
452 2880 496 2943 Et
511 2880 641 2963 quidem
656 2882 851 2947 certissimus
871 2904 943 2947 sum
962 2882 1045 2946 nihil
1063 2903 1164 2966 aeque
1180 2882 1221 2945 ad
1235 2880 1395 2966 judicium
1407 2893 1448 2969 aa
1456 2897 1524 2971 jusi.

294 2976 354 3043 hac
379 2980 415 3044 in
440 3002 475 3047 re
504 2982 566 3049 rite
594 2984 800 3049 formandum
829 2986 984 3064 conferre,
1014 2996 1110 3067 atque
1138 2982 1393 3049 observationem
1405 2973 1543 3074 ffiffi„

293 3084 527 3151 exactissimam
542 3084 739 3172 φαινομένων
752 3088 949 3152 nattualium
965 3094 999 3151 et
1013 3084 1209 3163 morborum,
1225 3091 1258 3149 et
1271 3083 1393 3168 pariter
1405 3086 1548 3201 mpura-tu

294 3204 406 3251 eorum
426 3210 508 3271 quae
526 3189 562 3253 in
583 3189 674 3273 praxi
695 3188 875 3255 cernuntur*
890 3211 910 3254 a
924 3188 1115 3274 juvantibus
1138 3194 1171 3251 et
1188 3186 1392 3252 laedentibus
1405 3214 1466 3263 ntia
1476 3232 1542 3265 mor-

292 3284 444 3366 derivata,
459 3297 532 3371 post
552 3311 590 3354 ea
611 3291 676 3355 sive
695 3292 837 3357 remedia
857 3299 1021 3377 usurpata,
1037 3292 1102 3359 sive
1124 3291 1223 3355 etiam
1240 3290 1392 3355 medendi
1404 3278 1492 3327 borum

292 3387 482 3453 methodum
497 3391 603 3469 istam,
619 3392 737 3477 quibus
752 3394 879 3461 morbos
895 3395 1054 3480 depellere
1068 3394 1255 3479 satagimus.
1289 3392 1390 3470 Haec,
1403 3343 1548 3485 imile

292 3490 319 3553 si
335 3492 507 3575 diligenter
520 3494 607 3559 inter
621 3516 655 3559 se
670 3497 786 3563 collata
799 3498 931 3577 haeriut,
946 3499 1028 3563 mihi
1042 3498 1215 3563 ostendent
1234 3506 1267 3562 et
1285 3497 1391 3562 morbi
1401 3481 1535 3585 '¹¹'}¹¹¹¹:‚

291 3600 453 3674 astruam,
477 3602 510 3661 ct
533 3596 665 3683 insuper
689 3601 853 3667 undenam
878 3603 1040 3667 curativae
1061 3601 1274 3666 indicationes
1296 3601 1389 3664 desu-
1402 3600 1545 3664 tiadiligea-

291 3697 428 3763 mendae
447 3694 523 3777 sint,
543 3700 639 3785 longe
661 3702 776 3767 melius
798 3706 990 3788 certiusque,
1007 3726 1104 3789 quam
1128 3705 1156 3767 si
1179 3703 1221 3769 ad
1245 3704 1389 3787 specula·
1402 3666 1543 3788 {lviiii}

290 3799 413 3866 tionem
435 3808 571 3869 natiuae
594 3804 693 3889 hujus
718 3813 775 3871 aut
799 3806 884 3871 illius
905 3807 1054 3892 principii
1076 3807 1216 3890 corporis
1237 3806 1388 3884 concreti,
1402 3799 1551 3908 31²2ssss-

289 3910 446 3987 tanquam
469 3905 511 3971 ad
531 3906 770 3991 Cynosuramm,
791 3930 921 3975 emaum
945 3910 1100 3994 dirigam:
1123 3909 1245 3974 etenim
1264 3909 1314 3972 vel
1336 3895 1491 3999 er-anmt'

290 4006 515 4089 quisitissimac
538 4008 635 4094 hujus
659 4012 785 4095 generis
814 4012 1054 4077 dissertationes
1083 4010 1167 4075 nihil
1193 4010 1282 4075 aliud
1312 4000 1520 4112 suntssffi:

288 4128 386 4189 quam
407 4110 596 4194 metaphora
613 4112 697 4177 belle
719 4112 857 4179 deducta
874 4122 1101 4195 exornataque,
1116 4132 1200 4196 quae
1217 4112 1315 4174 etiam
1336 4110 1388 4192 (ad
1400 4078 1519 4204 maimu-

288 4231 400 4275 eorum
413 4214 516 4277 instar
530 4216 675 4279 omnium
691 4238 772 4299 quae
793 4216 829 4279 in
849 4237 946 4281 scena
966 4214 1216 4297 imaginationis,
1231 4233 1299 4275 non
1313 4234 1387 4276 vero
1400 4190 1536 4303 {23¹ss

287 4310 323 4373 in
344 4313 414 4395 ipsa
427 4334 537 4377 ronam
555 4322 682 4393 natura,
696 4316 946 4381 fimdamentum
968 4317 1112 4397 habent)
1130 4316 1198 4379 dies
1217 4313 1335 4378 delebit
1350 4336 1387 4379 ac
1399 4317 1542 4368 certatione.

1400 4394 1474 4441 quarn
1486 4382 1522 4430 la-

286 4420 449 4497 proteret3
472 4435 547 4479 cum
568 4416 715 4481 Naturae
730 4418 862 4500 judicia,
880 4439 990 4483 rerum
1008 4418 1136 4483 veritati
1157 4424 1386 4501 superstructa,
1399 4443 1538 4495 astruam.

285 4538 353 4582 non
367 4517 430 4581 nai
445 4538 520 4581 cum
535 4516 604 4600 ipsa
619 4518 748 4583 Natum
761 4519 994 4585 utendam.
1398 4512 1530 4623 ξξξζζῗξξ·

334 4618 417 4703 [25.]
446 4618 600 4685 Quamvis
622 4628 730 4685 autem
754 4620 947 4705 hypotheses
962 4620 1233 4707 speculationibus
1246 4620 1385 4706 philoso-

317 4792 333 4816 “
352 4786 505 4851 Cynosuram]
526 4748 598 4837 Sidus
614 4790 679 4853 quod
697 4790 804 4839 maxime
822 4792 991 4839 servabantur
1010 4789 1145 4853 navigando
1160 4788 1228 4853 'l‘yrli
1243 4797 1267 4839 et
1283 4789 1383 4841 Sidonii.

285 4852 323 4903 Gi
339 4852 442 4901 Pacciol.
455 4855 512 4902 Iar.

802 4939 822 5001 3
840 4958 859 4999 o
