3825 5759
526 649 592 710 300
773 683 777 694 ·
839 641 1035 707 'PHOMAE
1059 641 1319 707 SYDENHAM

373 822 514 877 nannen-
527 806 627 871 thodo
648 803 919 889 adjungebantur,
937 803 1166 869 incommodis:
1192 823 1298 886 neque
1318 821 1371 865 me
1390 799 1504 865 fefellit
1524 799 1665 864 diaeta
1756 874 1757 887 χ

377 907 516 993 &Q
529 933 547 974 e
562 930 632 973 sero
646 908 738 972 lactis
752 906 989 991 phlebotomiae
1002 907 1073 971 loco
1087 904 1273 970 substituta

375 982 490 1031 ristona
578 1011 661 1097 [60.]
689 1012 881 1094 Praegressa
911 1017 1032 1074 aestate
1059 1009 1311 1093 Pharmacopola
1334 1007 1416 1070 mihi
1444 1007 1480 1070 in
1502 1007 1659 1085 vicinia,
1756 992 1757 1019 l

528 1117 661 1180 nomine
687 1115 845 1194 Malthus,
875 1114 934 1198 (vir
957 1113 1085 1197 probus,
1109 1120 1142 1177 et
1164 1113 1297 1196 ingenio
1317 1133 1386 1175 non
1406 1111 1558 1194 vulgari)
1591 1131 1660 1174 me

529 1219 719 1284 accersebat.
777 1216 1023 1282 Rheumatismo
1055 1225 1165 1280 autem
1198 1216 1315 1279 misere
1343 1213 1549 1278 cruciabatur
1593 1214 1657 1276 his

529 1321 753 1407 symptomatis
782 1320 918 1403 stipato:
949 1319 1122 1384 coxendice
1150 1317 1255 1402 primo
1284 1317 1326 1381 ad
1350 1316 1488 1381 biduum
1510 1315 1655 1379 claudi·
1756 1338 1757 1343 ¹

529 1425 632 1504 cahat,
659 1423 774 1489 exinde
803 1423 973 1507 pulmones
998 1422 1107 1486 dolore
1131 1419 1343 1484 tentabantur
1369 1419 1531 1502 gravativo
1557 1440 1651 1482 cum

529 1528 700 1612 dyspnoea,
722 1547 803 1610 quae
822 1533 895 1609 post
915 1524 1004 1589 aliud
1021 1525 1123 1588 ferme
1141 1523 1279 1587 biduum
1299 1520 1508 1586 evanescebat
1517 1547 1527 1599 3
1554 1520 1650 1584 dein
1745 1522 1749 1613 J

527 1637 625 1713 caput
644 1629 852 1693 vehementer
871 1627 977 1711 coepit
999 1627 1116 1705 dolere,
1134 1647 1208 1690 mox
1232 1625 1330 1689 etiam
1349 1623 1507 1688 coxendix
1526 1622 1649 1686 dextri

527 1730 647 1810 lateris,
663 1751 746 1814 quae
760 1729 906 1793 omnium
921 1728 1025 1811 primo
1043 1727 1210 1792 laborabat
1219 1753 1229 1806 ;
1252 1734 1437 1811 posteaque,
1448 1745 1508 1809 pro
1525 1725 1648 1789 morbi
1756 1756 1757 1775 κ

527 1832 646 1913 indole,
670 1853 781 1897 omnes
807 1833 874 1897 fere
899 1839 969 1896 tam
993 1831 1197 1896 brachiorum
1224 1853 1321 1915 quam
1346 1852 1478 1897 crurum
1503 1830 1646 1895 articuli

526 1955 584 2016 per
605 1935 690 1998 vices
712 1933 978 1998 molestabantur.
1024 1934 1109 1997 Cum
1129 1934 1275 1999 debiliori
1297 1941 1381 2000 esset
1403 1941 1436 1998 et
1456 1934 1540 1998 sicco
1561 1955 1644 1998 cor-
1756 2000 1757 2021 ἶ

527 2039 613 2122 poris
633 2038 757 2117 habitu,
773 2039 893 2102 veritus
913 2058 955 2102 ne
976 2039 1083 2102 minus
1102 2041 1211 2104 firmas
1227 2040 1354 2124 jamdiu
1370 2041 1454 2103 vires
1474 2046 1507 2103 et
1525 2039 1644 2104 labas-
1756 2032 1757 2085 l

528 2147 638 2204 centes
663 2139 794 2223 dempto
816 2140 975 2224 copiosius
1001 2141 1159 2224 sanguine
1183 2163 1314 2226 prorsus
1340 2142 1527 2222 exolverem,
1551 2143 1641 2226 (ma-

527 2243 612 2306 xime
632 2261 707 2306 cum
727 2249 830 2306 aestas
849 2262 887 2306 eo
906 2263 1010 2325 usque
1027 2244 1200 2310 adoleverit
1217 2253 1256 2310 ut
1271 2247 1341 2328 jam
1361 2252 1468 2310 metus
1485 2254 1570 2311 esset
1589 2267 1639 2311 ne

528 2343 754 2428 superveniens
776 2342 888 2428 hyems
911 2344 1171 2429 redintegrandis
1190 2349 1311 2413 viribus
1333 2349 1496 2432 frequenti
1515 2371 1637 2414 venae-

528 2446 669 2510 sectione
688 2446 810 2510 attritis
829 2446 1065 2532 intercederet)
1082 2450 1236 2534 imperavi
1250 2458 1289 2516 ut
1304 2453 1372 2517 solo
1389 2453 1482 2517 lactis
1501 2474 1571 2518 sero
1588 2453 1635 2517 ad
1749 2524 1755 2540 ‚

528 2549 596 2613 dies
611 2555 750 2633 quatuor
764 2557 945 2614 vesceretur
963 2571 1059 2635 aeger
1068 2578 1077 2631 3
1102 2553 1218 2637 quibus
1236 2555 1360 2638 clapsis,
1375 2562 1505 2639 praeter
1521 2577 1634 2620 serum
1756 2620 1757 2641 ,

528 2652 620 2717 lactis
639 2673 697 2736 pro
714 2642 802 2718 victu
822 2653 984 2718 ordinario
1003 2676 1122 2738 panem
1142 2655 1379 2740 similagineum
1399 2658 1541 2722 concessi
1558 2657 1632 2722 loco

527 2757 664 2842 prandii,
690 2758 790 2822 semel
813 2779 930 2842 nempe
952 2758 988 2822 in
1015 2758 1077 2838 die,
1104 2759 1206 2824 donec
1226 2761 1357 2844 penitus
1382 2761 1629 2825 convalesceret.
1756 2820 1757 2829 ,

527 2861 632 2926 'l'enui
646 2861 707 2926 hac
726 2861 834 2926 diaeta
853 2869 1037 2942 contentus,
1054 2862 1095 2926 ad
1110 2862 1179 2927 dies
1198 2863 1377 2936 octodecim
1395 2861 1629 2947 perseverabat,

527 2965 590 3029 nisi
610 2964 696 3048 quod
715 2965 885 3048 postremis
907 2986 1022 3028 eorum
1042 2965 1142 3029 alium
1161 2967 1294 3050 insuper
1314 2987 1432 3050 panem
1451 2987 1510 3049 pro
1529 2986 1630 3030 coena
1751 3001 1755 3012 ·

526 3068 747 3150 indulgerem:
772 3089 880 3131 serum
900 3077 1010 3132 autem
1029 3067 1155 3131 electis
1173 3067 1264 3132 libris
1284 3075 1357 3131 octo
1372 3066 1459 3130 domi
1479 3073 1630 3150 paratum

526 3171 669 3256 quotidie
693 3171 887 3250 insumebat,
911 3194 975 3255 quo
1000 3173 1078 3236 satis
1100 3173 1185 3237 hene
1205 3173 1420 3238 nutriebatur.
1465 3173 1544 3238 Post
1568 3173 1628 3236 hos
1754 3218 1755 3227 η

526 3275 594 3338 dies
609 3293 684 3337 cum
702 3295 769 3337 non
788 3274 924 3356 amplius
941 3281 1097 3358 urgerent
1115 3283 1341 3360 symptomata,
1357 3282 1390 3340 et
1406 3275 1476 3359 jam
1495 3275 1555 3340 sub
1574 3275 1628 3340 dio

523 3383 713 3454 versaretur,
729 3397 841 3440 carnes
858 3377 957 3440 etiam
977 3378 1118 3460 permisi,
1133 3379 1297 3462 pullorum
1317 3378 1437 3442 scilicet
1458 3378 1626 3455 clixorum,

525 3485 714 3560 caeteraque
740 3475 892 3542 εὔπεπτα.
938 3477 1048 3541 'lertio
1074 3485 1183 3542 autem
1207 3500 1334 3562 quoque
1359 3478 1420 3558 die,
1444 3479 1512 3543 solo
1537 3479 1627 3542 lactis

525 3600 595 3644 sero
610 3577 786 3656 victitabat,
803 3577 905 3642 donec
922 3578 1057 3642 tandem
1074 3581 1257 3663 pancratice
1271 3581 1401 3660 valeret,
1416 3581 1627 3646 incommodis

524 3703 606 3767 quae
636 3703 733 3766 supra
761 3681 934 3744 memoravi
959 3681 1020 3745 hac
1045 3681 1199 3746 methodo
1229 3682 1335 3762 elusis,
1358 3683 1477 3767 quibus
1502 3683 1626 3748 decimo

525 3782 643 3847 abhinc
672 3803 758 3846 anno
785 3781 922 3865 pessime
951 3782 1179 3866 excipiebatur,
1203 3785 1461 3848 venae-sectione
1490 3805 1530 3849 ex
1554 3804 1626 3847 meo

524 3884 719 3970 praescripto
739 3886 773 3950 in
795 3884 970 3949 curationis
996 3885 1177 3950 subsidium
1198 3893 1279 3951 tunc
1301 3886 1455 3966 adhibita,
1474 3908 1512 3952 ac
1533 3905 1626 3970 saepe

370 3973 506 4100 ffiffize
525 3988 674 4072 repetita.

370 4104 419 4162 nie,
432 4119 494 4180 puae
574 4089 656 4175 [GL]
686 4089 793 4173 Siquis
811 4089 896 4154 hanc
910 4090 1102 4155 methodum
1120 4098 1276 4174 tanquam
1299 4091 1463 4157 mdiorem
1480 4096 1514 4155 el
1535 4086 1624 4153 Artis

371 4168 515 4296 ffiffl
523 4193 619 4258 laude
631 4199 795 4258 carentem
804 4193 1044 4276 contempserit,
1056 4194 1136 4257 sciat
1144 4193 1172 4256 is
1182 4193 1288 4273 velim,
1297 4195 1411 4277 primo,
1422 4193 1541 4258 leviora
1553 4199 1626 4256 tan-
1755 4186 1756 4189 '

370 4296 495 4358 simplices
523 4305 595 4362 tum
613 4297 745 4381 ingenia
764 4319 815 4362 res
835 4297 993 4382 quaslibet
1007 4297 1201 4381 vilipendere
1220 4299 1310 4384 quod
1329 4298 1488 4381 simplices
1505 4296 1627 4360 firerint

370 4368 474 4487 xliiii
525 4407 558 4464 et
582 4407 730 4483 apertae;
758 4400 844 4480 dein,
869 4421 931 4480 me,
951 4401 1002 4464 vel
1025 4400 1217 4464 imminutae
1243 4400 1489 4466 existimationis
1511 4398 1625 4483 pretio,

370 4504 449 4616 3:⁰0ss
460 4519 512 4617 my·
525 4502 654 4586 publico
665 4504 833 4569 hominum
843 4505 930 4569 bono
941 4505 1094 4569 inservire
1108 4506 1356 4590 paratissimum.
1385 4505 1514 4572 Quibus
1525 4504 1626 4582 edico,

372 4585 513 4682 iaetis⁵nl¹⁰
526 4605 621 4688 quod,
652 4607 715 4670 nisi
748 4607 915 4671 obstarent
947 4607 1144 4691 praejudicia
1177 4609 1276 4691 vulgi,
1306 4609 1414 4674 nullus
1444 4608 1627 4672 dubitarem

372 4699 511 4747 ¹¹¹⁰¹bl⁸⁸⁰·
524 4706 712 4770 methodum
734 4709 802 4791 jam
826 4707 945 4772 dictam
967 4709 1036 4773 aliis
1059 4711 1158 4775 etiam
1178 4713 1307 4791 morbis,
1329 4733 1468 4798 quorum
1489 4710 1628 4792 imprae-

371 4765 513 4877 pppupoda-
526 4809 704 4875 sentiarum
729 4831 849 4874 nomen
874 4811 1009 4877 reticere
1031 4813 1121 4894 libet,
1146 4815 1404 4892 accommodarc;
1436 4813 1523 4897 quod
1549 4833 1627 4876 sane
