<?xml version="1.0" encoding="UTF-8"?>
<!DOCTYPE html PUBLIC "-//W3C//DTD XHTML 1.0 Transitional//EN"
    "http://www.w3.org/TR/xhtml1/DTD/xhtml1-transitional.dtd">
<html xmlns="http://www.w3.org/1999/xhtml" xml:lang="en" lang="en">
 <head>
  <title>
</title>
<meta http-equiv="Content-Type" content="text/html;charset=utf-8" />
  <meta name='ocr-system' content='tesseract 3.04.00' />
  <meta name='ocr-capabilities' content='ocr_page ocr_carea ocr_par ocr_line ocrx_word'/>
</head>
<body>
  <div class='ocr_page' id='page_1' title='image "./thomaesydenhamm00greegoog_0590.png"; bbox 0 0 3825 5759; ppageno 0'>
   <div class='ocr_carea' id='block_1_1' title="bbox 355 808 474 921">
    <p class='ocr_par' dir='ltr' id='par_1_1' title="bbox 355 808 474 921">
     <span class='ocr_line' id='line_1_1' title="bbox 399 808 441 857; baseline -0.048 0"><span class='ocrx_word' id='word_1_1' title='bbox 399 808 441 857; x_wconf 78' lang='lat' dir='ltr'><strong>Dc</strong></span> 
     </span>
     <span class='ocr_line' id='line_1_2' title="bbox 355 872 474 921; baseline -0.017 0"><span class='ocrx_word' id='word_1_2' title='bbox 355 872 474 921; x_wconf 80' lang='lat' dir='ltr'><strong>Ascrua.</strong></span> 
     </span>
    </p>
   </div>
   <div class='ocr_carea' id='block_1_2' title="bbox 345 942 487 955">
    <p class='ocr_par' dir='ltr' id='par_1_2' title="bbox 345 942 487 955">
     <span class='ocr_line' id='line_1_3' title="bbox 345 942 487 955; baseline -0.014 0"><span class='ocrx_word' id='word_1_3' title='bbox 345 942 487 955; x_wconf 70' lang='lat'>-——-</span> 
     </span>
    </p>
   </div>
   <div class='ocr_carea' id='block_1_3' title="bbox 346 2572 490 3007">
    <p class='ocr_par' dir='ltr' id='par_1_3' title="bbox 346 2572 490 3007">
     <span class='ocr_line' id='line_1_4' title="bbox 348 2572 485 2619; baseline 0 0"><span class='ocrx_word' id='word_1_4' title='bbox 348 2572 485 2619; x_wconf 84' lang='lat' dir='ltr'><strong>Observan-</strong></span> 
     </span>
     <span class='ocr_line' id='line_1_5' title="bbox 347 2636 476 2684; baseline 0.008 -1"><span class='ocrx_word' id='word_1_5' title='bbox 347 2636 379 2683; x_wconf 85' lang='lat' dir='ltr'><strong>ds</strong></span> <span class='ocrx_word' id='word_1_6' title='bbox 391 2636 416 2683; x_wconf 89' lang='lat' dir='ltr'><strong>in</strong></span> <span class='ocrx_word' id='word_1_7' title='bbox 430 2636 476 2684; x_wconf 86' lang='lat' dir='ltr'><strong>Fe-</strong></span> 
     </span>
     <span class='ocr_line' id='line_1_6' title="bbox 347 2701 486 2749; baseline 0.014 -2"><span class='ocrx_word' id='word_1_8' title='bbox 347 2701 430 2749; x_wconf 86' lang='lat' dir='ltr'><strong>bribus</strong></span> <span class='ocrx_word' id='word_1_9' title='bbox 443 2701 486 2749; x_wconf 88' lang='lat' dir='ltr'><strong>ln·</strong></span> 
     </span>
     <span class='ocr_line' id='line_1_7' title="bbox 346 2774 481 2814; baseline 0 -1"><span class='ocrx_word' id='word_1_10' title='bbox 346 2774 481 2814; x_wconf 87' lang='lat' dir='ltr'><strong>tercurren·</strong></span> 
     </span>
     <span class='ocr_line' id='line_1_8' title="bbox 347 2828 490 2886; baseline 0.007 -9"><span class='ocrx_word' id='word_1_11' title='bbox 347 2828 420 2886; x_wconf 89' lang='lat' dir='ltr'><strong>tibus,</strong></span> <span class='ocrx_word' id='word_1_12' title='bbox 431 2838 490 2878; x_wconf 86' lang='lat' dir='ltr'><strong>utet</strong></span> 
     </span>
     <span class='ocr_line' id='line_1_9' title="bbox 347 2895 474 2943; baseline 0.016 -2"><span class='ocrx_word' id='word_1_13' title='bbox 347 2896 373 2941; x_wconf 89' lang='lat' dir='ltr'><strong>in</strong></span> <span class='ocrx_word' id='word_1_14' title='bbox 386 2895 474 2943; x_wconf 81' lang='lat' dir='ltr'><strong>Statio-</strong></span> 
     </span>
     <span class='ocr_line' id='line_1_10' title="bbox 348 2958 424 3007; baseline 0.013 -1"><span class='ocrx_word' id='word_1_15' title='bbox 348 2958 424 3007; x_wconf 77' lang='lat' dir='ltr'><strong>naria</strong></span> 
     </span>
    </p>
   </div>
   <div class='ocr_carea' id='block_1_4' title="bbox 348 3594 484 3724">
    <p class='ocr_par' dir='ltr' id='par_1_4' title="bbox 348 3594 484 3724">
     <span class='ocr_line' id='line_1_11' title="bbox 350 3594 484 3644; baseline -0.007 0"><span class='ocrx_word' id='word_1_16' title='bbox 350 3594 432 3644; x_wconf 86' lang='lat' dir='ltr'><strong>Morbi</strong></span> <span class='ocrx_word' id='word_1_17' title='bbox 444 3594 484 3643; x_wconf 84' lang='lat' dir='ltr'><strong>tic·</strong></span> 
     </span>
     <span class='ocr_line' id='line_1_12' title="bbox 348 3660 455 3724; baseline -0.009 -16"><span class='ocrx_word' id='word_1_18' title='bbox 348 3660 455 3724; x_wconf 86' lang='lat' dir='ltr'><strong>scriptio.</strong></span> 
     </span>
    </p>
   </div>
   <div class='ocr_carea' id='block_1_5' title="bbox 501 634 1296 701">
    <p class='ocr_par' dir='ltr' id='par_1_5' title="bbox 501 634 1296 701">
     <span class='ocr_line' id='line_1_13' title="bbox 501 634 1296 701; baseline 0.005 -4"><span class='ocrx_word' id='word_1_19' title='bbox 501 634 567 698; x_wconf 80' lang='lat'><strong>560</strong></span> <span class='ocrx_word' id='word_1_20' title='bbox 816 634 1012 701; x_wconf 84' lang='grc' dir='ltr'><strong>ΤΗΟΜΑΕ</strong></span> <span class='ocrx_word' id='word_1_21' title='bbox 1037 635 1296 701; x_wconf 84' lang='lat' dir='ltr'>SYDENHAM</span> 
     </span>
    </p>
   </div>
   <div class='ocr_carea' id='block_1_6' title="bbox 500 794 1596 1303">
    <p class='ocr_par' dir='ltr' id='par_1_6' title="bbox 500 794 1596 1303">
     <span class='ocr_line' id='line_1_14' title="bbox 500 794 1068 878; baseline 0.007 -29"><span class='ocrx_word' id='word_1_22' title='bbox 500 796 602 861; x_wconf 84' lang='lat' dir='ltr'><strong>[ch.</strong></span> <span class='ocrx_word' id='word_1_23' title='bbox 617 800 706 868; x_wconf 66' lang='grc' dir='ltr'><strong>176.]ῑ</strong></span> <span class='ocrx_word' id='word_1_24' title='bbox 735 794 766 878; x_wconf 63' lang='lat' dir='ltr'>R</span> <span class='ocrx_word' id='word_1_25' title='bbox 784 800 878 869; x_wconf 79' lang='lat' dir='ltr'><strong>Aquas</strong></span> <span class='ocrx_word' id='word_1_26' title='bbox 891 799 1068 870; x_wconf 81' lang='lat' dir='ltr'><strong>Plantaginis,</strong></span> 
     </span>
     <span class='ocr_line' id='line_1_15' title="bbox 784 886 1222 957; baseline 0.007 -20"><span class='ocrx_word' id='word_1_27' title='bbox 784 886 902 957; x_wconf 87' lang='lat' dir='ltr'><strong>[Aquae]</strong></span> <span class='ocrx_word' id='word_1_28' title='bbox 917 886 1049 940; x_wconf 80' lang='lat' dir='ltr'><strong>Rosmum</strong></span> <span class='ocrx_word' id='word_1_29' title='bbox 1062 886 1222 951; x_wconf 85' lang='lat' dir='ltr'><strong>Rubrarum,</strong></span> 
     </span>
     <span class='ocr_line' id='line_1_16' title="bbox 786 972 1534 1045; baseline -0.007 -18"><span class='ocrx_word' id='word_1_30' title='bbox 786 972 906 1045; x_wconf 84' lang='lat' dir='ltr'><strong>[Aquae]</strong></span> <span class='ocrx_word' id='word_1_31' title='bbox 922 973 1068 1045; x_wconf 70' lang='lat' dir='ltr'><strong>spermatis</strong></span> <span class='ocrx_word' id='word_1_32' title='bbox 1080 974 1229 1036; x_wconf 70' lang='lat' dir='ltr'><strong>meacm,</strong></span> <span class='ocrx_word' id='word_1_33' title='bbox 1239 988 1293 1025; x_wconf 85' lang='lat' dir='ltr'><strong>ana</strong></span> <span class='ocrx_word' id='word_1_34' title='bbox 1303 972 1398 1025; x_wconf 86' lang='lat' dir='ltr'><strong>rmcias</strong></span> <span class='ocrx_word' id='word_1_35' title='bbox 1408 980 1534 1042; x_wconf 83' lang='lat' dir='ltr'><strong>quatuor,</strong></span> 
     </span>
     <span class='ocr_line' id='line_1_17' title="bbox 782 1060 1596 1131; baseline 0 -18"><span class='ocrx_word' id='word_1_36' title='bbox 782 1061 915 1113; x_wconf 84' lang='lat' dir='ltr'><strong>Albumen</strong></span> <span class='ocrx_word' id='word_1_37' title='bbox 928 1061 1045 1115; x_wconf 85' lang='lat' dir='ltr'><strong>Ovorum</strong></span> <span class='ocrx_word' id='word_1_38' title='bbox 1057 1063 1086 1114; x_wconf 93' lang='lat' dir='ltr'><strong>in</strong></span> <span class='ocrx_word' id='word_1_39' title='bbox 1098 1078 1198 1131; x_wconf 89' lang='lat' dir='ltr'><strong>aquam</strong></span> <span class='ocrx_word' id='word_1_40' title='bbox 1209 1060 1337 1131; x_wconf 82' lang='lat' dir='ltr'><strong>agitando</strong></span> <span class='ocrx_word' id='word_1_41' title='bbox 1349 1060 1487 1115; x_wconf 85' lang='lat' dir='ltr'><strong>redactum</strong></span> <span class='ocrx_word' id='word_1_42' title='bbox 1501 1061 1596 1125; x_wconf 71' lang='lat' dir='ltr'><strong>tuum,</strong></span> 
     </span>
     <span class='ocr_line' id='line_1_18' title="bbox 782 1144 1292 1217; baseline 0.006 -19"><span class='ocrx_word' id='word_1_43' title='bbox 782 1144 907 1199; x_wconf 86' lang='lat' dir='ltr'><strong>Sacobari</strong></span> <span class='ocrx_word' id='word_1_44' title='bbox 920 1147 1065 1217; x_wconf 74' lang='lat' dir='ltr'><strong>crystallini</strong></span> <span class='ocrx_word' id='word_1_45' title='bbox 1074 1146 1213 1201; x_wconf 76' lang='lat' dir='ltr'><strong>drachmas</strong></span> <span class='ocrx_word' id='word_1_46' title='bbox 1223 1157 1292 1212; x_wconf 67' lang='lat' dir='ltr'><strong>trem</strong></span> 
     </span>
     <span class='ocr_line' id='line_1_19' title="bbox 640 1232 991 1303; baseline 0 -18"><span class='ocrx_word' id='word_1_47' title='bbox 640 1232 741 1297; x_wconf 88' lang='lat' dir='ltr'><strong>Misce;</strong></span> <span class='ocrx_word' id='word_1_48' title='bbox 759 1232 806 1285; x_wconf 85' lang='lat' dir='ltr'><strong>tint</strong></span> <span class='ocrx_word' id='word_1_49' title='bbox 818 1234 991 1303; x_wconf 80' lang='lat' dir='ltr'><strong>gargarisma</strong></span> 
     </span>
    </p>
   </div>
   <div class='ocr_carea' id='block_1_7' title="bbox 499 1368 1610 2487">
    <p class='ocr_par' dir='ltr' id='par_1_7' title="bbox 499 1368 1608 1540">
     <span class='ocr_line' id='line_1_20' title="bbox 499 1368 1608 1456; baseline -0.002 -21"><span class='ocrx_word' id='word_1_50' title='bbox 499 1369 645 1435; x_wconf 84' lang='lat' dir='ltr'><strong>Emulsio</strong></span> <span class='ocrx_word' id='word_1_51' title='bbox 655 1369 878 1454; x_wconf 63' lang='lat' dir='ltr'><strong>reffigeransu,</strong></span> <span class='ocrx_word' id='word_1_52' title='bbox 888 1368 923 1433; x_wconf 91' lang='lat' dir='ltr'><strong>in</strong></span> <span class='ocrx_word' id='word_1_53' title='bbox 932 1371 1106 1434; x_wconf 67' lang='lat' dir='ltr'><strong>Pleas-iride</strong></span> <span class='ocrx_word' id='word_1_54' title='bbox 1119 1371 1204 1455; x_wconf 85' lang='lat' dir='ltr'><strong>[sup</strong></span> <span class='ocrx_word' id='word_1_55' title='bbox 1216 1392 1244 1435; x_wconf 88' lang='lat' dir='ltr'><strong>c.</strong></span> <span class='ocrx_word' id='word_1_56' title='bbox 1256 1370 1303 1456; x_wconf 89' lang='grc'><strong>8.]</strong></span> <span class='ocrx_word' id='word_1_57' title='bbox 1320 1370 1489 1455; x_wconf 84' lang='lat' dir='ltr'><strong>descripta,</strong></span> <span class='ocrx_word' id='word_1_58' title='bbox 1499 1370 1608 1434; x_wconf 86' lang='lat' dir='ltr'><strong>indies</strong></span> 
     </span>
     <span class='ocr_line' id='line_1_21' title="bbox 499 1483 654 1540; baseline 0 -1"><span class='ocrx_word' id='word_1_59' title='bbox 499 1483 654 1540; x_wconf 80' lang='lat' dir='ltr'><strong>sumatur.</strong></span> 
     </span>
    </p>

    <p class='ocr_par' dir='ltr' id='par_1_8' title="bbox 499 1574 1608 1869">
     <span class='ocr_line' id='line_1_22' title="bbox 545 1574 1608 1663; baseline -0.005 -20"><span class='ocrx_word' id='word_1_60' title='bbox 545 1578 700 1663; x_wconf 80' lang='lat' dir='ltr'><strong>Sequenti</strong></span> <span class='ocrx_word' id='word_1_61' title='bbox 713 1598 819 1656; x_wconf 88' lang='lat' dir='ltr'><strong>mane,</strong></span> <span class='ocrx_word' id='word_1_62' title='bbox 835 1577 897 1641; x_wconf 90' lang='lat' dir='ltr'><strong>nisi</strong></span> <span class='ocrx_word' id='word_1_63' title='bbox 912 1576 1009 1641; x_wconf 88' lang='lat' dir='ltr'><strong>febris</strong></span> <span class='ocrx_word' id='word_1_64' title='bbox 1027 1586 1060 1641; x_wconf 89' lang='lat' dir='ltr'><strong>et</strong></span> <span class='ocrx_word' id='word_1_65' title='bbox 1080 1576 1170 1641; x_wconf 90' lang='lat' dir='ltr'><strong>dolor</strong></span> <span class='ocrx_word' id='word_1_66' title='bbox 1188 1577 1274 1641; x_wconf 86' lang='lat' dir='ltr'><strong>inter</strong></span> <span class='ocrx_word' id='word_1_67' title='bbox 1294 1574 1540 1660; x_wconf 86' lang='lat' dir='ltr'><strong>deglutiendum</strong></span> <span class='ocrx_word' id='word_1_68' title='bbox 1554 1596 1608 1639; x_wconf 86' lang='lat' dir='ltr'><strong>re-</strong></span> 
     </span>
     <span class='ocr_line' id='line_1_23' title="bbox 499 1679 1608 1763; baseline -0.005 -17"><span class='ocrx_word' id='word_1_69' title='bbox 499 1682 655 1759; x_wconf 84' lang='lat' dir='ltr'><strong>miserint,</strong></span> <span class='ocrx_word' id='word_1_70' title='bbox 675 1680 889 1745; x_wconf 89' lang='lat' dir='ltr'><strong>venae-sectio</strong></span> <span class='ocrx_word' id='word_1_71' title='bbox 912 1687 1087 1763; x_wconf 87' lang='lat' dir='ltr'><strong>repetatur,</strong></span> <span class='ocrx_word' id='word_1_72' title='bbox 1110 1680 1248 1743; x_wconf 87' lang='lat' dir='ltr'><strong>eatbarsi</strong></span> <span class='ocrx_word' id='word_1_73' title='bbox 1269 1680 1306 1743; x_wconf 91' lang='lat' dir='ltr'><strong>in</strong></span> <span class='ocrx_word' id='word_1_74' title='bbox 1328 1679 1414 1742; x_wconf 91' lang='lat' dir='ltr'><strong>diem</strong></span> <span class='ocrx_word' id='word_1_75' title='bbox 1436 1686 1608 1763; x_wconf 85' lang='lat' dir='ltr'><strong>posterum</strong></span> 
     </span>
     <span class='ocr_line' id='line_1_24' title="bbox 500 1782 1357 1869; baseline -0.006 -19"><span class='ocrx_word' id='word_1_76' title='bbox 500 1786 619 1869; x_wconf 86' lang='lat' dir='ltr'><strong>rejecta</strong></span> <span class='ocrx_word' id='word_1_77' title='bbox 626 1810 636 1863; x_wconf 87' lang='lat'>;</span> <span class='ocrx_word' id='word_1_78' title='bbox 659 1784 736 1847; x_wconf 87' lang='lat' dir='ltr'><strong>alias</strong></span> <span class='ocrx_word' id='word_1_79' title='bbox 752 1783 964 1847; x_wconf 81' lang='lat' dir='ltr'><strong>catharticum</strong></span> <span class='ocrx_word' id='word_1_80' title='bbox 977 1782 1145 1846; x_wconf 88' lang='lat' dir='ltr'><strong>lenitivum</strong></span> <span class='ocrx_word' id='word_1_81' title='bbox 1160 1783 1357 1846; x_wconf 84' lang='lat' dir='ltr'><strong>exhibeatur.</strong></span> 
     </span>
    </p>

    <p class='ocr_par' dir='ltr' id='par_1_9' title="bbox 501 1886 1609 2176">
     <span class='ocr_line' id='line_1_25' title="bbox 544 1886 1609 1971; baseline -0.003 -20"><span class='ocrx_word' id='word_1_82' title='bbox 544 1888 704 1953; x_wconf 89' lang='lat' dir='ltr'><strong>Manente</strong></span> <span class='ocrx_word' id='word_1_83' title='bbox 728 1886 833 1951; x_wconf 86' lang='lat' dir='ltr'><strong>adbuc</strong></span> <span class='ocrx_word' id='word_1_84' title='bbox 859 1886 988 1965; x_wconf 87' lang='lat' dir='ltr'><strong>affectu,</strong></span> <span class='ocrx_word' id='word_1_85' title='bbox 1018 1886 1115 1969; x_wconf 85' lang='lat' dir='ltr'><strong>(quod</strong></span> <span class='ocrx_word' id='word_1_86' title='bbox 1138 1887 1255 1971; x_wconf 92' lang='lat' dir='ltr'><strong>oppido</strong></span> <span class='ocrx_word' id='word_1_87' title='bbox 1280 1886 1411 1969; x_wconf 71' lang='lat' dir='ltr'><strong>rarum)</strong></span> <span class='ocrx_word' id='word_1_88' title='bbox 1436 1892 1609 1969; x_wconf 86' lang='lat' dir='ltr'><strong>repetatur</strong></span> 
     </span>
     <span class='ocr_line' id='line_1_26' title="bbox 501 1988 1609 2073; baseline -0.002 -18"><span class='ocrx_word' id='word_1_89' title='bbox 501 1990 606 2055; x_wconf 82' lang='lat' dir='ltr'><strong>adhuc</strong></span> <span class='ocrx_word' id='word_1_90' title='bbox 629 1988 852 2067; x_wconf 84' lang='lat' dir='ltr'><strong>venae-sectio,</strong></span> <span class='ocrx_word' id='word_1_91' title='bbox 877 1996 910 2053; x_wconf 89' lang='lat' dir='ltr'><strong>et</strong></span> <span class='ocrx_word' id='word_1_92' title='bbox 939 1989 1114 2068; x_wconf 81' lang='lat' dir='ltr'><strong>catharsis3</strong></span> <span class='ocrx_word' id='word_1_93' title='bbox 1146 1989 1372 2073; x_wconf 90' lang='lat' dir='ltr'><strong>epispasticum</strong></span> <span class='ocrx_word' id='word_1_94' title='bbox 1396 1988 1540 2073; x_wconf 87' lang='lat' dir='ltr'><strong>amplum</strong></span> <span class='ocrx_word' id='word_1_95' title='bbox 1567 2011 1609 2053; x_wconf 86' lang='lat' dir='ltr'><strong>ac</strong></span> 
     </span>
     <span class='ocr_line' id='line_1_27' title="bbox 501 2091 1456 2176; baseline -0.001 -19"><span class='ocrx_word' id='word_1_96' title='bbox 501 2094 584 2157; x_wconf 82' lang='lat' dir='ltr'><strong>forte</strong></span> <span class='ocrx_word' id='word_1_97' title='bbox 598 2092 776 2175; x_wconf 86' lang='lat' dir='ltr'><strong>applicetur</strong></span> <span class='ocrx_word' id='word_1_98' title='bbox 791 2091 904 2156; x_wconf 89' lang='lat' dir='ltr'><strong>cervici</strong></span> <span class='ocrx_word' id='word_1_99' title='bbox 918 2100 991 2175; x_wconf 88' lang='lat' dir='ltr'><strong>post</strong></span> <span class='ocrx_word' id='word_1_100' title='bbox 1005 2093 1143 2176; x_wconf 88' lang='lat' dir='ltr'><strong>primam</strong></span> <span class='ocrx_word' id='word_1_101' title='bbox 1156 2093 1456 2157; x_wconf 88' lang='lat' dir='ltr'><strong>venae-sectionem.</strong></span> 
     </span>
    </p>

    <p class='ocr_par' dir='ltr' id='par_1_10' title="bbox 500 2194 1610 2487">
     <span class='ocr_line' id='line_1_28' title="bbox 545 2194 1608 2279; baseline 0.002 -22"><span class='ocrx_word' id='word_1_102' title='bbox 545 2194 644 2257; x_wconf 90' lang='lat' dir='ltr'><strong>Omni</strong></span> <span class='ocrx_word' id='word_1_103' title='bbox 659 2216 765 2272; x_wconf 89' lang='lat' dir='ltr'><strong>mane,</strong></span> <span class='ocrx_word' id='word_1_104' title='bbox 777 2194 840 2257; x_wconf 87' lang='lat' dir='ltr'><strong>nisi</strong></span> <span class='ocrx_word' id='word_1_105' title='bbox 855 2194 968 2258; x_wconf 88' lang='lat' dir='ltr'><strong>diebus</strong></span> <span class='ocrx_word' id='word_1_106' title='bbox 981 2196 1166 2279; x_wconf 88' lang='lat' dir='ltr'><strong>purgationi</strong></span> <span class='ocrx_word' id='word_1_107' title='bbox 1180 2195 1274 2275; x_wconf 86' lang='lat' dir='ltr'><strong>datis,</strong></span> <span class='ocrx_word' id='word_1_108' title='bbox 1286 2217 1401 2260; x_wconf 90' lang='lat' dir='ltr'><strong>enema</strong></span> <span class='ocrx_word' id='word_1_109' title='bbox 1410 2194 1608 2278; x_wconf 81' lang='lat' dir='ltr'><strong>refrigerans</strong></span> 
     </span>
     <span class='ocr_line' id='line_1_29' title="bbox 501 2296 1610 2383; baseline 0 -22"><span class='ocrx_word' id='word_1_110' title='bbox 501 2304 533 2361; x_wconf 89' lang='lat' dir='ltr'><strong>et</strong></span> <span class='ocrx_word' id='word_1_111' title='bbox 549 2296 714 2361; x_wconf 82' lang='lat' dir='ltr'><strong>emolliens</strong></span> <span class='ocrx_word' id='word_1_112' title='bbox 728 2298 891 2381; x_wconf 82' lang='lat' dir='ltr'><strong>injiciatur</strong></span> <span class='ocrx_word' id='word_1_113' title='bbox 899 2323 909 2377; x_wconf 85' lang='lat'>3</span> <span class='ocrx_word' id='word_1_114' title='bbox 933 2298 1039 2363; x_wconf 87' lang='lat' dir='ltr'><strong>diaeta</strong></span> <span class='ocrx_word' id='word_1_115' title='bbox 1052 2299 1144 2363; x_wconf 90' lang='lat' dir='ltr'><strong>tenui</strong></span> <span class='ocrx_word' id='word_1_116' title='bbox 1159 2306 1270 2364; x_wconf 87' lang='lat' dir='ltr'><strong>utatur</strong></span> <span class='ocrx_word' id='word_1_117' title='bbox 1284 2320 1389 2383; x_wconf 89' lang='lat' dir='ltr'><strong>aeger,</strong></span> <span class='ocrx_word' id='word_1_118' title='bbox 1400 2304 1434 2362; x_wconf 90' lang='lat' dir='ltr'><strong>et</strong></span> <span class='ocrx_word' id='word_1_119' title='bbox 1448 2298 1532 2362; x_wconf 88' lang='lat' dir='ltr'><strong>lecto</strong></span> <span class='ocrx_word' id='word_1_120' title='bbox 1546 2319 1610 2381; x_wconf 87' lang='lat' dir='ltr'><strong>per</strong></span> 
     </span>
     <span class='ocr_line' id='line_1_30' title="bbox 500 2400 1046 2487; baseline 0.005 -23"><span class='ocrx_word' id='word_1_121' title='bbox 500 2401 594 2465; x_wconf 87' lang='lat' dir='ltr'><strong>horas</strong></span> <span class='ocrx_word' id='word_1_122' title='bbox 609 2400 730 2484; x_wconf 83' lang='lat' dir='ltr'><strong>aliquot</strong></span> <span class='ocrx_word' id='word_1_123' title='bbox 745 2402 888 2487; x_wconf 88' lang='lat' dir='ltr'><strong>quotidie</strong></span> <span class='ocrx_word' id='word_1_124' title='bbox 902 2401 1046 2467; x_wconf 85' lang='lat' dir='ltr'><strong>absistat.</strong></span> 
     </span>
    </p>
   </div>
   <div class='ocr_carea' id='block_1_8' title="bbox 500 2552 1610 3057">
    <p class='ocr_par' dir='ltr' id='par_1_11' title="bbox 500 2552 1610 3057">
     <span class='ocr_line' id='line_1_31' title="bbox 545 2552 1609 2641; baseline 0.004 -25"><span class='ocrx_word' id='word_1_125' title='bbox 545 2553 588 2617; x_wconf 92' lang='lat' dir='ltr'><strong>In</strong></span> <span class='ocrx_word' id='word_1_126' title='bbox 611 2552 662 2617; x_wconf 92' lang='lat' dir='ltr'><strong>his</strong></span> <span class='ocrx_word' id='word_1_127' title='bbox 686 2556 835 2620; x_wconf 88' lang='lat' dir='ltr'><strong>omnibus</strong></span> <span class='ocrx_word' id='word_1_128' title='bbox 862 2556 1018 2621; x_wconf 85' lang='lat' dir='ltr'><strong>Febribus</strong></span> <span class='ocrx_word' id='word_1_129' title='bbox 1043 2579 1122 2641; x_wconf 88' lang='lat' dir='ltr'><strong>quas</strong></span> <span class='ocrx_word' id='word_1_130' title='bbox 1143 2558 1387 2621; x_wconf 77' lang='lat' dir='ltr'><strong>Intermrrentes</strong></span> <span class='ocrx_word' id='word_1_131' title='bbox 1409 2555 1543 2639; x_wconf 89' lang='lat' dir='ltr'><strong>appello,</strong></span> <span class='ocrx_word' id='word_1_132' title='bbox 1567 2564 1609 2620; x_wconf 91' lang='lat' dir='ltr'><strong>ut</strong></span> 
     </span>
     <span class='ocr_line' id='line_1_32' title="bbox 502 2656 1609 2743; baseline 0 -22"><span class='ocrx_word' id='word_1_133' title='bbox 502 2658 600 2723; x_wconf 89' lang='lat' dir='ltr'><strong>etiam</strong></span> <span class='ocrx_word' id='word_1_134' title='bbox 621 2656 656 2721; x_wconf 91' lang='lat' dir='ltr'><strong>in</strong></span> <span class='ocrx_word' id='word_1_135' title='bbox 674 2657 729 2722; x_wconf 89' lang='lat' dir='ltr'><strong>illa</strong></span> <span class='ocrx_word' id='word_1_136' title='bbox 744 2680 825 2743; x_wconf 90' lang='lat' dir='ltr'><strong>quae</strong></span> <span class='ocrx_word' id='word_1_137' title='bbox 846 2660 1043 2723; x_wconf 71' lang='lat' dir='ltr'><strong>stationario</strong></span> <span class='ocrx_word' id='word_1_138' title='bbox 1065 2669 1124 2739; x_wconf 87' lang='lat' dir='ltr'><strong>est,</strong></span> <span class='ocrx_word' id='word_1_139' title='bbox 1140 2667 1234 2725; x_wconf 88' lang='lat' dir='ltr'><strong>caute</strong></span> <span class='ocrx_word' id='word_1_140' title='bbox 1256 2658 1501 2735; x_wconf 84' lang='lat' dir='ltr'><strong>observandum,</strong></span> <span class='ocrx_word' id='word_1_141' title='bbox 1517 2658 1609 2740; x_wconf 89' lang='lat' dir='ltr'><strong>quod</strong></span> 
     </span>
     <span class='ocr_line' id='line_1_33' title="bbox 502 2760 1609 2847; baseline -0.002 -22"><span class='ocrx_word' id='word_1_142' title='bbox 502 2784 598 2847; x_wconf 81' lang='lat' dir='ltr'><strong>aeger</strong></span> <span class='ocrx_word' id='word_1_143' title='bbox 612 2784 631 2825; x_wconf 89' lang='lat' dir='ltr'><strong>a</strong></span> <span class='ocrx_word' id='word_1_144' title='bbox 645 2762 729 2827; x_wconf 89' lang='lat' dir='ltr'><strong>lecto</strong></span> <span class='ocrx_word' id='word_1_145' title='bbox 744 2762 905 2828; x_wconf 87' lang='lat' dir='ltr'><strong>abstineat</strong></span> <span class='ocrx_word' id='word_1_146' title='bbox 920 2784 1072 2846; x_wconf 84' lang='lat' dir='ltr'><strong>magnam</strong></span> <span class='ocrx_word' id='word_1_147' title='bbox 1092 2762 1156 2827; x_wconf 89' lang='lat' dir='ltr'><strong>diei</strong></span> <span class='ocrx_word' id='word_1_148' title='bbox 1174 2770 1311 2847; x_wconf 86' lang='lat' dir='ltr'><strong>partem,</strong></span> <span class='ocrx_word' id='word_1_149' title='bbox 1326 2769 1364 2825; x_wconf 88' lang='lat' dir='ltr'><strong>ut</strong></span> <span class='ocrx_word' id='word_1_150' title='bbox 1380 2760 1515 2845; x_wconf 85' lang='lat' dir='ltr'><strong>jusculis</strong></span> <span class='ocrx_word' id='word_1_151' title='bbox 1529 2760 1609 2824; x_wconf 88' lang='lat' dir='ltr'><strong>hor-</strong></span> 
     </span>
     <span class='ocr_line' id='line_1_34' title="bbox 502 2862 1610 2949; baseline -0.005 -18"><span class='ocrx_word' id='word_1_152' title='bbox 502 2866 634 2945; x_wconf 87' lang='lat' dir='ltr'><strong>deaceis,</strong></span> <span class='ocrx_word' id='word_1_153' title='bbox 659 2866 833 2947; x_wconf 85' lang='lat' dir='ltr'><strong>avenaceis,</strong></span> <span class='ocrx_word' id='word_1_154' title='bbox 856 2887 893 2931; x_wconf 88' lang='lat' dir='ltr'><strong>ac</strong></span> <span class='ocrx_word' id='word_1_155' title='bbox 919 2864 953 2931; x_wconf 90' lang='lat' dir='ltr'><strong>id</strong></span> <span class='ocrx_word' id='word_1_156' title='bbox 977 2886 1079 2949; x_wconf 89' lang='lat' dir='ltr'><strong>genus</strong></span> <span class='ocrx_word' id='word_1_157' title='bbox 1102 2864 1182 2944; x_wconf 88' lang='lat' dir='ltr'><strong>aliis,</strong></span> <span class='ocrx_word' id='word_1_158' title='bbox 1206 2865 1341 2943; x_wconf 86' lang='lat' dir='ltr'><strong>victitet,</strong></span> <span class='ocrx_word' id='word_1_159' title='bbox 1364 2871 1397 2926; x_wconf 89' lang='lat' dir='ltr'><strong>et</strong></span> <span class='ocrx_word' id='word_1_160' title='bbox 1419 2862 1610 2926; x_wconf 82' lang='lat' dir='ltr'><strong>cerevisiam</strong></span> 
     </span>
     <span class='ocr_line' id='line_1_35' title="bbox 500 2965 1560 3057; baseline -0.007 -22"><span class='ocrx_word' id='word_1_161' title='bbox 500 2978 633 3036; x_wconf 90' lang='lat' dir='ltr'><strong>tenuem</strong></span> <span class='ocrx_word' id='word_1_162' title='bbox 647 2972 827 3057; x_wconf 90' lang='lat' dir='ltr'><strong>lupulatam</strong></span> <span class='ocrx_word' id='word_1_163' title='bbox 842 2979 875 3045; x_wconf 85' lang='lat' dir='ltr'><strong>et</strong></span> <span class='ocrx_word' id='word_1_164' title='bbox 890 2970 1100 3057; x_wconf 81' lang='lat' dir='ltr'><strong>hydrogalam</strong></span> <span class='ocrx_word' id='word_1_165' title='bbox 1114 2991 1173 3054; x_wconf 88' lang='lat' dir='ltr'><strong>pro</strong></span> <span class='ocrx_word' id='word_1_166' title='bbox 1187 2977 1268 3054; x_wconf 87' lang='lat' dir='ltr'><strong>potu</strong></span> <span class='ocrx_word' id='word_1_167' title='bbox 1282 2966 1443 3033; x_wconf 81' lang='lat' dir='ltr'><strong>ordinario</strong></span> <span class='ocrx_word' id='word_1_168' title='bbox 1457 2965 1560 3030; x_wconf 90' lang='lat' dir='ltr'><strong>bibat.</strong></span> 
     </span>
    </p>
   </div>
   <div class='ocr_carea' id='block_1_9' title="bbox 937 3260 1168 3489">
    <p class='ocr_par' dir='ltr' id='par_1_12' title="bbox 937 3260 1168 3489">
     <span class='ocr_line' id='line_1_36' title="bbox 937 3260 1167 3326; baseline -0.009 -1"><span class='ocrx_word' id='word_1_169' title='bbox 937 3262 1033 3326; x_wconf 87' lang='lat' dir='ltr'><strong>CAP.</strong></span> <span class='ocrx_word' id='word_1_170' title='bbox 1057 3260 1167 3324; x_wconf 80' lang='lat' dir='ltr'><strong>XIV.¹</strong></span> 
     </span>
     <span class='ocr_line' id='line_1_37' title="bbox 937 3425 1168 3489; baseline -0.009 0"><span class='ocrx_word' id='word_1_171' title='bbox 937 3426 987 3489; x_wconf 88' lang='lat' dir='ltr'><strong>De</strong></span> <span class='ocrx_word' id='word_1_172' title='bbox 1000 3425 1168 3489; x_wconf 79' lang='lat' dir='ltr'><strong>Mcrbillr&#39;a.</strong></span> 
     </span>
    </p>
   </div>
   <div class='ocr_carea' id='block_1_10' title="bbox 499 3582 1607 4807">
    <p class='ocr_par' dir='ltr' id='par_1_13' title="bbox 499 3582 1607 4807">
     <span class='ocr_line' id='line_1_38' title="bbox 547 3582 1606 3671; baseline -0.006 -20"><span class='ocrx_word' id='word_1_173' title='bbox 547 3586 717 3651; x_wconf 77' lang='lat' dir='ltr'><strong>Iuraurns</strong></span> <span class='ocrx_word' id='word_1_174' title='bbox 728 3586 916 3671; x_wconf 89' lang='lat' dir='ltr'><strong>plerumque</strong></span> <span class='ocrx_word' id='word_1_175' title='bbox 931 3587 1102 3669; x_wconf 85' lang='lat' dir='ltr'><strong>impetunt.</strong></span> <span class='ocrx_word' id='word_1_176' title='bbox 1149 3586 1259 3649; x_wconf 90' lang='lat' dir='ltr'><strong>Primo</strong></span> <span class='ocrx_word' id='word_1_177' title='bbox 1273 3584 1326 3648; x_wconf 89' lang='lat' dir='ltr'><strong>die</strong></span> <span class='ocrx_word' id='word_1_178' title='bbox 1336 3584 1444 3667; x_wconf 85' lang='lat' dir='ltr'><strong>rigent</strong></span> <span class='ocrx_word' id='word_1_179' title='bbox 1455 3582 1606 3647; x_wconf 90' lang='lat' dir='ltr'><strong>horrent·</strong></span> 
     </span>
     <span class='ocr_line' id='line_1_39' title="bbox 503 3686 1607 3774; baseline -0.005 -20"><span class='ocrx_word' id='word_1_180' title='bbox 503 3712 575 3774; x_wconf 86' lang='lat' dir='ltr'><strong>quc,</strong></span> <span class='ocrx_word' id='word_1_181' title='bbox 600 3690 706 3754; x_wconf 89' lang='lat' dir='ltr'><strong>calent</strong></span> <span class='ocrx_word' id='word_1_182' title='bbox 729 3696 762 3753; x_wconf 86' lang='lat' dir='ltr'><strong>et</strong></span> <span class='ocrx_word' id='word_1_183' title='bbox 785 3690 905 3773; x_wconf 78' lang='lat' dir='ltr'><strong>frigent</strong></span> <span class='ocrx_word' id='word_1_184' title='bbox 929 3689 1125 3753; x_wconf 86' lang='lat' dir='ltr'><strong>alternatim.</strong></span> <span class='ocrx_word' id='word_1_185' title='bbox 1173 3686 1331 3766; x_wconf 85' lang='lat' dir='ltr'><strong>Secundo,</strong></span> <span class='ocrx_word' id='word_1_186' title='bbox 1347 3691 1607 3751; x_wconf 84' lang='lat' dir='ltr'><strong>consummatam</strong></span> 
     </span>
     <span class='ocr_line' id='line_1_40' title="bbox 501 3787 1605 3877; baseline -0.008 -18"><span class='ocrx_word' id='word_1_187' title='bbox 501 3794 617 3859; x_wconf 84' lang='lat' dir='ltr'><strong>febrim</strong></span> <span class='ocrx_word' id='word_1_188' title='bbox 644 3800 812 3857; x_wconf 87' lang='lat' dir='ltr'><strong>accersunt</strong></span> <span class='ocrx_word' id='word_1_189' title='bbox 822 3818 833 3871; x_wconf 82' lang='lat'>3</span> <span class='ocrx_word' id='word_1_190' title='bbox 870 3792 1039 3877; x_wconf 82' lang='lat' dir='ltr'><strong>aegritudo</strong></span> <span class='ocrx_word' id='word_1_191' title='bbox 1064 3793 1246 3871; x_wconf 86' lang='lat' dir='ltr'><strong>vehemens,</strong></span> <span class='ocrx_word' id='word_1_192' title='bbox 1270 3790 1350 3869; x_wconf 90' lang='lat' dir='ltr'><strong>sitis,</strong></span> <span class='ocrx_word' id='word_1_193' title='bbox 1372 3787 1605 3873; x_wconf 85' lang='lat' dir='ltr'><strong>inappetentio,</strong></span> 
     </span>
     <span class='ocr_line' id='line_1_41' title="bbox 502 3892 1605 3981; baseline -0.008 -18"><span class='ocrx_word' id='word_1_194' title='bbox 502 3900 615 3981; x_wconf 88' lang='lat' dir='ltr'><strong>lingua</strong></span> <span class='ocrx_word' id='word_1_195' title='bbox 632 3896 714 3978; x_wconf 86' lang='lat' dir='ltr'><strong>alba,</strong></span> <span class='ocrx_word' id='word_1_196' title='bbox 737 3898 815 3981; x_wconf 87' lang='lat' dir='ltr'><strong>(non</strong></span> <span class='ocrx_word' id='word_1_197' title='bbox 834 3918 908 3962; x_wconf 84' lang='lat' dir='ltr'><strong>vero</strong></span> <span class='ocrx_word' id='word_1_198' title='bbox 931 3897 1037 3981; x_wconf 68' lang='lat' dir='ltr'><strong>sicca)</strong></span> <span class='ocrx_word' id='word_1_199' title='bbox 1059 3896 1223 3975; x_wconf 79' lang='lat' dir='ltr'><strong>tussicula,</strong></span> <span class='ocrx_word' id='word_1_200' title='bbox 1244 3894 1357 3979; x_wconf 88' lang='lat' dir='ltr'><strong>capitis</strong></span> <span class='ocrx_word' id='word_1_201' title='bbox 1380 3901 1414 3958; x_wconf 91' lang='lat' dir='ltr'><strong>et</strong></span> <span class='ocrx_word' id='word_1_202' title='bbox 1436 3892 1605 3957; x_wconf 90' lang='lat' dir='ltr'><strong>oculorum</strong></span> 
     </span>
     <span class='ocr_line' id='line_1_42' title="bbox 503 3996 1606 4087; baseline -0.009 -21"><span class='ocrx_word' id='word_1_203' title='bbox 503 4000 650 4087; x_wconf 87' lang='lat' dir='ltr'><strong>gravedo,</strong></span> <span class='ocrx_word' id='word_1_204' title='bbox 666 4007 699 4066; x_wconf 90' lang='lat' dir='ltr'><strong>et</strong></span> <span class='ocrx_word' id='word_1_205' title='bbox 714 4000 927 4066; x_wconf 87' lang='lat' dir='ltr'><strong>somnolentia</strong></span> <span class='ocrx_word' id='word_1_206' title='bbox 945 4008 1111 4085; x_wconf 91' lang='lat' dir='ltr'><strong>perpetua,</strong></span> <span class='ocrx_word' id='word_1_207' title='bbox 1126 4000 1243 4064; x_wconf 84' lang='lat' dir='ltr'><strong>acriter</strong></span> <span class='ocrx_word' id='word_1_208' title='bbox 1261 4004 1414 4083; x_wconf 90' lang='lat' dir='ltr'><strong>premunt</strong></span> <span class='ocrx_word' id='word_1_209' title='bbox 1422 4023 1432 4076; x_wconf 77' lang='lat'><em>3</em></span> <span class='ocrx_word' id='word_1_210' title='bbox 1453 3996 1606 4060; x_wconf 89' lang='lat' dir='ltr'><strong>humore</strong></span> 
     </span>
     <span class='ocr_line' id='line_1_43' title="bbox 503 4100 1604 4191; baseline -0.008 -19"><span class='ocrx_word' id='word_1_211' title='bbox 503 4106 634 4173; x_wconf 86' lang='lat' dir='ltr'><strong>naribus</strong></span> <span class='ocrx_word' id='word_1_212' title='bbox 650 4112 683 4171; x_wconf 89' lang='lat' dir='ltr'><strong>et</strong></span> <span class='ocrx_word' id='word_1_213' title='bbox 700 4106 801 4171; x_wconf 88' lang='lat' dir='ltr'><strong>oculis</strong></span> <span class='ocrx_word' id='word_1_214' title='bbox 820 4106 942 4191; x_wconf 86' lang='lat' dir='ltr'><strong>jugiter</strong></span> <span class='ocrx_word' id='word_1_215' title='bbox 962 4104 1072 4183; x_wconf 89' lang='lat' dir='ltr'><strong>stillat,</strong></span> <span class='ocrx_word' id='word_1_216' title='bbox 1089 4125 1170 4188; x_wconf 86' lang='lat' dir='ltr'><strong>quse</strong></span> <span class='ocrx_word' id='word_1_217' title='bbox 1190 4102 1374 4188; x_wconf 85' lang='lat' dir='ltr'><strong>lachrymae</strong></span> <span class='ocrx_word' id='word_1_218' title='bbox 1388 4100 1604 4167; x_wconf 86' lang='lat' dir='ltr'><strong>certissimum</strong></span> 
     </span>
     <span class='ocr_line' id='line_1_44' title="bbox 504 4201 1605 4294; baseline -0.01 -17"><span class='ocrx_word' id='word_1_219' title='bbox 504 4212 732 4277; x_wconf 87' lang='lat' dir='ltr'><strong>Morbillorum</strong></span> <span class='ocrx_word' id='word_1_220' title='bbox 747 4210 886 4294; x_wconf 89' lang='lat' dir='ltr'><strong>signum.</strong></span> <span class='ocrx_word' id='word_1_221' title='bbox 933 4210 1009 4273; x_wconf 90' lang='lat' dir='ltr'><strong>Huc</strong></span> <span class='ocrx_word' id='word_1_222' title='bbox 1023 4208 1181 4273; x_wconf 88' lang='lat' dir='ltr'><strong>accedunt</strong></span> <span class='ocrx_word' id='word_1_223' title='bbox 1196 4207 1399 4286; x_wconf 86' lang='lat' dir='ltr'><strong>sternutatio,</strong></span> <span class='ocrx_word' id='word_1_224' title='bbox 1413 4214 1523 4269; x_wconf 90' lang='lat' dir='ltr'><strong>tumor</strong></span> <span class='ocrx_word' id='word_1_225' title='bbox 1536 4201 1605 4285; x_wconf 88' lang='lat' dir='ltr'><strong>pal·</strong></span> 
     </span>
     <span class='ocr_line' id='line_1_45' title="bbox 502 4304 1605 4399; baseline -0.013 -19"><span class='ocrx_word' id='word_1_226' title='bbox 502 4315 674 4399; x_wconf 89' lang='lat' dir='ltr'><strong>pebrarum</strong></span> <span class='ocrx_word' id='word_1_227' title='bbox 688 4314 784 4399; x_wconf 89' lang='lat' dir='ltr'><strong>paulo</strong></span> <span class='ocrx_word' id='word_1_228' title='bbox 799 4320 875 4377; x_wconf 89' lang='lat' dir='ltr'><strong>ante</strong></span> <span class='ocrx_word' id='word_1_229' title='bbox 890 4312 1101 4395; x_wconf 86' lang='lat' dir='ltr'><strong>eruptionem,</strong></span> <span class='ocrx_word' id='word_1_230' title='bbox 1112 4309 1261 4388; x_wconf 83' lang='lat' dir='ltr'><strong>vomitus,</strong></span> <span class='ocrx_word' id='word_1_231' title='bbox 1276 4309 1445 4372; x_wconf 86' lang='lat' dir='ltr'><strong>diarrhoea</strong></span> <span class='ocrx_word' id='word_1_232' title='bbox 1458 4326 1533 4371; x_wconf 93' lang='lat' dir='ltr'><strong>cum</strong></span> <span class='ocrx_word' id='word_1_233' title='bbox 1548 4304 1605 4367; x_wconf 88' lang='lat' dir='ltr'><strong>de-</strong></span> 
     </span>
     <span class='ocr_line' id='line_1_46' title="bbox 499 4408 1605 4501; baseline -0.011 -18"><span class='ocrx_word' id='word_1_234' title='bbox 499 4418 694 4501; x_wconf 83' lang='lat' dir='ltr'><strong>jectionibus</strong></span> <span class='ocrx_word' id='word_1_235' title='bbox 716 4417 820 4481; x_wconf 91' lang='lat' dir='ltr'><strong>colore</strong></span> <span class='ocrx_word' id='word_1_236' title='bbox 842 4416 944 4494; x_wconf 83' lang='lat' dir='ltr'><strong>viridi,</strong></span> <span class='ocrx_word' id='word_1_237' title='bbox 964 4415 1002 4478; x_wconf 92' lang='lat' dir='ltr'><strong>in</strong></span> <span class='ocrx_word' id='word_1_238' title='bbox 1023 4412 1243 4479; x_wconf 87' lang='lat' dir='ltr'><strong>dentientibus</strong></span> <span class='ocrx_word' id='word_1_239' title='bbox 1264 4410 1463 4496; x_wconf 87' lang='lat' dir='ltr'><strong>pracsertim.</strong></span> <span class='ocrx_word' id='word_1_240' title='bbox 1509 4408 1605 4491; x_wconf 87' lang='lat' dir='ltr'><strong>Sym-</strong></span> 
     </span>
     <span class='ocr_line' id='line_1_47' title="bbox 501 4510 1606 4603; baseline -0.008 -21"><span class='ocrx_word' id='word_1_241' title='bbox 501 4524 647 4603; x_wconf 87' lang='lat' dir='ltr'><strong>ptomata</strong></span> <span class='ocrx_word' id='word_1_242' title='bbox 660 4517 886 4600; x_wconf 86' lang='lat' dir='ltr'><strong>ingravescunt</strong></span> <span class='ocrx_word' id='word_1_243' title='bbox 901 4516 941 4581; x_wconf 88' lang='lat' dir='ltr'><strong>ad</strong></span> <span class='ocrx_word' id='word_1_244' title='bbox 953 4524 1105 4599; x_wconf 88' lang='lat' dir='ltr'><strong>quartum</strong></span> <span class='ocrx_word' id='word_1_245' title='bbox 1115 4537 1217 4599; x_wconf 88' lang='lat' dir='ltr'><strong>usque</strong></span> <span class='ocrx_word' id='word_1_246' title='bbox 1229 4514 1324 4592; x_wconf 92' lang='lat' dir='ltr'><strong>diem,</strong></span> <span class='ocrx_word' id='word_1_247' title='bbox 1335 4536 1398 4596; x_wconf 92' lang='lat' dir='ltr'><strong>quo</strong></span> <span class='ocrx_word' id='word_1_248' title='bbox 1409 4512 1540 4598; x_wconf 86' lang='lat' dir='ltr'><strong>quidem</strong></span> <span class='ocrx_word' id='word_1_249' title='bbox 1551 4510 1606 4573; x_wconf 89' lang='lat' dir='ltr'><strong>die</strong></span> 
     </span>
     <span class='ocr_line' id='line_1_48' title="bbox 506 4618 1605 4704; baseline -0.005 -21"><span class='ocrx_word' id='word_1_250' title='bbox 506 4622 753 4704; x_wconf 89' lang='lat' dir='ltr'><strong>(nonnunquam</strong></span> <span class='ocrx_word' id='word_1_251' title='bbox 769 4620 903 4703; x_wconf 65' lang='lat' dir='ltr'><strong>quinta)</strong></span> <span class='ocrx_word' id='word_1_252' title='bbox 921 4619 956 4681; x_wconf 90' lang='lat' dir='ltr'><strong>in</strong></span> <span class='ocrx_word' id='word_1_253' title='bbox 971 4618 1079 4683; x_wconf 86' lang='lat' dir='ltr'><strong>fronte</strong></span> <span class='ocrx_word' id='word_1_254' title='bbox 1099 4628 1132 4683; x_wconf 91' lang='lat' dir='ltr'><strong>et</strong></span> <span class='ocrx_word' id='word_1_255' title='bbox 1154 4618 1235 4683; x_wconf 83' lang='lat' dir='ltr'><strong>facie</strong></span> <span class='ocrx_word' id='word_1_256' title='bbox 1256 4618 1401 4681; x_wconf 87' lang='lat' dir='ltr'><strong>maculae</strong></span> <span class='ocrx_word' id='word_1_257' title='bbox 1418 4636 1533 4700; x_wconf 89' lang='lat' dir='ltr'><strong>parvae</strong></span> <span class='ocrx_word' id='word_1_258' title='bbox 1547 4636 1605 4678; x_wconf 87' lang='lat' dir='ltr'><strong>ru·</strong></span> 
     </span>
     <span class='ocr_line' id='line_1_49' title="bbox 502 4721 1605 4807; baseline -0.005 -21"><span class='ocrx_word' id='word_1_259' title='bbox 502 4722 588 4799; x_wconf 91' lang='lat' dir='ltr'><strong>brae,</strong></span> <span class='ocrx_word' id='word_1_260' title='bbox 608 4721 751 4805; x_wconf 91' lang='lat' dir='ltr'><strong>pulicum</strong></span> <span class='ocrx_word' id='word_1_261' title='bbox 776 4721 935 4787; x_wconf 83' lang='lat' dir='ltr'><strong>morsibus</strong></span> <span class='ocrx_word' id='word_1_262' title='bbox 958 4722 1143 4805; x_wconf 83' lang='lat' dir='ltr'><strong>persimiles,</strong></span> <span class='ocrx_word' id='word_1_263' title='bbox 1159 4722 1338 4807; x_wconf 73' lang='lat' dir='ltr'><strong>prodeunt3</strong></span> <span class='ocrx_word' id='word_1_264' title='bbox 1364 4742 1445 4805; x_wconf 89' lang='lat' dir='ltr'><strong>quae</strong></span> <span class='ocrx_word' id='word_1_265' title='bbox 1467 4739 1605 4783; x_wconf 88' lang='lat' dir='ltr'><strong>numero</strong></span> 
     </span>
    </p>
   </div>
   <div class='ocr_carea' id='block_1_11' title="bbox 536 4848 1587 4905">
    <p class='ocr_par' dir='ltr' id='par_1_14' title="bbox 536 4848 1587 4905">
     <span class='ocr_line' id='line_1_50' title="bbox 536 4848 1587 4905; baseline -0.006 -6"><span class='ocrx_word' id='word_1_266' title='bbox 536 4850 544 4885; x_wconf 69' lang='lat'>⁸</span> <span class='ocrx_word' id='word_1_267' title='bbox 563 4850 600 4899; x_wconf 79' lang='lat' dir='ltr'><strong>ef.</strong></span> <span class='ocrx_word' id='word_1_268' title='bbox 612 4850 682 4899; x_wconf 82' lang='lat' dir='ltr'><strong>form.</strong></span> <span class='ocrx_word' id='word_1_269' title='bbox 694 4852 732 4897; x_wconf 73' lang='lat' dir='ltr'><strong>ts.</strong></span> <span class='ocrx_word' id='word_1_270' title='bbox 843 4857 857 4884; x_wconf 83' lang='lat'><strong>¹¹</strong></span> <span class='ocrx_word' id='word_1_271' title='bbox 876 4851 913 4897; x_wconf 82' lang='lat' dir='ltr'><strong>Cf.</strong></span> <span class='ocrx_word' id='word_1_272' title='bbox 926 4850 1022 4897; x_wconf 79' lang='lat' dir='ltr'><strong>forrum.</strong></span> <span class='ocrx_word' id='word_1_273' title='bbox 1036 4854 1075 4905; x_wconf 80' lang='lat'><strong>34,</strong></span> <span class='ocrx_word' id='word_1_274' title='bbox 1089 4852 1142 4898; x_wconf 82' lang='lat'>164.</span> <span class='ocrx_word' id='word_1_275' title='bbox 1250 4858 1264 4884; x_wconf 84' lang='lat'><em>¹</em></span> <span class='ocrx_word' id='word_1_276' title='bbox 1284 4850 1323 4899; x_wconf 82' lang='lat' dir='ltr'><strong>Cf.</strong></span> <span class='ocrx_word' id='word_1_277' title='bbox 1339 4853 1431 4899; x_wconf 78' lang='lat' dir='ltr'><strong>Obsero.</strong></span> <span class='ocrx_word' id='word_1_278' title='bbox 1444 4850 1506 4897; x_wconf 85' lang='lat' dir='ltr'><strong>Med.</strong></span> <span class='ocrx_word' id='word_1_279' title='bbox 1519 4848 1552 4895; x_wconf 83' lang='lat' dir='ltr'><strong>iv.</strong></span> <span class='ocrx_word' id='word_1_280' title='bbox 1564 4848 1587 4894; x_wconf 79' lang='lat'><strong>5.</strong></span> 
     </span>
    </p>
   </div>
   <div class='ocr_carea' id='block_1_12' title="bbox 0 0 1925 5759">
    <p class='ocr_par' dir='ltr' id='par_1_15' title="bbox 0 0 1925 5759">
     <span class='ocr_line' id='line_1_51' title="bbox 0 0 1925 5759; baseline 0 0"><span class='ocrx_word' id='word_1_281' title='bbox 0 0 1925 5759; x_wconf 95' lang='lat' dir='ltr'><strong> </strong></span> 
     </span>
    </p>
   </div>
  </div>
 </body>
</html>
