3825 5759
568 631 873 698 DISSERTA'PIO
897 634 1205 700 EPISTOLARIS.
1375 639 1440 702 349

326 816 408 860 nou
432 793 593 861 dormiens
610 793 694 859 bene
714 795 898 879 compositis
920 817 957 860 ac
983 795 1100 860 sedatis
1120 797 1250 861 fruatur
1270 795 1443 880 spiritibus,
1458 813 1501 864 Da
1515 815 1600 865 Vasa·

331 901 443 984 (quod
460 901 501 965 ab
521 907 687 983 assumpto
700 900 841 964 laudanc
854 921 1006 985 persaepe
1026 902 1164 982 accidit)
1181 902 1228 965 ita
1244 901 1343 965 etiam
1362 924 1445 967 non·
1458 882 1600 994 οξξζξξξ·

327 1025 511 1088 nunquam
524 1005 562 1067 fit
577 1010 614 1067 ut
629 1002 759 1086 spiritus
770 1003 992 1068 vehementius
1007 1003 1121 1086 agitati
1133 1003 1287 1068 laudabili
1300 1004 1445 1086 pustula-

329 1130 415 1171 rum
441 1107 603 1191 eruptioni
627 1107 780 1186 officiant,
804 1107 903 1170 etiam
926 1107 983 1171 ubi
1003 1129 1098 1191 aeger
1118 1108 1260 1172 multum
1285 1107 1442 1171 dormiat:

333 1211 444 1294 quod¹
459 1210 681 1274 observatione
696 1209 842 1292 dignum.

390 1314 474 1397 [33.]
503 1314 551 1377 Ut
566 1312 606 1376 de
624 1332 742 1395 genere
760 1311 983 1394 anodynorum
997 1310 1066 1394 jam
1080 1311 1210 1393 loquar:
1232 1311 1363 1374 tametsi
1381 1332 1441 1394 ego
1454 1321 1598 1373 Quonomi-

331 1438 355 1478 a
388 1415 502 1479 multis
532 1415 625 1478 annis
654 1414 832 1478 laudanum
860 1413 1020 1495 liquidum
1054 1413 1132 1475 satis
1161 1413 1324 1494 auspicato
1353 1414 1440 1476 exhi-
1453 1403 1596 1452 ⁰⁶⁸7¹⁰P¹¹⁸

1454 1451 1484 1498 de
1567 1481 1577 1491 -

332 1517 471 1581 buerim
495 1519 620 1601 quoties
639 1517 715 1580 huic
735 1516 926 1580 indicationi
946 1514 1208 1578 satisfaciendum
1226 1521 1305 1592 erat,
1325 1514 1440 1578 nihilo-
1453 1467 1591 1564 maffia.

331 1621 449 1683 minus
472 1642 627 1704 syrupum
645 1619 686 1684 de
707 1619 854 1682 meconio
870 1618 932 1701 ipsi
949 1617 1196 1700 praeferendum
1209 1636 1325 1710 censeo
1333 1641 1343 1694 3
1365 1615 1441 1680 licet
1453 1580 1591 1705 affl}

331 1723 428 1786 enim
445 1730 621 1805 utrumque
643 1721 685 1785 ad
703 1721 843 1784 eundem
863 1741 995 1803 scopum
1015 1719 1183 1802 dirigatur,
1200 1724 1311 1781 tamen
1330 1718 1441 1782 lauda-
1454 1709 1508 1756 ‘¹¹¹⁸'

331 1845 419 1890 num
450 1826 546 1908 paulo
571 1825 674 1907 magis
704 1823 876 1888 calefacere
901 1822 983 1885 mihi
1007 1822 1143 1898 u'detur,
1168 1843 1305 1904 syrupus
1331 1828 1441 1885 autem

332 1929 457 1992 minus.
503 1928 607 1992 Dosin
636 1927 721 2011 quod
751 1931 875 2012 spectat
905 1925 1025 2009 syrupi,
1054 1945 1093 1988 ea
1121 1945 1189 1988 non
1218 1924 1322 1988 solum
1352 1925 1441 2007 aegri
1455 1934 1599 2001 Donaqu-

334 2031 439 2095 aetati
461 2036 510 2094 est
530 2029 721 2113 adaptanda,
741 2029 798 2093 sed
820 2036 853 2092 et
873 2033 1127 2112 symptomatum
1149 2027 1281 2110 gradui;
1304 2034 1338 2090 et
1357 2049 1439 2109 quae
1451 2007 1593 2128 fflffl
1631 2091 1636 2098 ,

333 2131 474 2210 homini,
490 2133 545 2216 qui
560 2133 687 2196 sedatos
702 2131 801 2195 habet
816 2131 946 2214 spiritus
961 2139 994 2194 et
1009 2129 1109 2214 probe
1123 2129 1325 2213 compositos,
1337 2129 1439 2194 nimia
1451 2131 1563 2194 ⁸9³³&-

334 2235 422 2298 lorte
444 2236 515 2314 erit,
531 2235 633 2314 alteri,
649 2236 741 2319 cujus
763 2233 894 2318 spiritus
913 2233 1074 2298 ferociunt
1096 2233 1209 2316 magis,
1223 2233 1277 2296 vix
1291 2233 1437 2297 sufficiet.

336 2337 486 2421 Exempli
509 2339 621 2421 gratia,
642 2359 800 2422 ponamus
818 2337 855 2400 in
877 2358 995 2420 genere
1014 2359 1068 2400 sex
1089 2335 1257 2400 drachmas
1278 2336 1438 2420 plerisque

337 2441 527 2504 convenire:
551 2441 619 2524 jam
640 2441 677 2504 in
698 2439 883 2518 Variolosis,
904 2440 1031 2522 quoties
1055 2439 1091 2502 id
1111 2439 1246 2503 remedii
1265 2439 1437 2518 indicatur,

337 2541 390 2604 vix
416 2541 503 2605 intra
526 2543 666 2622 unciam,
687 2543 819 2627 siquid
840 2549 1003 2624 praestare
1024 2542 1169 2619 velimus,
1189 2548 1239 2604 eat
1261 2541 1437 2605 subsisten-

338 2643 436 2722 dum,
460 2665 541 2727 quae
562 2645 692 2728 quidem
712 2645 876 2728 quantitas
896 2644 1032 2726 singulis
1050 2645 1173 2707 vicibus
1190 2643 1303 2706 morbo
1325 2643 1437 2706 decur-

338 2753 432 2809 rente
451 2745 639 2828 imperanda
658 2751 718 2809 est.
762 2747 813 2809 De
834 2745 952 2808 adultis
974 2745 1101 2827 agimus
1118 2745 1419 2826 impraesentiarum
1428 2769 1437 2822 3
1451 2757 1591 2810 Daedala·

340 2848 471 2923 etenim,
498 2847 525 2908 si
546 2847 726 2910 infantibus
751 2847 949 2930 propinetur,
977 2847 1063 2909 dosis
1090 2869 1149 2929 pro
1174 2847 1299 2909 ratione
1323 2847 1439 2910 aetatis
1449 2837 1595 2952 {ffifg

341 2949 402 3013 erit
422 2949 607 3012 minuenda.
651 2949 696 3012 Et
715 2969 793 3012 sane
812 2948 997 3032 paregoriea
1015 2970 1083 3012 non
1101 2948 1236 3032 perinde
1254 2949 1440 3012 indicantur
1450 2958 1504 2998 ‘¹¹¹²

340 3051 376 3114 in
395 3051 574 3116 infantibus
592 3051 776 3132 Variolosis,
793 3073 830 3116 ac
847 3052 883 3115 in
903 3051 1125 3131 adultioribus,
1140 3073 1215 3115 cum
1234 3051 1283 3115 illi
1301 3053 1337 3115 in
1356 3073 1440 3116 som-

342 3176 400 3220 nos
425 3155 621 3238 perdurante
642 3155 756 3220 morbo
780 3155 946 3238 proniores
972 3156 1056 3220 sint:
1087 3156 1231 3239 quamvis
1260 3162 1294 3219 et
1321 3155 1585 3234 inhis,insan1ibus

342 3258 464 3342 quoties
487 3281 507 3322 a
525 3258 639 3322 morbo
659 3259 885 3342 periclitantur
903 3259 1017 3342 magis,
1035 3281 1056 3322 a
1074 3259 1259 3343 paregorico
1278 3259 1440 3323 abstinere
1451 3232 1590 3358 ffloffi'

340 3362 479 3424 multum
499 3362 748 3426 extimescerem.
793 3363 839 3426 At
861 3362 959 3445 (quod
977 3362 1082 3426 dicere
1100 3362 1228 3425 animus
1243 3363 1325 3426 mihi
1345 3365 1436 3447 erat)
1450 3359 1594 3473 {mi-¹¹¹¹}

342 3463 466 3528 difficile
495 3470 544 3528 est
570 3464 744 3529 admodum
774 3465 1032 3548 paregoricorum
1057 3465 1160 3544 dosin,
1184 3487 1376 3549 quocunque
1403 3467 1441 3530 in
1468 3441 1594 3489 ypnoaa,

343 3587 415 3632 casu
443 3567 507 3630 ista
535 3567 730 3646 indicantur,
761 3575 849 3632 certo
887 3567 1120 3632 determinare:
1158 3568 1280 3631 etenim
1309 3569 1376 3632 sive
1404 3569 1440 3633 in

343 3689 529 3753 quocunque
561 3669 733 3753 spirituum
764 3678 857 3734 motu
888 3670 1124 3750 inordinatiori,
1154 3671 1219 3735 sive
1251 3671 1288 3735 in
1315 3671 1441 3736 vomitu

343 3773 462 3836 enormi
484 3779 516 3836 et
537 3773 598 3836 alvi
615 3774 715 3852 fluxu,
734 3774 799 3837 sive
821 3773 919 3837 etiam
938 3775 974 3836 in
989 3773 1099 3838 dolore
1118 3774 1283 3853 atrociore,
1302 3774 1349 3855 (iu
1369 3775 1439 3857 qui·

343 3873 399 3938 bus
414 3875 581 3938 affectibus
598 3875 702 3939 tribus
717 3875 901 3958 praesertim
918 3898 1015 3940 usum
1030 3877 1288 3960 paregoricorum
1304 3876 1439 3940 indicari

345 3975 415 4040 alibi
439 3977 556 4062 [Epist.
572 3979 719 4059 Reaporu.
733 3979 761 4041 1.
779 3981 797 4064 q
812 3979 859 4062 9.]
887 3979 1004 4062 docui)
1022 4001 1061 4042 ea
1081 3979 1234 4042 methodo
1251 3985 1330 4042 sunt
1350 3979 1439 4042 exhi-

343 4075 453 4156 benda,
469 4084 517 4156 ut,
535 4078 562 4141 si
576 4079 681 4161 prima
695 4079 780 4144 dosis
794 4087 916 4144 metam
930 4102 998 4145 non
1017 4082 1168 4163 attingat,
1183 4081 1246 4144 alia
1265 4087 1362 4162 atque
1376 4080 1439 4144 alia
1450 4090 1519 4138 toties
1530 4105 1569 4138 re-

345 4179 446 4245 debito
474 4187 618 4266 tempore
648 4191 838 4264 assumatur,
870 4184 973 4248 donec
1000 4185 1134 4248 tandem
1164 4183 1438 4246 medicamentum
1449 4155 1593 4266 ffifffi„

345 4284 460 4349 Medici
488 4287 571 4350 votis
599 4288 811 4370 responderit,
839 4310 907 4352 non
935 4295 1005 4352 tam
1034 4289 1075 4352 ad
1104 4289 1266 4370 ingestam
1296 4285 1438 4369 anodyni
1449 4288 1590 4392 ΨΜ·

345 4389 561 4471 quantitatem,
578 4411 675 4472 quam
690 4390 730 4453 ad
749 4391 900 4454 affectum
921 4389 1008 4472 quod
1026 4391 1062 4452 in
1080 4411 1176 4472 aegro
1194 4388 1439 4472 producendum
1469 4361 1540 4408 Μ

345 4499 415 4570 erat,
444 4499 593 4575 respectu
621 4492 751 4572 habito,
782 4491 868 4575 quod
896 4491 954 4556 ubi
982 4492 1123 4575 primum
1152 4490 1351 4569 successerit,
1376 4513 1438 4557 nee

345 4595 440 4674 citius,
463 4619 483 4660 a
503 4596 680 4680 paregorici
701 4617 764 4660 usu
785 4596 833 4660 ita
854 4596 981 4679 copioso
1003 4615 1040 4659 ac
1061 4593 1225 4678 frequenti
1244 4593 1437 4660 cessandum

347 4705 404 4778 eat3
434 4699 624 4782 interposito
649 4707 760 4763 tamen
787 4720 912 4783 semper
934 4699 1022 4762 inter
1047 4697 1190 4781 singulas
1216 4695 1308 4760 doses
1333 4696 1438 4778 spatio

655 4830 662 4856 ²
680 4832 739 4889 qaod
749 4833 835 4878 observ.
847 4827 955 4892 dignum]
969 4843 1017 4877 cm.
1030 4829 1067 4877 ed.
1080 4830 1128 4877 '82
