3825 5759
519 668 563 732 36
822 668 1019 735 ΤΗΟΜΑΕ
1043 670 1300 737 SYDENHAM

368 838 419 886 -nz
431 837 508 887 Μοι·
520 850 607 895 anno
622 836 678 895 aut
700 837 787 897 certa
806 832 914 916 eliqua
930 853 1092 897 annorum
1113 832 1194 897 serie
1213 831 1359 916 ejusdem
1380 836 1459 893 6661
1481 828 1619 911 generis,

381 903 500 1016 m]
521 953 608 997 anno
622 932 685 997 ano
700 934 804 1017 specie
822 934 863 998 6
883 934 953 998 uus
975 935 1030 998 66
1046 935 1315 1018 manganes?
1348 931 1621 997 66666661

367 1028 507 1049 FU*

521 1056 667 1118 unquam
689 1035 861 1100 methodus
876 1056 978 1120 aeque
998 1037 1168 1102 commoda
1181 1042 1232 1101 661
1246 1037 1315 1101 visa
1333 1042 1433 1118 atque
1449 1034 1507 1098 illa
1528 1052 1622 1116 quae,

521 1158 580 1220 per
594 1136 806 1201 sufficientem
821 1159 981 1203 annorum
994 1160 1168 1203 nnmerum
1182 1144 1344 1223 protensa,
1359 1136 1471 1201 codem
1484 1136 1556 1199 illos
1570 1154 1622 1199 or·

522 1238 599 1303 6166
614 1238 808 1305 describeret
819 1262 883 1323 quo
897 1261 931 1306 66
945 1242 1084 1306 invicem
1095 1241 1298 1325 excipiebant
1308 1248 1342 1305 et
1355 1237 1621 1322 insequebantur.

524 1341 621 1407 Quod
639 1348 678 1406 ut
698 1343 767 1426 jam
786 1364 845 1426 pro
861 1364 935 1407 meo
953 1344 1085 1409 modulo
1105 1344 1250 1421 efficiam,
1266 1342 1447 1407 Historiam
1466 1347 1500 1404 61
1520 1338 1623 1403 Crura·

523 1445 629 1509 tiones
638 1444 897 1528 Epidemioorum
908 1446 965 1529 qui
976 1446 1017 1511 ab
1032 1448 1214 1510 66661661
1228 1446 1270 1510 ad
1284 1466 1407 1509 anuum
1421 1442 1622 1526 66661676

526 1549 595 1629 (per
616 1545 799 1629 quindecim
814 1545 962 1611 videlieet
976 1569 1137 1613 annorum
1151 1549 1314 1632 spatium)
1332 1545 1621 1631 depopulabantur,

524 1670 564 1711 ex
583 1649 904 1729 commatissimarum,
920 1672 1000 1733 quas
1021 1650 1102 1714 mihi
1121 1651 1226 1715 iacere
1245 1650 1347 1727 licuit,
1362 1647 1622 1713 observationum

523 1751 588 1817 fide
602 1751 672 1816 orbi
688 1752 814 1818 erudito
833 1754 981 1818 tradam:
1004 1774 1079 1816 cum
1102 1752 1183 1816 6161
1204 1751 1401 1837 impossibile
1421 1751 1517 1835 plane
1535 1747 1622 1812 vide-

525 1858 599 1917 atur
609 1854 760 1919 effectum
775 1854 810 1918 id
824 1854 910 1932 dare,
921 1854 972 1917 vel
982 1874 1094 1918 causas
1103 1853 1279 1918 eorundem
1287 1859 1417 1918 exortus
1428 1848 1622 1935 assignando

525 1976 546 2019 a
567 1956 746 2019 manifestis
772 1956 854 2020 66616
876 1954 1086 2039 qualitatibus
1108 1955 1303 2040 desumptas,
1325 1956 1376 2020 vel
1397 1954 1502 2017 multo
1523 1952 1622 2016 etiam

526 2057 635 2120 minus
654 2078 673 2121 a
689 2056 877 2141 particulari
898 2058 1006 2140 aliqua
1028 2057 1189 2141 dyscrasia
1209 2059 1246 2121 in
1267 2058 1426 2141 sanguiue
1447 2055 1623 2139 6166666-

526 2158 680 2237 moribus,
695 2158 759 2222 nisi
773 2159 808 2223 in
824 2166 983 2241 quantum
997 2168 1138 2224 secretae
1152 2161 1236 2225 66616
1254 2160 1443 2224 influentiae
1456 2156 1623 2221 11166666-

527 2268 627 2325 retrn.
672 2262 762 2328 Quin
779 2270 812 2328 et
834 2263 937 2345 magis
959 2263 1064 2328 66666
1086 2264 1126 2345 (61
1141 2264 1190 2327 fas
1208 2272 1257 2327 est
1279 2262 1406 2344 616666)
1427 2260 1624 2345 impossibile

524 2363 626 2427 ¹fuerit
634 2365 794 2429 variorum
804 2364 1065 2449 Epidemicorum
1079 2366 1201 2449 species
1216 2365 1352 2444 tradere,
1365 2365 1421 2448 qui
1435 2385 1455 2428 6
1469 2361 1623 2446 specificis

529 2466 613 2529 66616
623 2466 866 2531 alterationibus
880 2467 1040 2547 oriuntur,
1051 2468 1258 2551 quantumvis
1271 2469 1306 2531 in
1315 2466 1447 2550 proclivi
1459 2464 1541 2529 illud
1554 2483 1624 2529 6666

528 2566 684 2647 videatur,
704 2569 774 2632 istis
795 2569 943 2634 videlicet
965 2570 1021 2651 qui
1031 2568 1170 2650 febriam
1191 2571 1326 2634 nomina
1348 2576 1491 2633 attexere
1512 2566 1624 2631 norint

528 2670 725 2751 notionibus,
750 2673 786 2736 16
815 2671 1034 2757 speculatione
1059 2673 1195 2737 istarum
1221 2672 1450 2739 alterationum
1478 2691 1560 2755 quae
1587 2669 1625 2733 in

530 2774 688 2857 sanguine
708 2774 852 2841 humano
875 2782 974 2859 atque
1002 2776 1071 2859 ejus
1100 2774 1290 2840 humoribus
1313 2796 1371 2859 per
1391 2775 1477 2837 hano
1496 2772 1624 2837 illamve

528 2876 758 2961 principiorum
782 2877 1067 2961 degenerationem
1096 2877 1166 2941 fieri
1190 2884 1336 2960 possunt,
1361 2877 1446 2940 male
1469 2873 1624 2939 fundatis.

530 2980 604 3045 Quo
625 2979 756 3063 quidem
777 2986 880 3064 pacto,
896 3001 973 3044 cum
994 3001 1063 3044 666
1083 2978 1246 3043 Naturam
1268 2997 1449 3061 sequamur,
1469 2975 1626 3059 optimam

529 3102 655 3163 semper
683 3082 808 3159 ducem,
835 3082 892 3146 666
920 3080 1125 3165 conjectandi
1152 3080 1280 3145 libidini
1308 3079 1544 3161 indulgeamus,
1573 3083 1626 3141 tot

529 3182 623 3246 nobis
644 3190 741 3245 erunt
766 3182 953 3247 morborum
980 3182 1100 3266 species
1125 3188 1205 3266 quot
1226 3180 1425 3246 comminisci
1449 3178 1626 3264 placuerit:

530 3302 603 3346 eam
624 3281 717 3346 nobis
738 3282 870 3347 interim
892 3304 1079 3366 arrogamus
1100 3283 1274 3362 licentiam,
1298 3304 1395 3366 quam
1416 3302 1514 3345 nemo
1532 3280 1627 3344 facile

530 3382 681 3449 botanico
696 3384 897 3463 concesserit,
910 3406 930 3447 a
945 3406 1009 3468 quo
1022 3386 1059 3449 in
1073 3385 1284 3449 describenda
1298 3384 1483 3468 plantamm
1492 3382 1628 3447 historia

531 3505 684 3549 sensuum
695 3486 887 3569 requirimus
901 3488 1134 3566 testimoninm,
1144 3508 1182 3551 ac
1195 3486 1303 3565 fidem,
1311 3508 1379 3550 non
1392 3485 1526 3550 rationis
1540 3504 1626 3547 com·

393 3580 398 3589 ’
531 3586 775 3667 mentationem,
805 3586 1044 3671 quantumlibet
1073 3589 1136 3653 ista
1163 3589 1283 3673 polleat
1312 3595 1410 3671 atque
1435 3586 1505 3651 aliis
1530 3586 1626 3667 longe

532 3688 713 3753 antecellat.

580 3788 663 3873 [26]
692 3788 791 3856 Η666
805 3792 954 3875 equidem
969 3800 1100 3859 tantum
1113 3795 1194 3858 mihi
1204 3801 1355 3873 sumant
1368 3814 1420 3858 66
1434 3792 1470 3856 16
1479 3790 1531 3854 616
1545 3810 1628 3873 quae

527 3895 597 3977 jam
611 3892 705 3957 trado
719 3914 849 3957 66666
864 3894 1035 3961 absolvisse
1048 3918 1222 3961 numerum
1237 3897 1427 3971 existimem,
1438 3895 1522 3958 forte
1536 3912 1579 3956 ne
1592 3892 1629 3956 in

531 3995 729 4061 recensenda
754 3996 883 4079 quidem
909 3998 1058 4062 universa
1079 3999 1339 4082 Epidemicorum
1361 3997 1502 4073 familia5
1524 3995 1629 4058 multo

532 4100 640 4164 61666
661 4099 697 4163 16
719 4120 771 4164 66
794 4100 923 4183 recipio,
938 4101 1048 4183 utqui
1069 4102 1174 4166 morbi
1195 4102 1321 4185 elapsis,
1337 4101 1378 4165 66
1401 4099 1519 4183 quibus
1535 4096 1630 4162 66616

533 4224 637 4267 sermo
658 4208 708 4266 661
728 4202 831 4281 66616,
852 4202 965 4267 ordine
983 4202 1069 4267 infra
1088 4203 1224 4268 dicendo
1238 4226 1273 4268 se
1288 4210 1405 4268 mutuo
1423 4204 1629 4284 exceperunt,

530 4304 675 4369 venturis
695 4304 829 4369 66666116
850 4306 991 4370 eundem
1009 4313 1165 4389 perpetuo
1186 4306 1391 4372 servaverint.
1436 4304 1549 4367 Unum
1569 4301 1631 4365 hoc

531 4408 655 4485 molior,
670 4414 718 4486 ut,
734 4430 798 4491 quo
819 4417 914 4493 pacto
935 4408 1016 4472 baec
1037 4428 1072 4471 se
1097 4428 1149 4471 res
1169 4406 1284 4472 babuit
1306 4428 1419 4492 nuper,
1435 4405 1631 4488 astipulante

533 4530 709 4593 paucorum
731 4510 852 4593 aliquot
873 4530 1034 4575 annorum
1053 4508 1284 4587 observatione,
1306 4528 1464 4585 enarrem,
1480 4505 1568 4589 quod
1588 4505 1632 4571 ad

533 4610 592 4673 has
607 4610 727 4673 scilicet
742 4612 887 4693 regiones
902 4618 1026 4696 spectat
1041 4618 1074 4675 61
1089 4612 1224 4676 bauain
1243 4632 1308 4695 666
1322 4611 1470 4694 degimus
1485 4608 1630 4684 Urbem

532 4719 572 4775 ut
586 4730 705 4790 meum,
722 4712 919 4795 qualequale
934 4715 987 4792 sit,
999 4713 1182 4797 symbolum
1193 4713 1356 4778 conferam
1371 4712 1412 4776 ad
1424 4732 1505 4794 opus
1519 4709 1631 4775 incho-

535 4812 666 4895 andum,
693 4813 779 4897 quod
811 4814 949 4899 (siquid
976 4836 1036 4897 ego
1057 4816 1233 4899 judicando
1258 4815 1370 4897 valea)
1394 4815 1431 4877 in
1453 4812 1631 4877 maximum
