3825 5759
494 623 561 688 350
810 621 1007 688 'PHOMAE
1030 623 1289 689 SYDENHAM

341 793 384 842 Da
398 793 468 840 vm
440 783 612 900 nali-quo,
627 792 665 849 ut
686 805 875 868 pernoscere
891 787 1055 850 valeamus
1075 793 1189 850 utrum
1210 785 1297 852 dosis
1314 785 1434 850 ultim
1456 785 1495 850 id
1525 787 1637 870 quod

341 858 482 968 ‘’im‘'
429 888 679 970 „quaerimus
702 889 909 972 praestiterit,
934 897 1110 972 antequam
1134 911 1220 953 nora
1242 890 1422 972 ingeratur.
1474 891 1533 954 At
1566 890 1635 953 ubi

495 991 594 1055 semel
624 993 723 1056 linem
757 993 959 1076 propositum
995 993 1243 1072 obtinuerimus,
1268 993 1355 1057 dosis
1383 993 1558 1078 anodym‘,
1590 994 1632 1056 in

494 1091 600 1155 morbi
632 1113 804 1176 progressu
834 1093 1057 1174 exhibendi,
1043 1116 1113 1178 Jam
1146 1096 1255 1159 minor
1281 1117 1342 1180 pro
1368 1117 1406 1161 re
1434 1105 1525 1160 nata
1563 1097 1629 1159 de·

494 1195 638 1258 finienda
655 1195 727 1259 erit.

543 1297 626 1381 [34]
653 1298 810 1382 Exempla
827 1297 916 1362 haud
932 1319 1035 1382 panea
1052 1299 1260 1383 inpromptu
1276 1297 1359 1362 mibi
1376 1304 1465 1378 sunt,
1482 1300 1624 1382 quibus

494 1400 540 1464 eis
566 1422 648 1484 quae
673 1401 830 1466 hactenus
855 1403 975 1466 tradidi
1000 1402 1099 1465 fidem
1117 1402 1294 1480 adstruam,
1316 1409 1351 1466 at
1378 1402 1519 1466 unicum
1548 1404 1621 1468 im·

494 1504 748 1586 praesentiarum
767 1505 935 1570 adducam.
980 1505 1103 1588 Aprilis
1123 1508 1175 1584 13,
1190 1527 1278 1570 anno
1294 1507 1390 1585 1681,
1406 1505 1581 1588 quaedam
1595 1529 1618 1571 e

495 1613 606 1670 nostra
626 1607 750 1686 vicinia,
773 1607 905 1671 nomine
927 1607 1051 1686 Crosse,
1074 1605 1117 1670 ad
1137 1628 1191 1671 me
1215 1607 1371 1671 accedens
1395 1616 1497 1692 atque
1519 1611 1614 1674 flens

496 1708 612 1774 obnixe
637 1711 731 1794 petiit
756 1717 794 1773 ut
816 1711 920 1774 filium
944 1711 1015 1793 ejus
1040 1709 1218 1773 decennem
1243 1709 1377 1788 adirem,
1401 1711 1469 1793 qui,
1498 1733 1520 1774 a
1555 1712 1613 1776 die

495 1819 611 1894 quarto
630 1813 714 1876 male
735 1813 868 1891 habens,
887 1813 1027 1876 Variolis
1049 1814 1098 1895 (ut
1119 1813 1190 1896 ipsa
1207 1811 1398 1894 metuebat)
1418 1813 1491 1896 jam
1511 1813 1610 1878 labo-

494 1914 597 1978 rabat.
642 1915 713 1996 Ego
733 1935 753 1977 a
770 1914 922 1998 podagra,
938 1936 1021 1998 quae
1040 1921 1191 1978 metune
1209 1914 1362 1998 temporis
1381 1915 1609 1994 excruciabat,

494 2017 656 2096 detensa,
679 2017 974 2101 Pharmaeopolam,
996 2040 1061 2101 quo
1081 2017 1132 2081 uti
1154 2017 1250 2096 soleo,
1271 2017 1382 2100 rogavi
1402 2025 1442 2082 ut
1463 2039 1607 2101 aegrum

494 2118 654 2197 inviseret,
671 2141 709 2182 ac
728 2119 809 2181 mibi
831 2119 872 2182 de
893 2121 964 2204 ejus
986 2127 1075 2184 statu
1091 2120 1235 2184 referret.
1277 2120 1419 2184 Rediens
1439 2120 1496 2184 ille
1518 2122 1605 2184 mihi

495 2220 646 2298 narravit,
662 2221 753 2304 pueri
768 2227 905 2285 matrem
924 2223 954 2304 (e
968 2224 1078 2287 nescio
1099 2224 1193 2307 cujus
1209 2222 1417 2286 mulierculae
1438 2222 1601 2305 oonsilio)

493 2322 657 2406 pulverem
683 2323 882 2402 Comitissae,
905 2331 938 2389 et
964 2325 1028 2388 alia
1052 2325 1204 2390 calidiora
1223 2324 1376 2403 remedia,
1397 2324 1464 2389 tilio
1485 2326 1598 2409 propi-

492 2445 605 2503 nasse;
637 2425 716 2510 quin
738 2433 771 2489 et
797 2428 941 2510 stragula
960 2428 1121 2512 adjecerat
1145 2428 1261 2492 matris
1283 2427 1498 2510 indulgentie,
1526 2428 1600 2508 (sub

492 2527 609 2611 quibus
627 2527 718 2612 quasi
735 2527 880 2593 defossus
901 2529 1024 2594 latebat
1045 2532 1163 2613 aegea)
1179 2539 1218 2594 ut
1239 2529 1357 2594 horum
1377 2528 1522 2612 pondere
1543 2551 1599 2592 su·

491 2630 584 2696 dores
610 2631 663 2714 (ad
686 2653 776 2716 quos,
799 2653 859 2698 eeu
884 2632 926 2697 ad
951 2654 1077 2697 sacram
1102 2633 1277 2697 anchoram
1285 2641 1312 2711 ¹¹,
1333 2633 1370 2696 iu
1393 2633 1457 2697 hoc
1481 2631 1598 2696 morbo

491 2731 650 2799 foeminae
671 2735 886 2818 confugiunt)
909 2736 1121 2820 exprimeret,
1143 2735 1187 2799 ad
1202 2735 1282 2800 baec
1302 2757 1456 2818 magnam
1477 2735 1597 2819 posseti

491 2841 626 2906 calentis
641 2842 715 2921 vim,
731 2841 862 2906 floribus
877 2841 1065 2905 calendmae
1079 2849 1113 2904 et
1127 2861 1230 2905 cornu
1243 2841 1329 2904 cervi
1342 2841 1487 2920 incoctis,
1499 2862 1595 2924 aegro

491 2944 672 3024 infuderat3
695 2945 783 3008 unde
798 2944 935 3009 maneto
949 2943 1049 3007 febris
1066 2943 1181 3021 calore,
1196 2949 1324 3007 tantm
1337 2941 1504 3027 spiritibus
1518 2965 1594 3007 con·

491 3045 651 3112 fusionem
668 3047 849 3124 induxerat,
867 3054 906 3109 ut
924 3053 1052 3128 praeter
1069 3044 1205 3108 modum
1224 3044 1374 3108 deliraret
1393 3065 1499 3128 aeger,
1516 3046 1592 3109 totis

491 3148 691 3212 adstantium
708 3148 829 3211 viribus
845 3147 895 3210 vir
910 3147 1030 3212 lectulo
1047 3147 1170 3227 affixus,
1185 3167 1224 3211 ao
1241 3146 1408 3211 incondita
1426 3147 1591 3231 quaedam,

490 3249 669 3315 furientium
684 3249 725 3314 sd
742 3251 854 3327 instar,
871 3249 1149 3316 submurmurans.
1192 3249 1351 3315 Nondum
1368 3257 1481 3314 tamen
1494 3251 1531 3314 in
1542 3251 1591 3314 lu·

491 3372 562 3414 cem
584 3350 757 3434 prodibant
779 3349 1018 3429 exanthemata,
1037 3351 1089 3414 vel
1110 3351 1226 3416 saltem
1251 3350 1396 3430 obscure,
1416 3351 1474 3416 sed
1494 3351 1589 3416 denso

492 3453 620 3535 agmine
639 3453 741 3518 cutim
762 3452 982 3536 impetebant,
1003 3454 1145 3518 inhibita
1165 3453 1261 3537 plane
1280 3454 1450 3537 eruptione
1469 3453 1510 3520 ab
1530 3455 1589 3518 hac

346 986 480 998 ——n—

492 3553 646 3618 methodo
661 3553 857 3632 violentiora
870 3576 952 3637 quae
966 3555 1009 3618 ad
1022 3577 1095 3620 eam
1109 3557 1345 3622 sollicitandam
1360 3555 1589 3620 destinabatur.

492 3657 514 3722 J
515 3656 599 3720 ubeo
617 3664 655 3722 ut
670 3677 688 3722 e
703 3657 786 3722 lecto
805 3657 964 3722 eximatur
983 3667 1105 3741 quanto
1123 3681 1233 3744 ocyus,
1248 3679 1354 3742 neque
1373 3659 1512 3723 eundem
1528 3659 1585 3722 uisi

491 3767 591 3822 noctu
605 3759 807 3842 ingrediatur
820 3767 896 3824 ante
907 3760 1053 3844 elapsum
1067 3771 1195 3826 sertum
1210 3762 1315 3826 diem:
1338 3761 1415 3826 dein
1428 3769 1467 3826 ut
1483 3761 1585 3846 sympi

491 3861 532 3926 de
553 3863 700 3926 meconio
717 3862 848 3926 uncum
870 3861 1037 3926 dimidiam
1058 3865 1170 3928 statim
1191 3873 1318 3942 sumat3
1340 3886 1406 3947 quo
1424 3885 1468 3928 ne
1488 3863 1582 3927 hilum

490 3965 686 4052 proficiente,
702 3973 774 4050 post
788 3965 887 4030 horae
902 3966 1043 4050 spatium
1057 3967 1195 4030 eandem
1209 3967 1303 4032 dosin
1317 3973 1439 4050 repeto,
1454 3973 1489 4030 at
1502 3965 1581 4029 nullo

490 4091 566 4135 cum
586 4069 705 4146 fructu,
721 4070 839 4155 quippe
856 4070 942 4154 qnod
964 4071 1097 4154 sanguis
1111 4078 1181 4135 tam
1195 4071 1331 4134 immani
1344 4070 1473 4134 fiirebat
1483 4089 1581 4153 orgus·

490 4197 554 4254 mo,
574 4181 613 4240 ut
637 4195 705 4239 non
726 4173 790 4238 nisi
814 4173 918 4238 unciis
940 4173 1067 4239 duabus
1087 4195 1164 4240 cum
1186 4173 1320 4238 dimidia
1343 4173 1460 4258 (spatio
1481 4183 1579 4237 umen

489 4279 575 4344 inter
599 4277 743 4362 singulas
766 4277 959 4343 semiuncias
983 4278 1163 4362 interjecto,
1186 4297 1250 4361 quo
1272 4277 1411 4361 liqueret
1433 4275 1511 4360 quid
1529 4295 1578 4359 po

490 4393 610 4450 struma
620 4383 705 4450 dosis
715 4385 941 4469 praestiterat)
953 4383 1228 4467 intro-assumptis
1238 4382 1380 4447 fraenari
1389 4388 1497 4466 posset
1500 4405 1510 4459 ;
1523 4401 1577 4464 qno

489 4485 585 4566 facto,
596 4487 727 4552 unciam
741 4487 907 4552 dimidiam
922 4495 1054 4552 tantum
1067 4485 1205 4570 singulis
1214 4485 1366 4550 noctibus
1378 4482 1578 4550 hauriendam

490 4590 678 4674 praescripsi
700 4611 802 4675 usque
821 4591 864 4656 ad
882 4592 982 4656 finem
1000 4589 1116 4671 morbi,
1138 4611 1221 4674 quae
1241 4589 1372 4676 quidem
1390 4589 1480 4653 illam
1497 4586 1574 4672 spid-

751 4753 1017 4830 mammes-
1065 4753 1369 4812 nawense
1369 4755 1487 4801 ιιιιιισ
1486 4750 1572 4812 ιιι
