3825 5759
518 625 585 686 220
828 616 1023 682 THOMAE
1048 616 1306 681 SYDENHAM

364 800 506 846 vinacia
520 785 591 866 est,)
609 783 666 846 sed
680 781 811 845 brachia
827 780 970 862 insuper,
985 777 1123 868 humeri,
1139 798 1241 856 crura,
1256 787 1428 862 partesque
1445 778 1527 841 aliae
1536 803 1546 855 3
1569 776 1626 860 qui

366 865 506 976 fflffl,
521 888 652 971 quidem
674 893 816 950 tumores
843 884 883 948 ab
906 882 1102 947 intolerabili
1128 882 1246 960 dolore,
1268 883 1544 946 rheumaticorum
1568 903 1627 965 per

369 993 509 1070 Q
522 991 631 1054 omnia
660 988 797 1065 aemulo,
820 985 1020 1068 tragoediam
1046 983 1255 1047 ordiebantur
1262 1010 1272 1062 3
1303 991 1416 1066 postea
1440 983 1529 1046 haud
1553 1004 1627 1046 raro

367 1083 507 1193 ξξζοξζζῃ
523 1091 793 1176 supputabantur,
817 1094 850 1151 et
876 1088 912 1150 in
942 1087 1033 1150 sinus
1063 1086 1214 1169 ingentes
1239 1092 1273 1150 et
1298 1087 1439 1169 partium
1465 1086 1627 1149 musculo.

364 1210 510 1266 stitutiones,
524 1215 633 1258 aarum
656 1197 855 1277 apostemata
874 1189 1075 1268 desinebant,
1091 1210 1187 1272 aegro
1206 1190 1241 1253 in
1260 1189 1345 1253 vitae
1366 1189 1509 1272 periculo
1528 1189 1628 1252 etiam

368 1275 485 1386 ffflff
524 1297 566 1360 ad
585 1297 705 1360 multos
725 1293 793 1358 dies
812 1315 832 1358 a
851 1293 993 1358 discessu
1011 1293 1216 1356 Variolamm
1234 1292 1340 1356 adhuc
1357 1299 1524 1356 versante:
1548 1292 1629 1356 adeo

368 1419 423 1478 ram
435 1418 488 1478 anf·
524 1407 561 1462 ut
581 1399 661 1461 mibi
682 1396 865 1462 luculenter
883 1403 1046 1461 constaret
1066 1395 1107 1458 de
1127 1394 1279 1477 gradibus
1299 1394 1416 1478 quibus
1435 1395 1489 1458 hic
1508 1415 1543 1457 se
1563 1394 1627 1476 cpi·

369 1482 499 1579 3⁸12?ss
525 1501 667 1565 demicus
693 1506 893 1585 promoveret
917 1521 976 1584 per
1000 1505 1066 1562 tres
1091 1497 1187 1562 hasce
1212 1497 1469 1576 constitutiones,
1491 1518 1629 1580 quarum

369 1611 509 1716 {giffiffi
525 1604 681 1688 posterior
706 1605 846 1688 priorem
876 1623 1003 1686 semper
1028 1601 1222 1685 exuperavit,
1245 1608 1318 1664 tum
1343 1601 1449 1684 quoad
1473 1600 1629 1684 majorem

370 1725 449 1800 quma
458 1739 510 1771 ma·
526 1706 741 1790 putredinem,
756 1713 829 1771 tum
845 1706 951 1790 quoad
965 1704 1071 1769 morbi
1085 1704 1253 1768 materiam
1267 1703 1376 1767 minus
1391 1703 1548 1767 coctilem

367 1805 504 1852 ,mampu-
576 1809 636 1894 [3.]
664 1810 826 1875 Videntur
846 1815 955 1872 autem
977 1808 1058 1872 mihi
1079 1807 1141 1872 hae
1163 1829 1241 1891 quas
1259 1807 1329 1891 jam
1350 1814 1454 1871 tracto
1468 1806 1628 1884 Variolae,

370 1855 495 1910 tredinem,

370 1918 513 1994 tumquoad
527 1935 610 1978 nova
632 1912 790 1996 quaedam
811 1912 1017 1976 Variolarum
1043 1911 1173 1995 species,
1196 1931 1214 1974 e
1236 1911 1342 1994 priore
1364 1911 1434 1994 jam
1456 1910 1629 1973 inveteras-

371 1983 513 2095 ffiffi.
528 2023 622 2080 cente
642 2015 784 2079 suborta.
830 2014 986 2080 Quamvis
1004 2035 1064 2097 pro
1084 2013 1166 2078 aeris
1184 2014 1321 2078 diathesi
1340 2035 1415 2077 eum
1432 2014 1629 2097 producente

371 2127 419 2223 ᾖξ’
433 2112 505 2159 ⁰⁰⁰fi'
530 2121 752 2206 epidemicum,
768 2119 918 2184 Variolae
936 2119 1057 2201 nigrae,
1074 2139 1155 2202 quae
1169 2119 1264 2182 initio
1284 2120 1362 2182 anni
1384 2120 1469 2184 1670
1488 2119 1629 2203 primum

374 2212 473 2316 sp,',i„
531 2246 564 2288 se
589 2222 815 2300 ostendebant,
842 2221 883 2284 ad
912 2218 1086 2306 παρακμήν
1109 2242 1201 2283 suam
1226 2242 1328 2303 usque
1352 2222 1630 2305 progrederentur,

373 2319 505 2432 effiffic
530 2333 651 2404 tamen,
668 2325 708 2388 ad
723 2325 826 2388 instar
847 2322 1004 2386 recidivae
1026 2323 1160 2406 alicujus
1180 2323 1285 2387 morbi
1306 2325 1475 2389 amateria
1495 2324 1632 2408 pristina

374 2449 454 2510 priore
464 2449 517 2509 jam
532 2428 639 2491 denuo
660 2426 938 2503 fermentescente,
955 2429 1019 2502 adr,
1034 2447 1145 2488 rursm
1164 2426 1206 2489 ad
1225 2425 1429 2490 Variolarum
1448 2427 1631 2510 productio-

373 2513 512 2626 ἱζζξξθζζζ
531 2552 608 2594 nem
622 2529 752 2608 faciens,
769 2549 808 2592 ex
823 2529 922 2592 veteri
941 2548 1030 2611 penu
1048 2528 1176 2592 easdem
1191 2529 1388 2613 deprompsit
1395 2556 1405 2609 ,-
1429 2529 1631 2613 quiquidem

375 2651 433 2722 ⁰¹²⁸}
531 2631 662 2696 morbus
688 2631 935 2713 redintegratus,
959 2630 1157 2714 sumptisque
1183 2631 1223 2695 de
1246 2653 1330 2696 novo
1353 2631 1483 2709 viribus,
1505 2631 1632 2694 revivis-

532 2755 604 2798 cere
626 2733 731 2816 plane,
755 2739 788 2797 et
811 2732 902 2814 quasi
923 2733 1158 2814 rcjavaaescere,
1173 2732 1350 2800 videbatur.
1396 2734 1501 2797 Tanto
1522 2741 1632 2796 autem

529 2837 632 2921 magis
653 2836 819 2900 anomalae
839 2835 899 2899 hae
920 2842 1022 2913 erant,
1038 2842 1195 2919 tantoque
1213 2837 1317 2919 magis
1331 2837 1493 2913 intensam
1510 2836 1632 2899 redole-

530 2941 612 3006 bant
638 2939 916 3024 putrefactionem,
940 2945 1063 3022 quanto
1087 2939 1231 3018 materia,
1254 2961 1272 3002 e
1298 2961 1362 3023 qua
1385 2938 1633 3022 generabantur,

531 3045 595 3108 ista
617 3043 751 3107 crassior
777 3048 845 3105 erat
868 3049 965 3124 atque
986 3041 1205 3119 faeculentior,
1225 3041 1266 3104 ad
1288 3063 1385 3124 quam
1406 3042 1634 3125 praecedentes

531 3146 673 3229 primum
693 3151 801 3208 ortum
816 3143 1009 3207 referebant.
1056 3144 1153 3209 Quod
1167 3150 1205 3207 ut
1219 3144 1323 3227 magis
1342 3145 1511 3222 elucescat,
1526 3144 1634 3208 existi·

533 3247 691 3310 mnndum
712 3246 844 3309 omnino
859 3253 918 3323 est,
934 3246 1058 3310 millam
1073 3247 1232 3331 ejusmodi
1251 3247 1412 3311 diathesin
1425 3247 1461 3310 in
1476 3248 1546 3330 ipso
1560 3252 1633 3311 abre

534 3349 673 3431 supponi
689 3347 814 3425 debere,
831 3367 913 3429 quae
927 3347 1016 3411 hunc
1030 3348 1141 3412 hocin
1156 3350 1226 3415 loco
1241 3351 1453 3434 epidemicum
1469 3357 1634 3433 propaget,

382 3461 522 3537 alorpinepi.
535 3451 635 3514 alium
650 3471 724 3512 vero
746 3449 842 3531 longe
858 3449 1019 3512 diversum
1038 3451 1073 3514 in
1088 3451 1151 3514 alio
1166 3452 1295 3516 nonita
1313 3454 1455 3516 multum
1472 3453 1635 3528 (intanta,

381 3526 514 3648 {lfflffl'
535 3553 596 3616 hoc
623 3551 711 3615 enim
738 3551 764 3614 si
790 3552 881 3614 fieret
910 3553 957 3634 (fit
984 3560 1093 3616 autem
1119 3554 1279 3638 subinde)
1308 3555 1442 3638 quilibet
1465 3563 1636 3619 ventorum

380 3654 510 3766 vibpssp·
536 3661 644 3718 motus
666 3653 931 3718 constitutionem
953 3655 1075 3719 difflare
1100 3657 1237 3722 valeret:
1267 3679 1342 3722 vero
1367 3665 1476 3722 autem
1501 3657 1637 3721 similius

378 3733 512 3844 {iridis
536 3757 617 3820 mihi
649 3755 776 3819 videtur
808 3757 896 3820 huno
926 3758 976 3820 vel
1004 3758 1096 3821 illum
1128 3760 1354 3842 particularem
1386 3761 1467 3825 adria
1496 3768 1637 3824 tractum

381 3848 515 3974 memo
537 3859 671 3924 effluviis
690 3859 839 3941 repleris
858 3859 1006 3923 minerali
1020 3861 1127 3944 aliqua
1143 3862 1402 3942 fermentatione,
1418 3884 1509 3946 quae,
1529 3867 1635 3926 ae'rem

382 3975 436 4022 oriri
449 3977 487 4024 vi·
515 3946 594 4048 ’per
616 3984 711 4046 quem
733 3962 891 4041 feruntur,
913 3965 1077 4047 particulis
1098 3987 1187 4031 nunc
1208 3967 1284 4031 huic
1307 3969 1495 4032 animalium
1516 3963 1636 4049 generi,

382 4040 490 4183 iiiiiie
537 4087 626 4130 nunc
651 4065 744 4130 alteri
766 4065 960 4146 exitialibus,
983 4069 1248 4148 contaminantia,
1268 4071 1396 4134 morbos
1418 4071 1513 4134 variis
1532 4077 1638 4132 terrae

383 4201 518 4250 propagan.
539 4169 705 4233 affectibus
721 4167 939 4252 appropriatos
955 4191 993 4233 eo
1007 4191 1110 4253 usque
1126 4179 1315 4256 propagant,
1331 4173 1434 4236 donec
1448 4171 1639 4256 expiraverit

382 4252 526 4378 {ssffit
539 4272 748 4336 subterranea
769 4271 824 4334 illa
849 4272 1011 4335 halituum
1036 4273 1179 4352 minata,
1210 4296 1292 4358 quae
1317 4275 1438 4358 pariter
1462 4275 1498 4338 in
1523 4295 1640 4337 novam

386 4381 507 4455 suaam-
540 4375 646 4438 cleuuo
672 4375 953 4438 fermentationem
981 4376 1034 4458 agi
1058 4377 1169 4458 possit,
1192 4399 1232 4441 ex
1260 4377 1403 4460 reliquiit
1428 4397 1546 4460 nefflPe
1573 4397 1641 4440 ¹¹¹⁸·

384 4445 505 4556 ffifstffi,
539 4478 639 4541 teriae
665 4477 882 4556 exolescentis,
905 4479 954 4540 uti
979 4477 1016 4541 in
1037 4500 1115 4544 casu
1136 4480 1204 4562 jam
1227 4488 1415 4545 memorato.
1467 4479 1528 4564 [4.]
1556 4479 1643 4543 Mihi

385 4573 485 4622 nauem.
541 4601 613 4642 vero
639 4579 706 4662 (qui
731 4601 798 4642 non
820 4581 1025 4663 ultraquam
1047 4603 1098 4644 res
1120 4582 1190 4664 ipsa
1213 4583 1357 4666 loquitur
1379 4603 1490 4666 supere
1515 4582 1640 4663 dudm»)

540 4680 671 4762 perinde
692 4687 751 4757 est,
770 4703 810 4743 an
832 4682 919 4759 haec,
939 4705 982 4745 an
1003 4683 1065 4746 alia
1085 4683 1191 4766 aliqua
1212 4685 1400 4768 hypothesis
1420 4685 1644 4767 phaenomena

539 4783 657 4846 rectius
672 4781 781 4846 solvat.
829 4783 868 4846 Id
884 4785 997 4847 saltem
1008 4807 1066 4868 pro
1081 4794 1245 4869 comperto
1260 4788 1372 4867 habco,
1384 4809 1463 4870 quas
1474 4787 1543 4870 jam
1559 4795 1642 4850 trac·
