3825 5759
505 657 569 722 276
817 654 1013 723 THOMAIl
1037 653 1296 719 SYDENHAM

353 831 491 881 oenone.
507 816 562 901 qui
581 823 650 882 tam
670 818 760 883 exilis
780 819 881 884 totius
900 816 1060 902 particula
1078 823 1112 881 et
1129 821 1317 901 contempta
1334 836 1386 881 res
1406 822 1466 893 est,
1485 815 1611 901 jugiter

366 897 482 1012 ξξωξζ·
506 919 647 984 referre?
693 922 772 986 “Ut
783 921 898 986 enim’'
917 921 1042 1004 (loquor
1052 940 1127 985 cum
1141 920 1282 983 maximo
1295 919 1352 983 illo
1365 919 1494 983 dicendi
1508 921 1610 984 seuti-

506 1023 645 1108 endique
665 1024 829 1107 magistro,
849 1024 1004 1088 Cicerone
1023 1044 1106 1102 meo,
1125 1023 1176 1087 sui
1196 1023 1324 1102 saeculi,
1342 1043 1386 1086 ne
1409 1023 1515 1087 dicam
1532 1023 1609 1086 uni-

505 1146 614 1190 versae
637 1126 806 1191 hominum
832 1133 979 1205 naturae,
1004 1125 1122 1209 genio)
1147 1126 1264 1208 “leges
1291 1126 1439 1190 omnium
1469 1125 1609 1190 salutem

505 1229 706 1312 singulorum
731 1229 827 1293 saluti
853 1235 1066 1313 anteponunt,
1090 1228 1136 1292 sic
1158 1228 1207 1291 vir
1230 1228 1335 1292 bonus
1358 1235 1392 1314 et
1414 1228 1550 1312 sapiens,
1574 1235 1610 1292 et

503 1331 630 1413 legibus
651 1353 777 1415 parens,
798 1339 831 1396 et
853 1331 953 1396 civilis
975 1330 1072 1395 officii
1093 1352 1161 1395 non
1182 1331 1325 1414 ignarus,
1346 1331 1482 1394 utilitati
1502 1329 1608 1394 homi-

504 1453 595 1512 uum,
613 1434 685 1517 plus
701 1455 808 1517 quam,
824 1435 921 1498 unius
937 1433 1082 1517 alicujus,
1095 1441 1152 1497 aut
1167 1454 1253 1512 auae,
1263 1433 1435 1497 consulitss’
1482 1432 1608 1516 (Cicero

504 1536 553 1599 De
572 1535 640 1600 Flu.
662 1537 740 1601 Bon.
757 1543 787 1600 et
802 1537 883 1600 Mal.
904 1536 964 1620 [iii.
983 1535 1066 1620 19.])
1114 1535 1269 1601 Quinimo
1284 1536 1361 1599 satis
1380 1536 1493 1618 liquet,
1508 1535 1606 1618 quod,

504 1659 578 1702 cum
596 1639 767 1704 facinorosi
786 1640 828 1704 sit
846 1639 1013 1702 hominem
1029 1639 1190 1722 jugulare,
1209 1639 1288 1702 boni
1306 1639 1365 1702 viri
1384 1639 1446 1702 erit
1464 1638 1607 1702 eundem

503 1742 554 1806 vel
573 1763 769 1822 conservare,
786 1742 834 1806 vel
854 1743 932 1806 alios
952 1742 992 1805 iis
1007 1741 1168 1805 instruere
1182 1741 1357 1825 praesidiis,
1373 1741 1490 1825 quibus
1502 1740 1607 1826 adjuti

504 1865 578 1908 eum
590 1845 630 1908 ab
645 1845 781 1909 interitu
795 1845 970 1924 vindicent,
982 1845 1080 1909 etiam
1092 1845 1240 1909 Authore
1254 1845 1320 1908 vita
1330 1845 1400 1928 jam
1414 1844 1536 1908 fimeto.
1560 1845 1605 1908 Et

503 1968 564 2010 vox
577 1947 633 2010 illa
647 1948 742 2030 plane
756 1947 936 2011 inhumana
952 1953 986 2011 et
1001 1948 1156 2011 scelerata
1173 1947 1264 2011 audit
1279 1967 1401 2024 eorum,
1412 1946 1467 2029 qni
1480 1953 1604 2028 negant

504 2070 538 2112 se
552 2070 706 2128 recusare,
717 2071 781 2134 quo
795 2050 913 2128 minus,
924 2049 1002 2133 ipsis
1016 2049 1163 2130 mortuis,
1173 2056 1334 2114 terrarum
1345 2049 1492 2114 omnium
1506 2049 1603 2114 defla-

504 2152 607 2234 gratio
623 2159 838 2236 consequatur
846 2154 870 2216 b.

551 2254 611 2338 [3.]
642 2254 703 2318 His
726 2262 835 2319 autem
857 2256 1158 2339 impraesentiarum
1183 2256 1289 2320 missis
1310 2255 1414 2336 factis,
1434 2255 1603 2321 latendum

502 2363 552 2419 est
574 2356 690 2420 debere
709 2377 761 2420 me
784 2377 822 2420 ea
844 2379 925 2441 quae
949 2359 989 2422 de
1011 2359 1062 2421 his
1081 2358 1201 2422 morbis
1220 2359 1261 2422 de
1283 2359 1400 2443 quibus
1421 2360 1604 2443 percontari

501 2458 597 2523 libuit
620 2459 728 2523 animo
749 2460 899 2540 volutavi,
919 2467 957 2526 nt
979 2469 1018 2524 ut
1039 2461 1143 2539 exilia,
1163 2461 1237 2524 'libi
1254 2462 1350 2545 plane
1365 2462 1506 2545 aperire;
1529 2461 1604 2526 'libi

504 2561 671 2645 (inquam)
698 2562 815 2626 eximio
837 2563 926 2642 Viro,
951 2570 984 2628 et
1008 2564 1140 2647 Spartae
1162 2586 1260 2648 quam
1286 2585 1381 2628 ornas
1403 2564 1602 2647 dignissimo,

501 2667 593 2750 cujus
623 2687 683 2750 ego
709 2674 742 2731 et
768 2665 941 2732 eruditioni
968 2674 1002 2731 et
1031 2666 1187 2750 probitati
1214 2668 1377 2752 animique
1406 2667 1538 2732 candori
1563 2689 1603 2732 ea

500 2768 609 2834 tribuo
639 2769 794 2848 encomia,
818 2791 900 2853 quae
928 2770 1053 2855 reliqua
1081 2777 1269 2853 togatorum
1298 2791 1388 2853 gens,
1410 2770 1496 2834 inter
1521 2791 1601 2853 quos

500 2873 594 2938 uites.
640 2873 811 2938 Praetereo
826 2873 925 2938 etiam
940 2881 1100 2959 quantum
1115 2874 1188 2938 'libi
1203 2874 1303 2939 debeo
1317 2875 1504 2956 gratiarum,
1515 2873 1602 2957 quod

499 2976 545 3040 'Pe
559 2983 626 3040 tam
645 2977 729 3041 male
748 2977 892 3041 habeant
911 2977 1076 3041 immerita
1089 2977 1154 3056 illa,
1170 2975 1289 3062 quibus
1309 2999 1329 3040 a
1347 2977 1514 3041 nonnullis
1528 2997 1601 3060 pro·

499 3078 637 3157 scindor,
648 3079 788 3143 convitia
792 3106 801 3158 3
818 3079 988 3163 dequibus
1002 3079 1065 3144 hoc
1082 3078 1185 3142 habeo
1200 3079 1383 3158 dicendum,
1393 3079 1479 3163 quod
1494 3079 1526 3143 si·
1535 3079 1602 3143 vita

498 3181 639 3244 innocua
657 3181 807 3258 hominis,
824 3181 879 3265 qui
897 3181 1061 3247 neminem
1078 3201 1185 3265 neque
1202 3181 1290 3246 facto
1306 3203 1412 3265 neque
1430 3182 1517 3246 dicto
1536 3182 1600 3246 lae-

499 3290 594 3360 serat,
609 3303 662 3346 me
677 3282 717 3346 ab
733 3284 796 3347 illis
812 3291 935 3348 sartum
950 3281 1093 3348 tectumd
1106 3283 1241 3348 reddere
1255 3285 1415 3363 valuisset,
1432 3307 1600 3369 nunquam

498 3384 534 3446 in
549 3405 601 3448 me
617 3384 843 3449 detonuerunt.
888 3387 973 3450 Cum
988 3394 1098 3451 autem
1112 3387 1204 3451 nullo
1218 3387 1253 3450 id
1267 3407 1339 3450 meo
1354 3388 1490 3452 crimine
1504 3409 1598 3452 even-

499 3485 570 3564 erit,
591 3507 695 3568 neque
722 3488 771 3566 (ut
794 3489 908 3570 spero,)
934 3489 1060 3552 eveniet
1081 3511 1237 3572 unquam,
1258 3496 1323 3554 stat
1345 3491 1508 3554 sententia
1531 3513 1600 3554 nou

498 3609 550 3650 me
572 3589 643 3651 ideo
665 3589 804 3672 plectere
826 3589 911 3673 quod
931 3591 987 3655 alii
1008 3590 1222 3674 deliquerint3
1245 3593 1278 3656 id
1298 3599 1429 3656 tautum
1448 3601 1537 3657 ratus
1557 3594 1599 3657 ad

498 3711 550 3751 me
576 3690 723 3770 attinere,
746 3698 784 3756 ut
806 3692 865 3755 viri
887 3693 980 3775 probi
1006 3694 1128 3757 scilicet
1154 3695 1257 3758 officio
1276 3695 1445 3777 delirngar,
1464 3703 1498 3758 et
1520 3693 1597 3758 boni

497 3791 629 3870 Medici,
646 3800 805 3876 quantum
819 3795 943 3877 patitur
957 3796 1099 3860 tennitas
1114 3804 1235 3861 nostra.

546 3895 607 3980 [4.]
635 3895 764 3960 Morem
788 3898 897 3980 itaque
922 3918 1033 3980 geram
1057 3898 1093 3962 in
1118 3900 1285 3964 tradendis
1310 3896 1594 3976 observationibus,

498 3999 683 4081 quaemihi
708 3999 744 4062 in
769 3999 899 4078 morbis,
923 4000 1103 4083 dequibus
1125 4002 1348 4081 sciscitabaris,
1374 3999 1594 4065 occurrebant.

497 4102 644 4166 Primum
670 4109 780 4167 autem
809 4123 904 4185 agam
934 4103 974 4167 de
999 4103 1156 4168 Febr-ibus
1178 4103 1485 4182 Intermittentibus,
1507 4125 1597 4168 nunc

496 4206 582 4290 apud
596 4214 723 4270 nostros
732 4205 935 4290 Epidemicis.
982 4205 1057 4272 Quo
1071 4208 1204 4272 nomine
1218 4231 1286 4272 non
1301 4209 1360 4273 abs
1378 4229 1412 4273 re
1426 4208 1495 4272 fore
1510 4207 1595 4272 arbi-

495 4316 573 4388 tror,
595 4331 697 4374 annos
719 4309 798 4372 istos
820 4309 942 4387 ordine,
964 4310 1020 4373 sed
1042 4310 1190 4390 breviter,
1210 4331 1406 4394 percurrere,
1427 4311 1483 4393 qui
1503 4311 1598 4374 illum

497 4412 698 4496 excipiebant
725 4433 788 4494 quo
810 4411 1020 4476 claudebatur
1045 4414 1191 4477 Historia
1215 4415 1387 4477 Aesctorum
1416 4413 1598 4477 Morborum

528 4527 538 4554 ⁸
556 4531 621 4580 Nero
633 4535 646 4560 ‘⁴
655 4533 750 4580 dicente
758 4533 863 4594 quodam
875 4533 900 4580 iu
910 4547 1020 4580 sermons
1096 4539 1106 4563 θ
1125 4527 1539 4597 Ξιόρτηνέλαχειηώηνκόσμει
1557 4529 1596 4577 Cf.

496 4598 628 4654 communi,
639 4597 712 4656 Ἐμοῦ
722 4595 835 4645 θανόντος
845 4597 902 4658 γαῖα
912 4595 1023 4658 μιχθίγια
1067 4598 1166 4646 Erasmi
1181 4602 1260 4661 Δάας.
1275 4597 1299 4644 ἰὶ.
1315 4599 1339 4645 t.
1353 4597 1380 4651 15
1400 4595 1524 4652 Gaislord,
1535 4596 1598 4642 Por-

495 4658 557 4722 πυρί,
569 4663 644 4718 Immo,
656 4661 742 4724 inquit,
753 4663 810 4720 ἐμοῦ
819 4659 928 4720 ζ“ντος,”
947 4663 1021 4722 (Sue·
1066 4679 1120 4711 cem.
1134 4666 1215 4712 Graec.

495 4731 544 4772 ton.
559 4726 603 4772 Vu.
618 4727 673 4772 Ner.
687 4742 707 4772 c.
720 4728 771 4786 38.)
785 4727 824 4774 Cf.
838 4727 892 4774 Seu.
906 4728 939 4772 De
953 4729 1020 4775 Clem.
1098 4725 1213 4776 ‘eurtum
1235 4723 1332 4786 teclam]
1356 4725 1372 4772 i.
1385 4741 1404 4772 e.
1431 4733 1513 4780 mum,
1536 4727 1595 4772 inte·

496 4789 519 4836 ii.
535 4791 579 4843 ‘lh
599 4789 647 4836 Dio
665 4791 732 4838 Cass.
752 4790 1021 4838 libaminibus.
1082 4809 1139 4839 rena
1158 4793 1195 4839 Cf.
1215 4792 1266 4838 Cic.
1290 4792 1366 4850 Epist.
1390 4791 1455 4838 Fusa.
1476 4788 1527 4836 xiii.
1548 4790 1594 4843 5ος

496 4853 524 4900 de
537 4853 640 4901 Tiberio.
1064 4809 1163 4905 dinami
1174 4859 1251 4918 Δάας.
1264 4857 1296 4902 iv.
1310 4857 1333 4901 ὃ.
1348 4856 1386 4904 37.
