3825 5759
518 639 561 701 82
672 698 677 709 ,
824 636 1020 701 THOMAB
1044 636 1303 701 SYDENHAM

382 816 488 863 raam
520 796 746 879 subsequente.
792 797 835 859 In
857 818 984 861 summa
1003 796 1092 879 aegri
1114 796 1280 861 debilitate
1295 818 1316 859 a
1334 795 1422 859 dicta
1442 798 1625 880 paroxysmi

366 882 505 993 Alffiffi
519 898 774 982 ingeminatione
790 900 999 963 electuarium
1015 900 1101 982 quod
1111 901 1180 983 jam
1194 899 1340 982 sequitur
1353 898 1536 983 praescribo
1546 924 1615 962 ;-.

375 1010 502 1084 ’‘ss-''⁶4'-
521 1035 622 1104 [Foras.
638 1034 711 1103 14.]·
736 1032 768 1110 R
789 1034 1041 1089 Couserraeflorum
1054 1035 1220 1105 Bormginis,

787 1123 948 1193 [Conserrae
960 1120 1067 1188 florum]
1083 1121 1214 1191 Bugloasi‚
1226 1138 1279 1174 ana
1290 1121 1399 1174 unciam
1412 1136 1503 1183 anam,

786 1210 935 1262 Conserrae
946 1208 1050 1261 Anthos
1061 1210 1235 1271 semunciam,

787 1296 900 1349 Corticis
911 1296 991 1347 Citrii
1003 1294 1113 1359 conditi,

787 1381 871 1434 Nucis
884 1381 1041 1435 Moschatae
1053 1380 1184 1445 conditae,

786 1468 931 1521 Theriacae
943 1468 1132 1532 Andromachi,
1144 1486 1196 1521 ana
1207 1468 1349 1522 drachmas
1361 1478 1422 1535 tres,

783 1554 966 1608 eonfoeetonis
977 1555 1114 1608 Allermcs
1125 1554 1264 1608 drachmas
1275 1556 1356 1618 duas3

661 1642 763 1706 Misce,
781 1642 828 1695 fiat
846 1643 943 1711 opiam,
964 1641 998 1693 de
1019 1658 1074 1709 qun
1091 1642 1180 1710 capiat
1200 1640 1235 1693 ad
1256 1640 1467 1710 magnitudinem
1489 1643 1626 1697 avellanas

659 1746 738 1783 mane
751 1738 778 1782 et
790 1729 900 1798 vesperi,
913 1726 1106 1797 superbibendo
1119 1726 1266 1781 cochlearia
1277 1745 1325 1781 sex
1336 1731 1470 1798 sequentis
1477 1729 1612 1800 jaspe:-

521 1866 621 1934 [Form.
637 1866 692 1934 le]
731 1862 1036 1934 RAquanlmariae,

785 1950 909 2021 [Aquae]
922 1950 1085 2003 Theriaealis
1097 1948 1259 2013 Stsslatitiac,
1271 1968 1324 2003 ana
1336 1952 1429 2004 uncias
1441 1960 1503 2014 tres,

786 2038 882 2109 Syrupi
895 2036 1131 2107 Caryophyllorum
1143 2038 1251 2090 unciam
1263 2054 1362 2100 unam3

666 2123 770 2177 Misce:

520 2234 571 2299 vel
599 2234 697 2317 hujus
726 2234 797 2299 loco
833 2254 948 2318 aquam
979 2234 1119 2317 aliquam
1153 2234 1374 2318 Epidemicam
1403 2232 1625 2317 simpliciorem

522 2337 674 2403 saccharo
708 2336 908 2403 dulcoratam
938 2337 1084 2414 exhibeo,
1114 2337 1288 2402 interdicto
1324 2344 1511 2401 enematum
1541 2358 1602 2399 usu
1613 2362 1624 2415 i

522 2460 618 2522 aegro
630 2440 759 2522 juscula
772 2461 790 2503 e
804 2440 967 2523 pullorum
981 2440 1143 2517 carnibus,
1159 2462 1326 2520 avenacea,
1341 2450 1403 2505 etc.
1419 2440 1569 2505 concedo.

370 2552 511 2601 coasxre·
571 2541 654 2625 [33]
683 2542 923 2607 Quartauarum
954 2542 1040 2624 quod
1069 2542 1187 2605 attinet
1213 2543 1423 2621 curationem,
1453 2563 1547 2606 nemo
1576 2549 1626 2605 est

369 2617 486 2729 ffi‘iff
526 2642 673 2726 (apinam)
701 2644 738 2707 in
762 2643 824 2707 hac
849 2646 931 2707 Arte
956 2645 1007 2707 vel
1030 2644 1232 2709 mediocriter
1254 2653 1398 2709 versatus
1421 2645 1477 2728 qui
1501 2644 1626 2707 nesciat

370 2746 466 2859 gerim
523 2767 620 2827 quam
646 2767 760 2828 parum
782 2745 864 2811 votis
889 2746 1106 2828 respondeant
1130 2746 1275 2809 methodi
1299 2746 1382 2809 istae
1406 2766 1624 2829 omnesquae

371 2818 511 2937 rmffiisse
523 2848 599 2913 lsuic
620 2849 816 2913 Mentem-um
840 2848 1004 2930 opprobrio
1024 2848 1163 2913 eluendo
1188 2849 1345 2913 hactonus
1363 2848 1577 2926 destinantur,
1598 2848 1626 2911 si

369 2954 510 3052 ffiftffm
523 2952 672 3017 corticem
688 2952 905 3020 Peruvianum
921 2952 1129 3035 excipiamus3
1149 2951 1204 3033 qui
1215 2959 1324 3015 tamen
1337 2951 1484 3014 inducias
1499 2951 1626 3034 saepius

479 3039 485 3051 ⁶
524 3054 674 3137 impetrat
689 3053 812 3133 morbo,
829 3076 926 3138 quam
946 3053 1087 3117 eundem
1113 3053 1253 3117 debellat
1263 3079 1274 3131 3
1300 3074 1375 3117 cum
1400 3060 1570 3136 postquam
1585 3052 1627 3115 ad

527 3158 724 3238 septimanas
741 3156 821 3221 duas
836 3157 884 3219 vel
899 3163 967 3221 tres
989 3155 1163 3233 delituerit,
1179 3176 1387 3237 magnorum
1402 3156 1491 3239 aegri
1505 3156 1627 3219 emolu-

369 3231 506 3345 ildiniegfr
525 3266 646 3335 mento,
664 3258 720 3340 qui
741 3258 782 3323 ab
802 3258 858 3323 illo
875 3259 960 3321 mue
974 3259 1132 3322 multatus
1151 3258 1319 3341 paululum
1333 3258 1465 3321 interim
1480 3259 1626 3341 respirat,

371 3345 464 3392 “¹¹⁰¹sp
479 3426 507 3459 χ.
525 3378 599 3423 mox
615 3358 656 3421 de
670 3378 753 3423 novo
768 3359 1005 3438 recrudescens,
1016 3360 1105 3425 haud
1119 3359 1250 3443 segnius
1265 3382 1362 3442 quam
1376 3360 1466 3444 prius
1479 3361 1607 3424 lacessit
1615 3386 1626 3437 ;

372 3416 454 3457 mento
465 3426 479 3457 a

372 3470 476 3547 liseur,
526 3466 623 3541 atque
647 3466 685 3525 ut
714 3461 898 3544 plurimum,
924 3462 1177 3545 quotiescunque
1203 3462 1334 3526 demum
1355 3470 1521 3545 repetatur
1545 3460 1627 3525 illud

371 3538 512 3649 fflppplu-
526 3562 807 3642 medicamentum,
823 3585 890 3627 non
909 3564 974 3627 nisi
994 3564 1093 3647 longo
1112 3565 1264 3648 temporis
1283 3570 1390 3628 tractu
1412 3571 1625 3647 expugnatur.

373 3665 485 3740 ‘luzum
511 3652 677 3733 'Referam
706 3671 817 3729 tamen
847 3666 999 3749 quicquid
1029 3666 1070 3731 de
1098 3666 1252 3731 methodo
1277 3666 1423 3747 ejusdem
1452 3663 1625 3729 exhibendi

371 3738 499 3843 nmis
524 3764 628 3829 habeo
643 3772 849 3849 compertum.

372 3873 505 3951 Methora
574 3867 657 3951 [34]
683 3866 870 3931 Curandum
886 3874 962 3933 est'
976 3877 1053 3934 ante
1067 3872 1177 3935 omnia
1190 3892 1231 3935 ne
1245 3878 1448 3954 praemature
1460 3868 1557 3931 nimis
1572 3867 1626 3931 hic

372 3938 501 4053 {imm
524 3980 634 4037 cortex
658 3972 834 4054 ingeratur,
858 3980 936 4037 ante
960 3975 1080 4040 scilicet
1103 3998 1200 4060 quam
1221 3976 1354 4041 morbus
1375 3996 1433 4038 sao
1455 3994 1489 4037 se
1514 3970 1627 4036 Marte

525 4075 756 4159 aliquantisper
778 4076 971 4159 protriverit,
997 4078 1071 4160 (nisi
1093 4078 1343 4144 oollabesoentes
1364 4078 1483 4161 etjam
1504 4075 1627 4139 fractae

524 4178 613 4261 aegri
634 4177 716 4241 vires
745 4177 884 4243 eundem
906 4179 1084 4263 temporius
1105 4181 1298 4247 sumendum
1320 4200 1388 4247 esse
1410 4178 1625 4260 dictaverint)

524 4301 630 4365 neque
652 4280 740 4344 enim
761 4280 842 4347 illud
864 4281 969 4347 solum
990 4289 1040 4346 est
1063 4284 1284 4361 metuendum,
1306 4304 1391 4348 nea
1415 4302 1629 4367 praepropero

526 4384 595 4466 ejus
610 4404 670 4447 usu
685 4384 829 4449 inefficax
846 4384 907 4449 iste
921 4384 1077 4448 reddatur
1090 4392 1124 4449 et
1138 4406 1228 4469 spem
1243 4389 1330 4469 aegri
1344 4386 1446 4463 fallat,
1455 4386 1512 4449 sed
1529 4385 1628 4448 etiam

525 4506 568 4549 ne
598 4484 638 4549 de
664 4486 752 4568 aegri
777 4486 843 4549 vita
868 4494 994 4568 agatur,
1021 4487 1049 4550 si
1077 4490 1228 4571 sanguini
1258 4489 1348 4552 omni
1370 4486 1628 4553 fermentationis

526 4586 601 4649 nisu
630 4607 664 4649 se
694 4586 898 4670 despumanti
928 4610 1001 4653 eam
1030 4589 1204 4675 derepente
1239 4591 1422 4674 injiciamus
1457 4610 1627 4655 remoram.

527 4686 678 4751 Proximo
698 4688 779 4767 loco,
800 4709 907 4773 neque
930 4690 1081 4769 catharsi,
1103 4692 1209 4757 multo
1229 4692 1338 4755 minna
1359 4690 1628 4766 venae-sectione,

558 4822 569 4845 '
586 4814 624 4863 Cf·
637 4814 705 4863 sonu·
721 4816 774 4863 154·
948 4824 965 4848 '
982 4821 1113 4869 Curandum
1124 4827 1159 4868 est
1170 4819 1224 4883 da]
1237 4820 1276 4867 Οἱ.
1289 4822 1365 4882 Epist.
1377 4821 1485 4881 Responsa.
1498 4820 1519 4865 1.
1531 4821 1544 4879 ς
1556 4818 1595 4865 38.
