3825 5759
511 667 732 732 EPIS'l'OLA
754 668 801 732 ΙΙ.
825 669 1154 733 RESPONSORIA.
1319 669 1381 731 321

160 853 173 892 ι
285 847 478 911 quoeunque
503 825 647 892 sistenda
671 834 738 906 est3
769 829 839 892 fieri
865 829 952 892 enim
976 834 1163 912 potestat,
1186 827 1285 891 etiam
1309 830 1525 950 postvenatoe

152 961 153 964 ¹
282 929 485 1013 consopitum
503 928 645 994 dolorem
666 937 762 1014 atque
782 931 923 995 exiccata
942 931 1059 1010 ulcera,
1077 930 1199 1015 aliquid
1219 929 1259 994 de
1274 903 1417 993 morbiV
1393 973 1535 1040 ffi—

152 1071 155 1096 1
281 1030 394 1094 fomite
409 1029 538 1094 adhuc
529 1052 565 1094 ιιι
579 1051 711 1114 corpore
726 1032 901 1112 deliteseat,
916 1031 1002 1097 bella
1015 1034 1122 1098 denno
1136 1032 1381 1098 moturumniai
1393 1008 1521 1120 quamnq-

152 1165 165 1224 ,ν
283 1133 344 1196 sibi
359 1133 525 1215 permittat
526 1154 566 1196 ur
577 1134 718 1217 sputatio
732 1133 788 1198 illa
800 1135 976 1210 moderata,
988 1155 1079 1219 quae,
1077 1142 1262 1218 postquam
1273 1133 1419 1197 radin-¹
1393 1073 1484 1169 lm

152 1267 165 1314 ,ι
283 1239 390 1316 tegrat
392 1234 560 1298 asanitate
570 1235 668 1300 homo
683 1255 716 1299 se
728 1257 824 1300 aurae
834 1235 977 1300 liberiori
991 1236 1179 1318 aliquandiu
1189 1234 1380 1318 exposuerit,

158 1371 162 1408 ;
285 1335 428 1400 desitura
442 1344 501 1400 est.
545 1337 765 1402 Periculosum
780 1337 890 1420 itaque
904 1356 974 1406 esse
988 1336 1126 1400 arbitror
1139 1335 1302 1419 ptyalismi
1313 1335 1383 1418 jam

153 1451 155 1460 '
285 1437 489 1502 abiturientis
509 1444 542 1502 et
556 1460 631 1503 mox
650 1438 808 1503 evanituri
827 1437 978 1520 reliquias
992 1435 1044 1500 vel
1062 1435 1200 1499 catharsi
1215 1435 1381 1512 deducere,

285 1539 334 1602 vel
349 1539 512 1621 lignorum
527 1539 658 1605 decocto
676 1540 817 1605 exiccare
831 1539 929 1617 velle;
953 1559 1053 1622 aqua
1070 1538 1161 1621 praxi
1180 1539 1275 1621 (quae
1287 1539 1384 1620 vulgo

285 1639 421 1719 obtinet,
440 1641 543 1724 specie
563 1643 613 1706 vel
635 1642 787 1706 mercurii
809 1662 826 1705 e
846 1661 978 1725 corpore
998 1641 1197 1719 eliminandi,
1214 1641 1265 1704 vel
1287 1642 1384 1705 corri-

152 1781 153 1820 3
285 1742 409 1825 gandae
431 1743 500 1826 ejus
526 1743 760 1826 malignitatis,)
783 1751 964 1808 nesciuntur
989 1741 1058 1806 sine
1080 1742 1179 1806 dubio
1199 1743 1384 1826 frequentes

285 1843 366 1906 istae
395 1843 551 1908 recidivae
583 1865 665 1928 quae
697 1845 821 1909 miseris
855 1845 1016 1923 accidunt,
1046 1845 1219 1909 sanitatem
1251 1845 1385 1908 tandem

286 1945 458 2029 aliquando
479 1952 552 2029 post
573 1953 703 2010 tantum
724 1947 952 2030 impensarum,
972 1953 1024 2011 tot
1045 1947 1224 2011 exantlatos
1248 1943 1384 2025 labores,

285 2054 415 2111 tantum
429 2048 529 2112 taedii
544 2048 740 2128 devoratum,
756 2048 983 2113 anhelantibus
988 2073 997 2126 ;
1016 2048 1170 2132 adquam
1185 2049 1283 2113 etiam
1297 2056 1386 2112 certo

286 2151 514 2235 pervenissent,
538 2151 566 2214 si
591 2151 732 2216 salivatio
757 2171 824 2214 non
850 2149 913 2213 nisi
939 2171 998 2215 suo
1022 2155 1167 2232 tempore
1192 2147 1386 2214 determina-

286 2261 386 2317 retur.
433 2254 545 2336 Longe
574 2253 685 2336 itaque
711 2251 889 2316 consultius
918 2255 1002 2314 esset
1025 2249 1235 2333 ptyalismum
1259 2271 1386 2333 promo·

287 2375 360 2418 vere
389 2355 548 2418 mercurio
578 2354 664 2418 dulci
693 2353 792 2418 semel
820 2352 856 2414 in
885 2351 1086 2416 hebdomade
1111 2351 1264 2430 exhibito,
1288 2352 1387 2416 etiam

288 2461 458 2538 postquam
473 2456 605 2519 omnino
620 2454 816 2520 convaluerit
832 2459 864 2517 et
875 2454 945 2537 jam
960 2452 1020 2516 sub
1036 2453 1089 2517 dio
1098 2461 1253 2533 versetur,
1266 2451 1388 2537 (quodd

288 2563 321 2620 et
333 2577 392 2638 ego
407 2577 601 2639 permenses
617 2557 739 2639 aliquot
750 2556 821 2620 fieri
832 2555 1005 2638 aliquando
1016 2557 1121 2640 jussi)
1135 2578 1233 2640 qnam
1247 2557 1387 2622 eundem

288 2658 524 2740 praematurius
539 2657 694 2721 inhibere.

338 2759 421 2841 [29]
450 2757 698 2823 Quantumlibet
721 2763 831 2822 autem
854 2779 875 2822 a
899 2758 1039 2823 eatbarsi
1059 2759 1095 2823 in
1116 2757 1312 2822 salivationis
1333 2755 1388 2822 de·
1401 2777 1499 2890 ιιιιζι

290 2859 464 2923 clinatione
475 2858 541 2923 ob
528 2881 597 2943 Jam
610 2859 711 2924 dictas
726 2880 837 2924 causas
852 2859 1052 2939 abhorream
1063 2860 1134 2925 lieri
1148 2867 1258 2924 tamen
1271 2843 1483 2955 ιιιιιιιιιηξζζζξῃ

290 2968 329 3024 ιιι
348 2960 384 3022 ιι
406 2960 550 3043 ejusdem
570 2967 658 3026 statu
677 2983 715 3027 ea
733 2982 794 3027 nec
812 2962 1028 3047 praetermitti
1046 2962 1157 3046 possit,
1171 2981 1233 3025 nec
1254 2961 1388 3040 debeat3
1397 2922 1520 3097 natael?

288 3061 422 3144 quoties
432 3062 562 3142 sedicet,
576 3084 613 3128 re
627 3063 711 3128 male
727 3071 827 3146 gesta,
842 3085 985 3180 eousque
997 3064 1096 3128 fuerit
1110 3071 1221 3128 evecta
1233 3043 1478 3142 salivatio,¹¹'‘⁰⁸
1401 3037 1542 3150 -,,,,,,,’,’,“,,

289 3164 357 3228 ut'
344 3185 413 3248 Jam
432 3165 521 3248 aegri
538 3165 623 3230 vitae
643 3172 826 3231 metuatur.
851 3167 969 3251 quoin
985 3187 1062 3231 oasa
1077 3185 1146 3230 non
1162 3172 1274 3230 tutum
1292 3165 1389 3230 modo
1401 3165 1484 3213 fflffl·

289 3273 349 3344 est,
366 3266 422 3330 sed
436 3273 470 3331 et
484 3269 700 3333 necessarium
715 3269 824 3348 etiam,
840 3269 1016 3334 cathartico
1034 3268 1162 3352 ingesto
1180 3268 1390 3352 ptyalismum

288 3369 331 3432 ad
353 3389 428 3432 eum
450 3369 588 3452 gradum
608 3370 852 3454 deprimerent
872 3392 947 3436 cum
967 3371 1056 3454 aegri
1077 3369 1208 3458 ιιιφορίᾳ
1226 3371 1388 3456 procedat,

289 3470 347 3553 qui
363 3470 479 3535 deinde
494 3493 553 3536 auo
563 3473 632 3556 jun
645 3473 885 3557 relinquendus.

338 3571 420 3655 [30.]
451 3572 487 3635 Si
509 3575 580 3656 quis
598 3574 667 3658 jam
690 3583 831 3658 quaerat,
855 3597 898 3640 an
923 3575 1012 3640 nuda
1034 3575 1219 3641 salivatione
1244 3575 1529 3642 contentiroauu

289 3693 359 3738 esse
373 3673 555 3755 debeamus,
571 3698 631 3742 nee
649 3678 841 3758 catharticis,
861 3699 921 3744 nec
940 3679 1010 3744 aliis
1029 3681 1179 3745 remediis
1193 3673 1431 3769 solennibus,'⁸
1400 3658 1481 3707 '⁸⁶⁰⁰
1417 3673 1541 3770 marcq

288 3778 326 3842 ιιι
350 3799 445 3842 usum
466 3787 539 3863 post
562 3801 635 3845 eam
659 3789 821 3865 peractam
841 3783 1020 3847 revocatis?
1050 3781 1227 3868 respondeo
1252 3785 1524 3900 (praeterurfmqw‘⁸

285 3882 356 3966 J'am
382 3882 476 3962 dieta,
503 3883 618 3966 quibus
648 3891 681 3948 et
704 3884 788 3948 ratio
810 3884 1010 3999 astipulatur,
1033 3891 1066 3948 et
1091 3885 1307 3969 experientia)
1335 3902 1390 3948 me

288 3984 370 4048 velle
385 3984 500 4064 doceri,
517 4007 613 4069 quam
628 3984 669 4050 ob
690 4006 820 4050 causam
836 3987 939 4069 magis
959 3986 1002 4048 sit
1017 3985 1233 4049 necessarium
1250 4003 1389 4067 purgare

289 4091 363 4170 post
377 4087 606 4168 salivationem,
622 4109 720 4172 quam
737 4090 957 4154 salivationem
972 4089 1110 4153 excitare
1130 4095 1203 4172 post
1217 4087 1389 4165 catharsin,

291 4207 366 4250 cum
387 4189 528 4254 remedia
547 4191 722 4274 purgantia
745 4191 987 4274 (scammoniata
1006 4191 1154 4268 maxime,
1177 4198 1209 4253 et
1230 4191 1266 4252 id
1287 4209 1390 4272 genus

290 4288 396 4373 acria)
428 4291 638 4375 malignitatis
669 4293 832 4376 quidpiam
856 4293 893 4355 in
923 4313 1053 4374 corpore
1082 4292 1277 4373 relinquant,
1304 4289 1391 4373 quod

290 4390 437 4456 Naturae
462 4399 573 4458 tamen
599 4395 840 4472 committimus,
867 4394 959 4477 cujus
986 4393 1019 4456 vi
1042 4392 1175 4456 taudem
1200 4392 1393 4476 subjugatur

290 4493 380 4557 istud
406 4495 558 4579 quicquid
579 4502 628 4560 est
649 4495 775 4574 veneni,
798 4516 836 4559 eo
858 4495 978 4559 scilicet
1003 4495 1060 4577 qui
1079 4501 1235 4578 purgatus
1256 4495 1329 4574 fuit,
1351 4497 1393 4561 ad

291 4595 437 4677 regimen
459 4603 658 4678 consuetum,
674 4597 871 4676 exercitium,
887 4603 920 4660 et
933 4595 1116 4661 liberiorem
1136 4596 1219 4661 aeris
1236 4617 1343 4679 usum,
1358 4621 1393 4666 se

292 4697 476 4782 recipiente.
522 4701 631 4784 Atque
645 4701 678 4764 id
694 4719 787 4784 porro
805 4699 944 4764 libenter
964 4699 1044 4764 seire
1060 4700 1245 4782 velimque
1264 4702 1394 4767 demum

659 4831 670 4864 d
688 4828 851 4892 quod-justi]
864 4845 911 4880 om,
925 4829 960 4878 ed.
973 4830 1020 4877 ’80.

815 4930 834 4972 ι
849 4917 863 4972 ι
