3825 5759
485 645 550 708 312
796 641 990 708 ΤΗΟΜΑΕ
1015 642 1276 708 SYDENHAM

351 821 393 870 De
406 821 464 870 Lea
487 807 569 872 dura
582 806 708 887 tubera,
720 807 887 872 Eoeosloses
901 807 997 887 dicta,
1010 808 1243 872 excrescentiae
1259 827 1367 872 osseae
1380 807 1416 870 in
1431 827 1591 890 equorum

333 885 576 974 Qubba
600 910 707 994 (vulgo
730 931 750 972 a
777 909 915 993 Spania)
941 911 1030 974 haud
1051 910 1229 989 absimilia,·
1259 931 1343 993 quae
1366 909 1496 992 quidem
1518 931 1592 973 ossa

486 1011 662 1077 tuberculis
678 1012 806 1076 obsessa
821 1013 893 1096 jugi
911 1012 1020 1076 dolore
1037 1033 1074 1077 ac
1091 1005 1346 1076 inflammatione
1359 1012 1493 1076 tandem
1508 1013 1593 1076 cari·

334 1121 417 1170 ulcera
487 1136 545 1181 osa
571 1114 755 1179 redduntur
778 1121 811 1179 et
836 1119 1038 1199 putrescrmt.
1082 1115 1203 1181 Ulcera
1227 1115 1326 1179 etiam
1350 1116 1593 1198 phagedaenica

333 1187 470 1308 ,ll'fffi'
487 1217 589 1282 varias
601 1217 741 1302 corporis
752 1223 859 1301 partes
874 1217 1121 1301 depopulantur,
1134 1239 1225 1301 quae,
1237 1217 1344 1281 fauces
1359 1218 1590 1302 utplurimum

334 1315 476 1376 goediaeea·
487 1321 591 1406 primo
608 1319 838 1404 aggredientis,
855 1321 975 1384 sensim
993 1341 1051 1403 per
1063 1321 1209 1404 palatum
1225 1320 1261 1384 in
1280 1321 1352 1384 nasi
1365 1321 1589 1404 cartilaginem

331 1381 462 1444 ‘⁸⁸³⁰th
486 1431 716 1508 propagantur,
732 1445 829 1506 quam
843 1444 919 1487 mox
936 1423 1122 1501 absumunt,
1137 1423 1185 1487 ita
1198 1430 1237 1487 ut
1250 1423 1278 1486 is
1289 1423 1359 1507 jam
1372 1423 1476 1488 fulcro
1491 1424 1591 1488 desti-

486 1533 579 1591 tutus
592 1527 687 1610 plane
698 1523 856 1590 concidat.
891 1524 1119 1590 Crescentibus
1129 1525 1233 1589 indies
1247 1525 1419 1603 ulceribus,
1434 1533 1468 1589 et
1479 1526 1589 1590 dolore

487 1636 592 1707 aucto,
608 1649 712 1712 aeger,
727 1628 846 1712 partim
867 1625 1065 1691 indesinenti
1090 1627 1277 1692 camilicina
1301 1634 1444 1706 enectus,
1468 1628 1589 1711 partim

487 1731 648 1797 ulceribus
659 1731 824 1796 confectus
834 1735 868 1793 et
879 1729 1060 1813 putredine,
1069 1730 1169 1794 vitam
1178 1730 1279 1794 trahit
1291 1730 1446 1810 cruciatu,
1455 1730 1586 1809 foetore,

487 1834 581 1912 carie,
597 1832 777 1917 opprobrio,
791 1831 1060 1910 molestissimam,
1076 1838 1110 1896 et
1126 1832 1237 1916 quavis
1254 1839 1359 1897 morte
1375 1833 1472 1915 longo
1486 1832 1587 1895 inter·

487 1936 568 2000 vallo
583 1935 800 2012 miseriorem,
822 1932 923 1998 donee
938 1933 1082 2012 tandem,
1092 1932 1304 2018 pereuntibus
1317 1955 1376 2018 per
1389 1933 1470 1998 vices
1484 1954 1586 1996 mem-

487 2037 563 2116 bris,
579 2038 721 2101 lacerum
735 2034 878 2116 cadaver,
894 2043 927 2100 et
938 2035 1009 2120 jam
1022 2036 1146 2120 superis
1161 2056 1266 2118 grave,
1281 2036 1381 2100 humo
1396 2035 1560 2100 condatur.

377 2170 429 2229 ¹ua
536 2136 618 2223 [la]
642 2138 857 2204 Intrinsecam
868 2137 966 2222 hujus
977 2137 1082 2203 morbi
1096 2144 1258 2218 naturam,
1270 2139 1473 2202 Esseratiolem
1489 2131 1590 2222 quam'

335 2283 398 2329 „eni
424 2284 444 2330 ·,
487 2249 611 2320 vocant,
626 2241 690 2304 nisi
704 2247 863 2324 quatenus
878 2260 916 2304 ea
933 2261 973 2304 ex
988 2240 1059 2305 istis
1075 2263 1156 2324 quae
1173 2242 1243 2325 jam
1260 2241 1464 2325 depinximus
1481 2261 1590 2324 symp-

333 2361 377 2394 ¹¹⁰³
401 2363 415 2394 ⁸
486 2344 618 2409 tomatis
638 2343 805 2421 elucescat,
821 2363 888 2407 non
911 2342 992 2406 mihi
1014 2343 1118 2426 magis
1137 2350 1336 2428 perspectam
1356 2365 1425 2407 esse
1439 2342 1588 2420 arbitror,

488 2467 585 2530 quam
599 2453 649 2510 est
659 2444 798 2510 essentia
812 2445 877 2509 sive
891 2445 1021 2529 plantae
1035 2445 1217 2530 cujuslibet,
1230 2446 1293 2510 sive
1308 2445 1465 2510 animalis.
1489 2444 1591 2510 Quic-

487 2547 566 2631 quid
582 2568 657 2612 vero
675 2547 715 2611 de
729 2568 768 2610 ea
785 2547 836 2626 sit,
855 2553 943 2612 certo
960 2547 1042 2611 mihi
1061 2554 1188 2613 constat
1204 2548 1375 2612 humorem
1393 2547 1482 2611 hunc
1501 2568 1591 2612 com-

487 2650 673 2714 mittentem
697 2647 961 2715 inflammationis
985 2649 1074 2714 haud
1099 2649 1268 2714 mediocris
1294 2650 1482 2734 participem
1508 2669 1586 2727 esse,

487 2753 575 2818 unde
595 2753 675 2817 baec
693 2759 744 2817 tot
763 2753 922 2818 malorum
942 2752 1039 2817 Ilias:
1065 2759 1192 2817 constat
1211 2751 1310 2816 etiam
1330 2750 1454 2815 dictum
1472 2749 1589 2814 humo-

487 2876 556 2920 rem
585 2853 805 2921 evaouandum
831 2875 910 2934 esse,
936 2853 1034 2938 idque
1063 2854 1103 2919 iis
1127 2852 1242 2919 mediis
1268 2875 1406 2938 quomm
1431 2849 1589 2918 efficaciae

487 2956 685 3041 experientia
716 2955 933 3038 (Medicorum
961 2955 1137 3039 magistra)
1169 2957 1376 3039 suffragatur,
1401 2977 1477 3021 cum
1506 2951 1589 3022 non-

487 3057 567 3122 dum
589 3057 773 3122 inveniatur
794 3055 1020 3122 immediatum
1042 3057 1172 3142 aliquod
1195 3059 1388 3142 specificum,
1412 3060 1505 3143 cujus
1528 3081 1589 3142 ope

488 3158 557 3222 sine
586 3157 791 3221 evacrmtione
820 3177 1006 3241 praegressa
1028 3157 1116 3224 Lues
1140 3159 1293 3225 debellari
1318 3169 1426 3244 queat.
1471 3163 1589 3245 Neque

334 3268 466 3344 Neqmer-
488 3259 577 3323 enim
598 3259 649 3322 vel
672 3259 861 3338 mercurius,
884 3260 1042 3342 relliqua
1064 3263 1236 3326 meantia
1259 3262 1354 3342 dicta,
1378 3265 1589 3348 specificomm

333 3348 475 3458 {5¹32le
487 3357 585 3422 titulo
602 3365 679 3421 siant
696 3358 857 3438 donanda,
872 3359 936 3422 nisi
950 3362 1103 3445 exemplis
1117 3364 1153 3427 in
1169 3365 1314 3430 medium
1330 3367 1436 3431 allatis
1452 3367 1588 3452 probare

335 3461 477 3554 npugpm:
489 3460 560 3543 quis
585 3459 685 3542 possit
706 3461 759 3524 vel
781 3461 980 3526 mercurium
998 3463 1119 3547 absque
1141 3467 1337 3547 salivatione,
1356 3469 1406 3533 vel
1424 3469 1588 3552 lignorum

334 3525 468 3652 lilii&
489 3562 659 3627 decoctum
679 3562 769 3626 nullo
791 3563 1008 3647 subsequente
1033 3565 1160 3646 sudore,
1180 3568 1260 3632 Luis
1281 3569 1448 3633 Venereae
1469 3570 1588 3633 curati-

334 3651 412 3702 circa.
488 3683 585 3728 onem
602 3662 794 3747 quandoque
811 3663 991 3731 absolvisse.
1036 3669 1148 3752 thue
1165 3672 1362 3755 experientia
1378 3672 1475 3736 didici
1493 3673 1596 3737 sudo-¹

488 3765 578 3830 rifica
591 3765 737 3850 vulgaria
750 3765 838 3831 haud
852 3767 961 3831 minus
977 3768 1148 3852 profecisse
1162 3770 1199 3834 in
1211 3772 1274 3837 hoc
1287 3773 1400 3838 morbo
1415 3794 1513 3857 quam
1526 3773 1586 3856 lig-

489 3889 607 3932 norum
628 3868 807 3948 decoctum,
830 3869 878 3933 ita
901 3871 1012 3934 nullus
1035 3870 1158 3952 dubito,
1175 3874 1264 3958 quin,
1280 3877 1306 3940 si
1329 3879 1463 3961 reperiri
1487 3879 1588 3963 possit

489 3973 577 4038 aliud
592 3973 680 4057 quid,
696 3973 811 4037 sivein
825 3993 926 4056 regno
942 3975 1125 4057 vegetabili,
1141 3977 1205 4041 sive
1220 3979 1361 4060 animali,
1378 3981 1463 4064 quod
1480 3983 1515 4044 in
1533 4002 1587 4044 cx-

489 4077 619 4142 citanda
636 4075 821 4140 salivatione
837 4097 930 4160 pares
947 4097 1023 4140 cum
1037 4078 1196 4143 mercurio
1210 4079 1292 4144 vires
1309 4081 1451 4160 haberet,
1466 4079 1587 4165 pariter

489 4181 588 4246 etiam
603 4179 643 4244 ad
659 4179 836 4245 sanandam
851 4181 956 4246 Luem
970 4181 1100 4247 valeret.
1125 4183 1396 4270 Quandoquidem
1411 4196 1520 4252 autem
1533 4187 1589 4252 bic

490 4281 622 4348 morbus
638 4281 742 4348 adhuc
756 4282 845 4348 intra
859 4283 1089 4349 Gonorrhoeae
1102 4285 1222 4350 limites
1237 4287 1425 4369 subsistens,
1435 4291 1532 4373 longe
1546 4289 1587 4353 ab

336 4430 395 4479 Alia
407 4425 478 4473 deb„
491 4383 605 4450 eodem
618 4383 718 4448 distat
732 4405 807 4450 cum
817 4386 888 4470 jam
901 4407 1035 4451 ornnem
1047 4388 1214 4471 sangrnnis
1234 4411 1374 4456 massam
1388 4393 1588 4458 contamina·

335 4507 455 4570 esseuerp·
490 4487 580 4564 verit,
601 4491 635 4550 et
655 4486 806 4551 venereae
824 4487 904 4551 Lais
924 4509 1045 4552 nomen
1066 4489 1208 4573 praecise
1229 4501 1403 4574 mereatur,
1419 4495 1469 4560 ita
1490 4495 1590 4559 etiarn

336 4567 453 4672 {fflffn
491 4587 656 4652 evacuatio
676 4610 740 4671 qua
757 4589 986 4654 Gonorrhoeae
1001 4591 1139 4656 materia
1156 4592 1295 4676 ejicitur,
1310 4595 1374 4658 alia
1391 4617 1522 4679 prorsus
1540 4603 1590 4660 est

335 4684 478 4800 :pffizqqloip
492 4695 588 4772 atque
603 4688 659 4752 illa
674 4711 737 4772 qua
751 4689 837 4754 Lues
848 4693 918 4776 jam
932 4693 1072 4757 formata
1085 4694 1284 4760 eliminanda
1297 4705 1359 4761 est.

337 4825 409 4865 msa.
541 4787 623 4872 [lta]
653 4789 893 4858 Gonorrhoeam
904 4794 1015 4877 itaque
1030 4795 1116 4879 quod
1130 4799 1259 4878 attinet,
1271 4799 1312 4864 de
1323 4822 1387 4884 qua
1396 4801 1502 4884 primo
1516 4821 1590 4885 age·
