3825 5759
418 650 811 716 OBSERVATIONUM
836 649 1120 714 MEDICARUM
1141 657 1193 709 VI.
1211 661 1238 719 1,
1255 662 1280 709 1.
1332 648 1395 712 255

300 816 372 872 tum
394 809 492 872 etiam
518 810 581 872 alia
606 810 763 892 quaedam
784 817 1011 894 symptomata,
1034 811 1075 873 ab
1101 810 1158 872 illo
1183 816 1295 872 111111
1320 809 1397 872 satis
1439 825 1520 872 Pem-

300 911 507 994 dignoscitur,
530 933 605 976 cum
630 911 665 975 in
690 913 753 976 ista
775 913 947 976 manifesta
972 913 1070 976 febris
1094 919 1192 996 atque
1217 912 1397 976 inflamma·
1410 901 1547 1001 rffl‘f'

299 1015 395 1078 tionis
417 1015 509 1098 signa
530 1037 564 1079 sc
585 1015 733 1098 prodant,
755 1037 836 1098 quae
862 1015 898 1078 in
919 1015 981 1079 hoc
1003 1037 1164 1098 nusquam
1190 1021 1396 1098 comparent3
1409 1022 1550 1090 ffic—

301 1117 475 1198 quamlibet
489 1117 525 1180 in
539 1117 600 1181 hac
619 1118 723 1200 specie
737 1117 865 1182 minora
882 1119 947 1181 sint
963 1119 1059 1200 longe
1074 1138 1112 1182 ao
1128 1116 1313 1182 obscuriora
1333 1117 1397 1181 illis
1409 1107 1530 1218 mitur

301 1219 415 1302 quibus
429 1219 605 1302 insignitur
618 1241 694 1284 vera
707 1220 988 1304 Peripneumonia.
1477 1205 1483 1228 ’

351 1322 411 1405 [8.]
426 1330 440 1370 l
462 1322 646 1405 Diligenter
661 1329 771 1387 autem
795 1323 1129 1402 animadvertendum,
1145 1323 1241 1406 quod,
1256 1323 1314 1386 ubi
1329 1323 1398 1385 vini
1410 1316 1533 1412 {222²sssp

301 1423 436 1507 spiritui,
449 1432 505 1488 aut
520 1425 590 1488 aliis
605 1425 639 1488 id
658 1446 760 1507 genus
774 1425 963 1508 liquoribus,
979 1447 1053 1488 cum
1067 1426 1129 1489 hoc
1143 1425 1256 1488 morbo
1270 1425 1398 1488 conflic-
1410 1430 1502 1478 mirem.

300 1531 407 1590 tantos
427 1546 460 1589 se
480 1526 556 1589 olim
577 1526 768 1604 addixerint,
790 1526 923 1590 minime
943 1533 1054 1590 tutum
1076 1527 1138 1590 erit
1157 1548 1212 1590 eos
1232 1527 1343 1589 statim
1363 1547 1400 1589 ac

301 1628 472 1712 derepente
498 1628 538 1692 ab
564 1629 603 1692 iis
629 1629 806 1712 depellere3
838 1629 894 1692 sed
924 1629 1044 1692 sensim
1072 1629 1107 1692 id
1135 1629 1309 1711 agendum,
1336 1650 1400 1711 quo

300 1731 408 1796 minus
440 1731 576 1815 hydropi
604 1739 673 1796 tam
706 1733 877 1816 repentina
905 1732 1045 1796 mutatio
1080 1753 1117 1795 ao
1150 1731 1288 1814 abrupta
1315 1731 1400 1793 viam

301 1839 433 1899 sternat.
478 1833 573 1899 Quod
597 1835 694 1898 111111
715 1835 750 1898 11
772 1834 893 1898 morbis
916 1834 1162 1917 quibuscunque
1181 1833 1223 1897 ab
1242 1833 1304 1896 hac
1322 1857 1400 1918 προ·

302 1932 399 2020 φάσει
419 1936 562 2000 oriundis
589 1936 748 2000 obscrvari
773 1937 878 2001 debet.
925 1937 1010 2000 Cum
1032 1958 1106 2000 vero
1127 1937 1168 2000 de
1194 1935 1309 2020 spiritu
1334 1936 1401 1998 vini

301 2037 423 2101 mentio
442 2039 539 2102 fuerit
558 2038 653 2117 facta,
672 2039 726 2102 hic
746 2039 851 2104 obiter
873 2039 996 2103 dicam:
1020 2039 1200 2123 optandum
1219 2059 1297 2102 sane
1317 2045 1401 2102 esset

302 2139 387 2222 quod
409 2147 465 2204 aut
486 2140 574 2204 idem
597 2141 730 2204 omnino
752 2142 870 2219 exulet,
892 2149 948 2205 aut
975 2142 1089 2204 saltem
1112 2140 1277 2224 spiritibus
1298 2141 1400 2204 refici-

302 2240 401 2319 endis,
424 2263 492 2305 non
517 2263 592 2306 vero
621 2242 735 2306 iisdem
757 2243 993 2326 extinguendis,
1016 2250 1208 2326 usurpetur5
1241 2242 1305 2305 nisi
1330 2242 1401 2324 quis
1415 2255 1498 2330 Quas}

301 2343 466 2406 internum
490 2345 559 2427 ejus
585 2367 682 2408 usum
707 2367 837 2429 prorsus
863 2346 1080 2410 abdicandum
1108 2335 1518 2446 1111111111,111111-ῑξξζξξξέζι

302 2444 403 2528 deque
422 2467 441 2508 a
461 2445 628 2530 Chirurgis
647 2449 751 2512 solmn
766 2448 807 2511 ad
826 2449 934 2512 ulcera
948 2447 1123 2530 digerenda
1137 2447 1269 2511 fotubus
1289 2447 1399 2510 inmis-
1413 2448 1513 2523 spiritus

302 2550 449 2628 cendum,
466 2558 522 2615 aut
543 2552 714 2616 1111111111ῐ
733 2560 825 2617 extus
850 2552 1096 2617 admovendum.
1143 2552 1217 2618 Quo
1238 2559 1400 2634 postremo
1411 2526 1556 2623 {lilim

302 2673 377 2717 casu
398 2653 547 2718 omnibus
572 2655 732 2734 remediis,
756 2661 913 2739 quotquot
937 2655 1043 2718 adhuc
1067 2655 1201 2718 inventa
1225 2654 1325 2730 fuere,
1347 2647 1543 2716 hic⁰¹²¹⁸⁸¹⁰¹¹²

301 2755 405 2838 liquor
425 2757 518 2821 facile
540 2758 681 2840 palmam
707 2757 869 2841 praeripit,
886 2778 961 2820 cum
984 2763 1094 2820 cutem
1116 2755 1337 2839 subjacentem
1360 2754 1400 2816 ab

302 2858 390 2922 omni
414 2859 648 2942 putrefactione
674 2867 806 2923 tueatur
832 2881 868 2922 sc
894 2858 1052 2935 vendicet,
1078 2863 1175 2940 atque
1205 2855 1402 2919 eonomine

303 2959 500 3024 curationem
523 2983 619 3044 quam
641 2962 705 3025 cito
728 2961 880 3038 absolvat,
901 2959 1125 3042 digestionem,
1146 2978 1228 3040 quae
1250 2977 1318 3019 non
1339 2955 1402 3018 nisi

303 3061 476 3126 admodum
493 3063 585 3126 111111
605 3085 664 3127 sua
682 3070 829 3145 tempora
846 3061 1014 3144 percurrit,
1034 3060 1133 3123 etiam
1152 3080 1220 3122 non
1239 3063 1401 3120 moratus:

304 3185 418 3248 nempe
433 3167 461 3228 si
475 3167 576 3231 lintea
590 3167 705 3252 spiritu
719 3166 786 3229 vini
800 3164 927 3228 imbuta
940 3163 1086 3247 partibus
1101 3161 1142 3225 ab
1159 3182 1243 3243 aqua
1255 3159 1402 3236 ferventi,

304 3267 431 3350 pulvere
451 3269 550 3352 pyrio,
565 3269 616 3333 vel
636 3269 742 3347 simili,
758 3268 861 3345 laesis,
878 3288 976 3350 quam
997 3265 1139 3349 primum
1161 3264 1222 3327 hoc
1243 3261 1404 3344 infligitur

304 3369 434 3447 malum,
456 3371 666 3454 applicentur,
687 3369 862 3453 eademque
885 3368 1000 3452 spiritu
1020 3367 1106 3431 dicto
1127 3365 1309 3430 madefacta
1328 3362 1402 3426 sub-

304 3469 379 3534 inde
400 3477 588 3554 repetantur
611 3471 713 3536 donec
737 3471 827 3536 dolor
853 3471 893 3536 ab
916 3469 993 3554 igne
1018 3469 1148 3553 penitus
1172 3465 1347 3543 evanuerit,
1370 3472 1404 3529 et

306 3579 415 3652 postca
429 3574 533 3638 solum
549 3574 649 3638 bisin
665 3576 726 3640 die.

763 3731 859 3795 CAP.
881 3731 945 3793 V.¹

726 3868 985 3930 Rheomctismus.

349 3985 471 4049 Nunno
486 4007 553 4050 non
563 3993 708 4069 tempore
722 3987 853 4050 incessit
864 3985 917 4048 hic
932 3982 1073 4059 morbus,
1086 3981 1224 4043 maxime
1236 3985 1404 4055 autumno,
1418 3994 1497 4042 Annis

309 4093 341 4150 ct
355 4089 593 4170 praecaeteris,
607 4089 701 4152 annis
715 4089 914 4152 florentes'et
930 4084 976 4153 οἷς
990 4080 1067 4170 γόνυ
1080 4078 1231 4168 χλωρόνῑ.
1278 4079 1350 4142 Hac
1367 4058 1531 4179 ut1¹{;‘,{{}¹1},‘'e⁸¹

307 4187 482 4270 plurimum
508 4191 673 4254 occasione
698 4191 859 4267 nascitur,
892 4207 988 4269 aeger
1016 4184 1138 4248 scilicet
1162 4182 1228 4244 sive
1254 4179 1405 4243 exercitio
1417 4191 1547 4296 monu-

309 4289 414 4373 aliquo
428 4292 669 4369 vehementiori,
686 4291 750 4355 sive
766 4291 828 4354 alio
843 4288 948 4366 modo,
965 4285 1187 4359 excalefactus,
1203 4302 1278 4344 mox
1290 4299 1404 4360 repen·
1417 4313 1545 4375 praecipue

308 4391 414 4456 tinum
424 4394 526 4477 frigus
541 4393 680 4456 admisit.
726 4395 757 4455 A
767 4392 873 4474 rigore
888 4397 986 4471 atque
999 4389 1131 4450 horrore
1143 4383 1269 4447 orditur
1279 4389 1404 4463 tragoe-
1417 4375 1559 4488 ffffi:

309 4491 403 4574 diam,
416 4518 495 4579 quos
511 4494 621 4560 statim
637 4493 800 4576 excipiunt
815 4492 910 4568 calor,
926 4487 1127 4571 inquietudo,
1139 4485 1219 4563 sitis,
1235 4456 1537 4631 1111111111ξῖἑέηέιιθ

1419 4635 1549 4684 factionem

340 4711 351 4742 ¹
371 4706 447 4754 Deest
458 4709 470 4766 ς
483 4709 498 4753 8
510 4706 535 4752 11
547 4706 584 4753 ed.
598 4704 646 4754 ’7o.
883 4703 986 4748 Procne.
998 4702 1044 4746 1111.
1056 4715 1077 4746 c.
1092 4699 1129 4746 10.

341 4774 350 4795 ¹
368 4770 405 4816 Cf.
419 4773 521 4820 Procerr.
535 4771 580 4816 Iat.
592 4783 612 4815 c.
626 4769 664 4814 50.
915 4765 922 4792 ⁸
940 4763 979 4810 cf.
990 4763 1092 4810 Theocr.
1106 4763 1176 4822 Idyu.
1189 4762 1237 4808 xiv.
1247 4760 1290 4812 70;
1310 4757 1409 4806 Erasini

342 4838 350 4861 ¹
368 4833 444 4880 Deest
454 4833 500 4879 hoc
513 4847 564 4893 cap.
576 4831 601 4877 in
613 4829 666 4876 edd.
677 4827 726 4886 ’76,
738 4831 786 4876 ’85.
800 4829 839 4876 cf.
883 4828 961 4888 Δάτις.
975 4827 1006 4875 iv.
1019 4829 1041 4872 3.
1054 4827 1092 4872 21.
