3825 5759
504 726 884 797 OBSERVATIONES
908 730 1129 796 MEDIOAE.
1329 736 1367 795 ll

268 891 420 975 mjosque
435 891 551 974 speciei
569 892 673 974 signa,
689 898 721 955 et
739 892 938 955 characteres
953 891 1070 974 quibus
1090 892 1131 956 ab
1146 892 1284 957 invicem
1304 892 1368 957 dis·
1403 912 1499 963 Passa

268 993 489 1071 criminantur,
505 993 743 1077 contempserit.
789 993 912 1057 Eodem
927 994 1023 1079 plane
1036 994 1133 1059 modo
1147 1016 1209 1059 nec
1226 996 1304 1059 satis
1319 1004 1368 1061 est
1382 976 1522 1058 Q

268 1096 413 1179 scriptori
427 1116 614 1160 communes
630 1096 788 1159 duntaxat
802 1095 907 1159 morbi
922 1096 1057 1180 alicujus
1072 1095 1257 1168 πολυειδοῦς
1271 1120 1367 1183 appa-

267 1198 386 1261 rentias
404 1204 586 1262 annotasse.
632 1196 712 1262 Esto
732 1216 809 1261 sane
832 1218 900 1262 non
918 1200 1068 1263 omnibus
1085 1199 1207 1263 morbis
1231 1202 1368 1265 eandem

268 1301 455 1381 contingere
476 1301 663 1375 varietatem
674 1326 684 1378 ;
707 1305 819 1364 tamen
841 1300 1020 1383 complures
1043 1321 1121 1380 csse,
1140 1302 1206 1385 qui,
1225 1302 1303 1367 lieet
1326 1304 1367 1368 ab

268 1400 456 1465 authoribus
471 1401 530 1465 sub
546 1401 659 1465 eodem
673 1402 771 1465 titulo
785 1400 867 1465 citro
880 1402 981 1467 ullam
996 1402 1112 1484 speciei
1126 1403 1368 1469 distinctionem

267 1510 457 1581 tractentur,
479 1503 692 1568 dissimillima
717 1504 783 1567 sint
801 1503 919 1581 indole,
945 1504 983 1568 in
1004 1504 1213 1587 sequentibus
1234 1508 1368 1591 pagellis

270 1605 327 1686 (uti
346 1606 464 1689 spera)
484 1607 592 1689 palam
610 1607 677 1671 fiet.
727 1606 789 1690 [8.]
817 1606 891 1669 Imo
917 1605 1017 1671 etiam
1042 1606 1100 1669 ubi
1120 1606 1306 1674 distributio
1331 1611 1368 1674 iu

266 1708 385 1789 species
407 1708 575 1789 reperitur,
597 1707 631 1771 id
647 1708 685 1771 fit
706 1708 896 1791 plerumque
913 1712 952 1770 ut
973 1706 1145 1790 hypothesi
1166 1706 1262 1772 elicui
1287 1731 1370 1792 quae

265 1808 344 1871 veris
369 1808 603 1891 phoenomenis
633 1794 841 1888 substruitur,
866 1830 943 1872 suus
972 1815 1154 1873 reservetur
1175 1808 1298 1889 honos;
1330 1814 1369 1875 ac'

265 1910 400 1992 proinde
422 1910 580 1994 ejusmodi
602 1911 833 1976 discriminatio
851 1932 919 1976 non
933 1918 1002 1975 tam
1023 1912 1066 1977 ad
1082 1910 1197 1991 morbi,
1213 1932 1311 1994 quam
1326 1912 1368 1977 ad

265 2012 410 2076 authoris
423 2012 604 2096 ingenium,
615 2012 925 2098 philosophandique
940 2012 1108 2093 theoriam,
1126 2014 1369 2080 accommodatis

265 2124 321 2181 est.
352 2116 541 2193 ‚Qumnm
565 2118 749 2182 Medicinae
771 2116 910 2182 obfuerit
932 2116 1097 2203 ἀκριβείας
1124 2118 1185 2182 hac'
1211 2119 1247 2182 in
1275 2128 1369 2203 parte

266 2218 421 2297 defectus,
443 2220 619 2285 ostendunt
639 2220 817 2284 multorum
838 2220 1026 2284 morborum
1043 2220 1206 2304 exempla,
1230 2242 1367 2304 quorum

264 2340 382 2404 nempe
397 2322 579 2386 curationes
587 2322 683 2386 hodie
698 2342 766 2386 non
780 2320 1082 2401 desideraremus,si
1096 2322 1276 2405 scriptores,
1288 2324 1367 2388 dum

264 2422 485 2507 experimenta
499 2430 533 2488 et
547 2424 784 2488 observationes
799 2424 939 2488 medicas
958 2423 1113 2489 benevolo
1129 2425 1244 2488 saltem
1259 2427 1368 2490 auimo

264 2524 545 2603 communicarint,
560 2526 658 2589 unius
673 2526 793 2590 scilicet
809 2526 925 2609 speciei
939 2526 1081 2605 morbus,
1097 2547 1156 2610 pro
1173 2527 1236 2590 alio
1251 2528 1367 2611 speciei

265 2624 407 2690 diversae
444 2625 649 2707 substitutus,
679 2648 747 2691 non
783 2628 957 2693 fefellisset.
1016 2631 1126 2715 Atque
1162 2629 1239 2693 hinc
1268 2627 1367 2693 etiam

265 2728 404 2792 arbitror
418 2728 597 2811 proiectum
620 2750 698 2809 esse,
715 2731 801 2813 quod
816 2731 952 2795 materia
967 2730 1093 2795 medica
1106 2732 1143 2793 in
1162 2732 1284 2814 sylvam
1299 2737 1367 2794 tam

264 2829 468 2909 immensam,
485 2831 540 2895 sed
555 2832 664 2897 frumo
678 2833 861 2915 perexiguo,
878 2833 1062 2897 armaverit.

312 2932 374 3015 [9.]
403 2932 503 2997 Porro
515 2940 624 2997 autem
638 2934 674 2997 in
687 2934 855 2998 scribenda
866 2932 1054 2996 morborum
1066 2932 1221 3009 Historia,
1234 2950 1367 3015 sepona-

265 3034 487 3118 turtantisper
497 3042 622 3118 oportet
632 3056 841 3119 quaecunque
849 3032 1037 3118 hypothesis
1046 3032 1274 3117 philosophica,
1285 3054 1367 3116 quae

266 3136 429 3219 scriptoris
447 3136 607 3221 judicium
629 3137 927 3223 praeoccupaverit;
951 3157 1016 3221 quo
1037 3136 1122 3200 facto
1143 3142 1216 3199 tum
1235 3137 1366 3200 demum

266 3236 452 3301 morborum
460 3238 684 3321 phaenomena
692 3240 778 3303 clara
787 3238 1003 3317 aenaturalia,
1015 3236 1219 3323 quantumvis
1229 3236 1366 3318 minuta,

265 3354 323 3419 per
336 3358 371 3401 se
386 3340 624 3405 accuratissime
639 3340 837 3405 adnotentur
844 3368 854 3420 3
878 3341 1070 3425 exquisitam
1081 3339 1241 3424 pictorum
1254 3340 1366 3404 indus-

266 3437 363 3501 triam
391 3438 559 3519 imitando,
580 3441 636 3523 qui
664 3442 715 3505 vel
745 3462 862 3505 naevos
891 3448 925 3505 et
954 3442 1130 3505 levissimas
1158 3442 1301 3505 maculas
1330 3442 1366 3506 in

266 3538 406 3623 imagine
421 3542 616 3625 exprimunt.
654 3544 827 3608 Enimvero
843 3544 906 3607 dici
921 3544 973 3607 vix
988 3550 1094 3627 potest
1108 3550 1189 3629 quot
1206 3544 1366 3608 erroribus

268 3660 377 3705 ansam
392 3643 599 3725 praebuerint
614 3644 807 3729 hypotheses
822 3646 902 3708 istae
917 3644 1163 3729 physiologicas,
1173 3644 1253 3708 dum
1268 3645 1365 3729 scrip-

267 3749 360 3819 tores,
377 3761 514 3827 quorum
529 3744 654 3811 animos
671 3747 752 3812 falso
768 3748 872 3812 colore
893 3747 968 3811 illae
981 3746 1169 3825 imbuerint,
1184 3747 1367 3812 istiusmodi

266 3842 489 3924 phaenomena
506 3848 626 3911 morbis
647 3850 789 3931 affigant,
806 3847 921 3932 qualia,
937 3849 1002 3912 nisi
1015 3849 1051 3912 iu
1070 3850 1213 3933 ipsorum
1228 3849 1365 3928 cerebro,

267 3943 371 4009 locum
391 3968 561 4033 nunquam
579 3950 773 4029 habueruut,
793 3951 954 4016 debebant
975 3958 1085 4015 autem
1102 3951 1138 4014 in
1158 3958 1366 4034 conspectum

266 4047 383 4126 venire,
394 4049 421 4111 ri
441 4049 637 4134 hypothesis,
653 4074 751 4135 quam
771 4054 833 4137 ipsi
852 4076 910 4137 pro
925 4076 1077 4118 concessa
1091 4076 1128 4118 ae
1147 4060 1219 4117 rata
1232 4052 1366 4131 habent,

267 4158 428 4215 constaret
442 4154 569 4219 veritas.
614 4155 709 4219 Adde
729 4157 815 4240 quod
839 4157 996 4240 siquando
1018 4164 1200 4238 symptoma
1225 4156 1364 4237 aliquod,

267 4252 349 4333 quod
375 4274 450 4318 eum
473 4255 559 4321 dicta
577 4257 748 4341 hypothesi
770 4260 913 4342 apposite
943 4258 1088 4341 quadret,
1117 4276 1228 4320 revera
1251 4255 1366 4319 morbo

267 4362 427 4437 competat
456 4359 548 4441 cujus
577 4365 694 4443 typum
723 4360 914 4423 delineaturi
944 4365 1031 4435 sunt,
1057 4365 1130 4420 tum
1158 4356 1240 4419 illud
1269 4378 1366 4440 supra

267 4456 398 4521 modum
410 4459 560 4539 evehunt,
571 4481 608 4524 ac
622 4462 717 4543 plane
731 4461 872 4525 reddunt
888 4461 923 4525 ἐκ
939 4457 1081 4545 [paviasP’
1092 4457 1261 4545 ἐλέφαντα,
1273 4462 1364 4543 quasi

266 4554 300 4619 in
314 4558 376 4623 hoe
395 4559 517 4625 seilicet
534 4561 635 4624 totius
654 4562 776 4642 negotii
797 4564 894 4626 cardo
910 4568 1106 4639 verteretur;
1129 4562 1365 4647 sin-hypothesi

266 4658 373 4724 minus
395 4669 563 4744 congruat,
588 4669 644 4723 aut
665 4680 794 4743 prorsus
816 4663 953 4742 silentio,
978 4671 1035 4727 aut
1056 4664 1118 4728 levi
1140 4666 1254 4729 saltem
1283 4664 1365 4745 pede

265 4763 486 4826 transmittere
516 4768 760 4838 consueverunt,
790 4763 852 4825 uisi
880 4766 964 4831 forte
992 4766 1147 4830 beneficio
1177 4763 1366 4828 subtilitatis

278 4908 288 4939 ⁵
307 4909 401 4975 [avibs]
414 4911 547 4971 polensele
561 4910 635 4973 Syd:
654 4925 675 4957 v.
690 4910 784 4959 Erasmi
797 4916 872 4978 Δάας,
887 4921 903 4968 i,
915 4922 938 4970 9,
948 4921 1000 4975 69,;
1022 4917 1142 4974 (inissem,
1155 4919 1258 4965 parm
1270 4913 1353 4957 Graec.
