3825 5759
378 849 420 898 De
432 849 491 896 Lna

361 913 501 961 Venerat.

366 1004 432 1053 Quid
444 1020 470 1050 a·

364 1068 469 1130 gendum
485 1067 505 1114 si

362 1131 510 1180 LuesetGo-

365 1195 438 1242 narrb

365 1323 453 1371 lentur.

440 1210 482 1242 oea

364 1275 413 1306 una
426 1260 506 1307 atabu-

514 677 581 739 324
819 670 1015 736 THOMAE
1040 669 1298 736 SYDENHAM

516 835 602 899 Lues
621 841 654 900 et
671 833 880 898 Gonorrhoea
897 854 965 896 uua
986 831 1201 910 stabulantur,
1216 831 1267 894 vel
1288 835 1365 894 ante
1388 829 1616 908 sabrationeni,

517 938 567 1000 vel
581 958 620 1000 ea
637 937 706 1020 jam
720 943 858 1019 peracta,
876 935 1104 1000 Gonorrhoeae
1124 932 1247 997 curatio
1261 931 1420 995 tentanda
1434 938 1501 1008 est;
1531 930 1617 1012 quod

518 1045 552 1106 et
570 1039 674 1102 tutius
688 1040 726 1102 fit
744 1039 807 1122 (me
818 1037 949 1122 judice)
968 1046 1001 1102 et
1015 1038 1139 1102 facilius
1158 1037 1257 1100 etiam
1275 1044 1348 1120 post
1363 1036 1489 1099 finitam
1506 1036 1617 1099 saliva·

518 1138 651 1216 tionem,
678 1160 753 1202 oum
783 1139 887 1202 Luem
916 1138 1040 1204 hahens
1068 1139 1220 1203 comitem
1250 1139 1461 1203 Gonorrhoea
1492 1138 1618 1219 aegrius

519 1240 677 1318 dometur,
713 1261 795 1323 quae
825 1261 900 1306 vero
925 1263 945 1306 a
967 1262 1154 1326 praegressa
1182 1241 1366 1304 salivatione
1396 1240 1618 1323 quadantenus

519 1341 653 1406 subacta
680 1341 753 1420 fuit,
779 1341 897 1406 minori
925 1343 1057 1425 negotio
1090 1343 1268 1425 expugnari
1301 1341 1411 1405 soleat.
1469 1342 1517 1405 At
1545 1362 1619 1406 vero

518 1441 701 1506 cathartiois
724 1441 870 1524 religiose
890 1442 1120 1508 abstinendum
1142 1451 1191 1508 est
1213 1465 1380 1528 quousque
1400 1444 1451 1508 vel
1467 1443 1620 1507 minimae

519 1542 712 1607 sahvationis
727 1543 879 1627 reliquiae
899 1545 1060 1628 supersint
1069 1572 1079 1624 3
1103 1546 1312 1629 quamobrem
1328 1545 1455 1610 turbith
1473 1545 1621 1610 minerali

518 1646 617 1710 semel
639 1653 696 1710 aut
713 1645 763 1710 bia
782 1647 818 1709 in
837 1646 1038 1711 hebdomade
1058 1649 1200 1713 exhibito
1221 1651 1363 1714 securius
1381 1671 1452 1713 rem
1473 1649 1620 1713 commit·

518 1754 635 1827 temus,
648 1770 745 1832 quam
765 1748 834 1812 aliis
856 1750 1071 1831 purgantibus
1086 1751 1291 1834 quibuslibet,
1306 1751 1398 1833 eujus
1411 1751 1443 1812 vi
1456 1771 1621 1832 promove·

519 1848 609 1913 bitur
626 1850 863 1932 aliquantulum
880 1850 1081 1932 ptyalismus,
1098 1851 1177 1914 dum
1193 1852 1323 1914 interim
1337 1850 1474 1914 materia
1494 1851 1620 1914 Gonor-

519 1950 651 2014 rhoeam
666 1952 871 2015 committens
885 1952 1044 2034 paulatim
1059 1959 1259 2017 excernatur.

569 2051 652 2134 [35.]
668 2061 690 2089 ¹²¹
712 2052 813 2116 Porro
828 2051 1064 2117 observandum
1084 2062 1143 2132 est,
1160 2054 1186 2116 ai
1200 2062 1310 2117 tumor
1329 2054 1393 2116 ossi
1412 2053 1506 2116 alicui
1523 2053 1621 2134 (Eoo-

519 2154 613 2216 aroris
631 2152 727 2234 vulgo
748 2153 879 2236 dican)
897 2153 1046 2232 insideat,
1067 2154 1123 2236 qui
1145 2154 1244 2217 etiam
1264 2154 1392 2217 tamdiu
1409 2153 1622 2237 permanserit

519 2261 558 2318 ut
578 2274 613 2316 os
632 2253 701 2336 jam
723 2254 808 2316 carie
828 2254 994 2331 afficiatau,
1009 2255 1172 2319 incassum
1192 2277 1323 2338 prorsus
1342 2256 1404 2319 erit
1423 2255 1487 2318 sive
1510 2255 1621 2317 saliva·

519 2355 618 2432 tione,
629 2354 694 2418 sive
709 2355 771 2418 alia
785 2355 892 2439 aliqua
905 2357 1069 2437 methodo,
1079 2358 1279 2422 curationem
1294 2357 1435 2440 aggredi,
1446 2357 1509 2419 nisi
1523 2356 1621 2419 etiam

519 2455 595 2520 huic
610 2457 696 2520 malo
710 2455 836 2521 obviam
851 2465 945 2522 eatur
952 2484 963 2536 ;
984 2480 1022 2523 ae
1035 2459 1170 2544 proinde
1184 2482 1220 2525 os
1234 2481 1295 2543 ope
1309 2460 1440 2524 eaustiei
1454 2459 1621 2522 denudan-

521 2557 610 2635 dum,
631 2564 664 2621 et
686 2559 926 2641 quamprimum
948 2560 1036 2623 idem
1060 2560 1160 2642 (quod
1181 2561 1296 2643 aiunt)
1322 2561 1540 2642 eafolicadum,
1558 2579 1623 2622 usu

521 2659 642 2726 scilicet
656 2659 873 2724 remediorum
888 2681 972 2744 quae
985 2660 1200 2725 intentionem
1214 2662 1299 2726 hanc
1312 2663 1446 2745 implere
1460 2661 1578 2723 solent.

396 2767 402 2780 '
485 2791 497 2804 ·
571 2759 679 2844 [36.]¹¹
701 2761 744 2824 In
755 2781 810 2826 ore
821 2762 1014 2840 exulcerato,
1024 2763 1112 2845 quod
1122 2763 1342 2827 salivationem
1355 2763 1456 2846 passis
1470 2762 1518 2824 ita
1531 2761 1624 2824 fami·

377 3907 472 3961 Diaeta,
482 3909 507 3951 et

375 3970 498 4046 reliquum

449 4051 459 4082 r
501 4059 512 4070 ι

375 4115 440 4150 men.

520 2864 608 2942 liare,
632 2863 659 2926 si
680 2863 731 2927 vel
752 2884 847 2946 aeger
870 2863 973 2928 dolori
992 2863 1126 2928 ferendo
1147 2887 1207 2948 par
1227 2886 1296 2930 non
1317 2865 1368 2944 sit,
1387 2865 1438 2929 vel
1459 2885 1498 2928 eo
1519 2885 1624 2948 usque

520 2965 603 3029 illud
619 2964 820 3030 excorietur⁰
834 2971 872 3029 ut
888 2965 1046 3048 sangiune
1060 2965 1194 3045 diffluat,
1209 2967 1318 3030 idem?
1331 2973 1427 3031 noete
1441 2967 1556 3050 dieque
1574 2967 1624 3030 vel

522 3089 607 3151 aqua
627 3087 775 3132 rosarum
789 3067 1077 3144 Damascenorum,
1090 3067 1142 3131 vel
1163 3067 1247 3132 lacte
1265 3088 1366 3150 aquae
1387 3067 1551 3150 permisto,
1573 3064 1626 3130 rel

521 3169 643 3247 hordei,
665 3169 781 3232 radicis
811 3167 966 3246 althaeae,
992 3175 1026 3231 et
1055 3169 1216 3232 seminum
1244 3168 1455 3252 sydoniorum
1483 3167 1625 3246 decocto,

523 3271 707 3354 saepissime
723 3269 940 3353 proluendum
957 3277 1017 3333 est.
1063 3271 1207 3335 Unicum
1225 3271 1288 3334 hoe
1305 3277 1488 3355 symptoma
1503 3289 1625 3332 memo-

523 3372 624 3438 rabile
649 3370 748 3454 (quod
765 3369 852 3452 scia)
871 3369 1049 3434 salivationi
1063 3371 1187 3448 accidit,
1203 3371 1318 3434 saltem
1333 3370 1458 3454 quoties
1479 3390 1518 3432 ea
1536 3389 1627 3432 more

525 3473 634 3538 debito
650 3472 894 3536 administratur
902 3497 912 3548 ;
935 3479 969 3535 et
984 3492 1061 3534 sane
1076 3471 1103 3533 si
1118 3471 1208 3535 dolor
1222 3479 1256 3535 et
1270 3472 1334 3536 oria
1349 3470 1542 3535 exulceratio
1557 3477 1628 3534 arte

526 3575 634 3658 aliqua
652 3573 805 3656 protelari
821 3573 997 3657 potuerint,
1012 3572 1100 3636 haud
1121 3574 1225 3638 multo
1242 3581 1326 3638 esset
1339 3573 1504 3638 molestior
1522 3571 1629 3637 morbi

526 3677 625 3760 hujus
639 3674 773 3755 curatio,
789 3697 887 3760 quam
901 3683 951 3740 est
966 3675 1103 3740 aliorum
1121 3677 1243 3761 aliquot
1256 3678 1353 3761 longe
1372 3678 1480 3742 minus
1494 3677 1628 3760 famige-

527 3785 683 3846 ratarum.

579 3881 661 3964 [37]
689 3880 840 3946 Diaetam
863 3881 950 3965 quod
975 3887 1099 3965 spectat
1121 3887 1154 3944 et
1177 3880 1338 3963 reliquum
1360 3880 1448 3963 aegri
1471 3879 1628 3962 regimen,

530 3983 642 4049 eadem
656 4003 787 4067 prorsus
804 3983 839 4048 in
854 3984 1049 4062 salivatione,
1065 3984 1179 4047 saltem
1197 3983 1298 4048 donec
1312 3983 1355 4047 ad
1368 3985 1468 4047 finem
1478 3984 1547 4067 jam
1561 3983 1631 4046 fere

530 4093 649 4170 vergat,
676 4107 714 4150 ac
738 4085 774 4149 in
803 4087 950 4164 catharsi,
973 4086 1162 4170 imperanda
1191 4107 1323 4150 censeo:
1353 4107 1492 4169 cumque
1518 4087 1549 4150 ei
1573 4085 1632 4169 qui

530 4188 803 4253 medicamentum
818 4187 947 4271 aliquod
962 4207 1104 4270 purgans
1119 4186 1300 4270 assumpsit,
1311 4186 1346 4249 id
1358 4193 1490 4249 tantum
1503 4185 1633 4248 incum-

530 4290 587 4355 bat
604 4299 642 4355 ut
658 4312 692 4355 se
706 4291 742 4354 in
762 4289 909 4355 eubiculo
924 4289 989 4354 avi
1002 4288 1130 4372 frigoris
1145 4288 1306 4366 defendat,
1321 4295 1355 4352 et
1369 4286 1448 4352 cibis
1462 4285 1635 4354 antenore

530 4395 695 4460 moderate
720 4401 875 4472 vescatur,
899 4393 1047 4457 nondum
1071 4391 1152 4456 mihi
1180 4399 1306 4456 constat
1332 4413 1396 4475 quo
1424 4391 1556 4455 nomine
1580 4389 1636 4454 vel

530 4495 614 4561 lecto
640 4517 766 4580 semper
795 4495 963 4560 addicatur
985 4493 1042 4578 qui
1069 4493 1278 4578 ptyalismum
1304 4493 1400 4572 subit,
1426 4493 1478 4556 vel
1502 4514 1523 4556 a
1543 4491 1638 4556 victu

532 4599 657 4663 modico
672 4605 828 4678 arceatur,
839 4598 894 4682 qui
909 4597 1029 4662 scilieet
1042 4597 1191 4662 Naturae
1204 4617 1280 4660 oum
1293 4616 1418 4662 veneno
1432 4593 1638 4661 eonfiietanti

565 4777 582 4800 ¹
599 4771 677 4820 Deest
687 4775 699 4832 l
713 4774 742 4820 ³5
755 4773 781 4821 in
792 4773 828 4820 ed.
841 4776 889 4822 ⁹8⁰.
1135 4779 1147 4804 ⁶
1162 4773 1250 4836 crena]
1262 4777 1322 4836 qaod
1332 4791 1399 4836 saepe
1403 4777 1435 4836 ,ΙΙ
1444 4773 1499 4824 add.
1512 4771 1608 4821 «ΗΟ.

565 4841 577 4864 “
594 4835 728 4898 Ira-qaod]
741 4853 765 4884 ω
775 4839 929 4887 subnatare
938 4837 975 4887 ed.
988 4840 1035 4890 ⁹80.
1135 4845 1146 4876 l
1163 4837 1235 4900 iden]
1249 4853 1297 4886 om.
1308 4839 1346 4887 ed.
1358 4841 1407 4890 '8⁰.
