3825 5759
515 693 581 755 244
823 685 1018 752 ΤΗΟΜΑΕ
1041 682 1300 749 SYDENHAM

382 863 481 912 Fennis
514 847 692 934 spirituosis
715 846 970 930 quibuscunque,
991 851 1064 909 tum
1087 851 1126 907 ιιι
1148 864 1254 926 neque
1275 863 1412 925 usquam
1433 842 1518 910 foras
1539 865 1614 929 pro-

361 928 500 1028 sci-Q
513 953 599 1031 dent,
621 970 726 1034 neque
754 969 789 1012 se
817 948 975 1031 perpetim
1000 947 1084 1010 lecto
1113 946 1233 1028 affigat.
1278 944 1363 1008 Cute
1388 946 1457 1028 jam
1481 947 1613 1029 penitus

358 1025 500 1143 iiiiiffi
514 1054 765 1138 desquammata,
784 1057 817 1114 et
832 1049 1033 1114 cessantibus
1047 1046 1281 1131 symptomatis,
1300 1067 1319 1111 e
1332 1068 1368 1112 re
1382 1047 1450 1112 lore
1465 1048 1614 1115 existimo

357 1145 421 1255 ξω
434 1161 479 1192 ¹¹⁸⁰
512 1163 550 1219 ut
564 1161 721 1237 purgetur
736 1173 831 1236 aeger
844 1152 912 1218 leni
925 1152 1034 1234 aliquo
1050 1149 1297 1229 medicamento,
1312 1151 1411 1216 aetati
1426 1158 1524 1234 atque
1538 1151 1613 1218 viri-

357 1217 491 1335 peelloolli]
511 1256 573 1321 bus
598 1255 813 1320 accommodo.
861 1253 1006 1336 Simplici
1030 1252 1091 1316 hac
1113 1260 1147 1316 et
1171 1253 1314 1319 natrtrali
1338 1254 1434 1337 plane
1459 1253 1613 1320 methodo

356 1345 434 1398 W·
510 1359 572 1423 hoc
592 1358 697 1422 morbi
718 1378 839 1422 nomen
864 1356 927 1438 (vix
949 1355 1037 1420 enim
1062 1355 1160 1419 altius
1182 1355 1344 1438 assungia)
1369 1355 1439 1421 sine
1465 1357 1613 1420 molestia

510 1467 567 1524 aut
586 1459 729 1544 periculo
749 1458 860 1542 quovis
874 1458 1026 1522 facillime
1048 1457 1210 1538 abigitur,
1232 1478 1307 1520 cnm
1327 1465 1474 1522 econtra
1491 1459 1520 1521 si
1538 1458 1613 1541 plus

509 1563 632 1645 negotii
657 1562 761 1646 aegris
786 1562 990 1638 lacessamus,
1012 1559 1063 1623 vel
1088 1559 1215 1623 lectulis
1241 1559 1446 1623 continenter
1469 1561 1613 1624 incarce-

508 1665 620 1745 rando,
645 1665 696 1730 rel
725 1664 878 1728 cardiacis
907 1663 1041 1746 aliisque
1066 1661 1216 1725 remediis
1245 1661 1485 1744 supervacaneis
1514 1661 1612 1725 nimis

509 1771 602 1834 docte
623 1777 655 1833 et
679 1771 728 1852 (ut
747 1769 844 1850 vulgo
863 1766 1012 1848 videbun)
1035 1763 1214 1828 secundum
1236 1770 1339 1827 artem
1362 1785 1459 1847 supra
1477 1765 1611 1829 modum

508 1873 654 1956 ingestis,
671 1872 803 1936 morbus
826 1870 936 1935 statim
956 1868 1149 1946 intenditur,
1167 1875 1201 1931 et
1222 1888 1319 1950 aeger
1339 1889 1407 1930 non
1426 1889 1499 1932 raro
1520 1868 1612 1931 nulla

509 1977 572 2040 alia
601 1975 642 2041 de
670 1995 776 2052 causa,
807 1994 903 2056 quam
938 1971 1040 2035 nimia
1072 1969 1196 2034 Medici
1225 1969 1403 2054 diligentia,
1433 1969 1474 2033 ad
1502 1969 1611 2055 plures

509 2079 637 2160 migrat.

356 2199 497 2262 emungen-
559 2178 638 2262 [3.]ε
660 2179 885 2258 Veruntamen
904 2176 967 2242 boc
986 2173 1309 2240 animadvertendum
1323 2174 1412 2238 volo:
1435 2174 1463 2238 si
1482 2175 1612 2238 conmil-

355 2265 498 2376 ffssffiffil
511 2279 615 2345 aiones
638 2280 834 2366 epilepticos,
854 2279 905 2344 vel
926 2278 1026 2343 etiam
1047 2299 1148 2356 coma,
1167 2277 1245 2341 huic
1265 2277 1378 2342 morbo
1400 2277 1461 2341 sub
1480 2277 1612 2342 initium

356 2393 476 2441 vercona
510 2383 688 2468 eruptionis
707 2381 960 2467 supervenerint,
981 2379 1082 2464 (quod
1101 2380 1294 2464 quandoque
1314 2379 1431 2444 accidit
1448 2380 1484 2445 in
1503 2380 1613 2464 pneris

355 2473 469 2572 {ill-‘ff'
511 2506 548 2550 ac
569 2483 753 2570 junioribus
776 2483 836 2548 hoc
860 2482 975 2548 morbo
999 2481 1244 2565 laborantibus)
1266 2482 1399 2547 omnino
1423 2489 1551 2566 oportet
1572 2490 1613 2546 ut

510 2587 737 2672 epispasticum
759 2586 903 2670 amplum
925 2607 963 2650 ac
984 2585 1068 2649 forte
1092 2585 1262 2668 posteriori
1287 2584 1402 2649 cervici
1422 2585 1612 2668 applicetur,

510 2698 607 2773 atque
628 2671 723 2773 porro
751 2696 790 2754 ut
818 2687 1041 2773 paregoricum
1070 2709 1089 2751 c
1118 2709 1238 2772 syrupo
1262 2688 1303 2752 de
1328 2687 1476 2751 meconio
1501 2687 1612 2752 statim

510 2793 709 2872 exhibeatur,
725 2773 937 2876 repetendum
952 2790 1088 2874 singulis
1108 2791 1259 2854 noctibus
1278 2791 1475 2875 usquedum
1495 2811 1613 2855 conva-

509 2897 624 2985 luerit3
647 2895 836 2982 imperando
853 2895 986 2960 interim
1001 2902 1039 2958 ιιι
1054 2915 1151 2976 aeger
1167 2893 1259 2958 bibat
1273 2915 1332 2978 pro
1351 2901 1431 2977 potu
1449 2893 1614 2958 ordinario

508 3000 558 3064 lac
573 3021 648 3064 cum
663 2999 759 3083 triplo
775 3020 876 3084 aquae
891 3005 1030 3077 coctum,
1046 3004 1079 3061 et
1094 3019 1114 3060 a
1128 2998 1233 3061 carnis
1249 3019 1306 3062 esu
1321 2997 1493 3062 abstineat.

959 3207 1056 3270 CAP.
1080 3205 1163 3272 ΙΙΙ]

979 3369 1142 3433 Pleume.

553 3505 624 3570 Hic
639 3501 799 3584 morbum,
812 3525 876 3588 quo
890 3525 950 3568 nec
965 3503 1046 3568 alius
1057 3504 1267 3589 frequentior,
1280 3506 1371 3570 nullo
1385 3527 1452 3570 non
1466 3514 1613 3590 tempore

506 3607 650 3686 infestat,
668 3605 871 3692 potissimum
891 3627 966 3672 vero
987 3629 1074 3672 anno
1093 3608 1179 3672 inter
1201 3629 1257 3672 ver
1277 3616 1311 3672 et
1331 3617 1487 3674 aestatem
1509 3608 1612 3672 ambi-

540 3783 775 3843 weomadus.
1079 3788 1144 3833 tialie
1164 3802 1212 3848 quo
1235 3789 1310 3846 primo
1335 3793 1453 3846 comptae
1475 3793 1510 3833 eet
1531 3801 1609 3846 aeger,

540 3845 547 3878 ¹
564 3847 658 3896 Extant
676 3847 795 3910 quaedum
809 3847 867 3896 huic
879 3862 931 3911 cap.
944 3847 1035 3897 similia
1078 3858 1200 3912 onuqaon
1211 3851 1324 3898 Ptean'ts'e
1340 3865 1419 3910 nempe
1432 3855 1608 3911 mpemeuerotr

507 3913 533 3974 in
550 3913 604 3960 cdd.
616 3914 665 3974 ‘66,
677 3914 717 3962 '68
735 3912 770 3974 (p.
789 3913 840 3974 59.)
856 3919 912 3976 post
925 3912 941 3960 i.
957 3915 1033 3962 Mi.
1078 3917 1122 3962 bae
1143 3923 1219 3962 autem
1237 3917 1367 3971 accedente,
1386 3917 1453 3975 peior
1475 3917 1517 3961 illo
1531 3911 1610 3974 febris

508 3977 787 4026 capraemons&
1076 3982 1168 4042 geniem
1181 3996 1245 4027 emese
1261 3981 1372 4039 deponere
1387 3981 1443 4025 mibi
1460 3981 1559 4035 oidelae,
1574 3979 1611 4024 oel

539 4049 551 4082 Ι
568 4043 616 4090 Hm
626 4045 716 4090 morbae
724 4040 778 4106 lfa]
787 4039 834 4090 Pro
843 4043 869 4104 §l
884 4041 933 4100 1‚2
949 4049 1034 4090 extant
1076 4047 1152 4104 petiae
1163 4047 1188 4091 e’n
1206 4045 1357 4091 Plesrr'tidem
1368 4046 1476 4100 concerti,
1488 4059 1546 4105 qaae
1555 4041 1611 4104 jon

501 4097 532 4154 'in
554 4105 607 4154 edd.
630 4107 679 4163 '66,
703 4107 743 4154 '68
766 4121 829 4168 quse
851 4113 1035 4169 sequunturr-
1077 4124 1106 4156 ex
1125 4111 1261 4170 phlegmone
1279 4109 1403 4168 proedicto
1425 4123 1503 4154 novoe·
1517 4105 1610 4167 feltren

505 4173 612 4219 Proximo
623 4173 670 4219 loco
680 4173 709 4219 de
717 4173 845 4219 Ploure'ttde
855 4171 949 4234 ejusque
961 4175 1032 4220 medi·
1077 4175 1123 4220 sibl
1133 4176 1233 4229 velerit,
1244 4187 1316 4234 eoque
1326 4175 1436 4233 stipatae.
1469 4174 1545 4232 Atque
1554 4187 1609 4231 por·

504 4239 594 4284 cottone
610 4252 687 4297 pauco
704 4235 849 4300 mlle'aagom.
891 4237 924 4284 Et
942 4239 1034 4298 quidem
1078 4240 1149 4286 terior
1170 4240 1226 4285 boec
1241 4233 1319 4296 febris
1341 4239 1377 4284 ito
1390 4239 1535 4284 ‹rabamoeu
1553 4238 1611 4295 pori

504 4317 548 4346 non
559 4317 593 4348 me
604 4301 661 4348 latet
670 4309 782 4360 receptam
794 4319 809 4348 a
817 4301 959 4348 Medicorum
968 4303 1035 4363 volgo
1075 4317 1147 4362 posse
1158 4317 1209 4348 cam
1216 4301 1346 4348 Plearits'de
1357 4303 1468 4356 ambalat,
1478 4315 1571 4360 cumque
1583 4315 1612 4346 ee

504 4367 640 4412 sententiam
650 4361 801 4425 masmana
819 4367 882 4414 illam
896 4369 1034 4422 mitilenem,
1078 4373 1133 4421 etot,
1142 4368 1255 4428 caditque.
1283 4367 1350 4412 Certe
1360 4366 1506 4421 crediderim,
1517 4364 1611 4422 difficile

505 4445 563 4488 quoe
578 4429 703 4476 Pleuritide'
722 4445 746 4476 ee
762 4433 863 4476 comitem
885 4430 1002 4491 adjungit,
1020 4448 1036 4477 o
1078 4427 1356 4490 admodomsutorom,at
1367 4432 1426 4490 quie,
1438 4430 1541 4475 examine
1552 4429 1608 4473 aits-

504 4495 637 4552 pblcgmone
645 4493 786 4540 membranae
793 4501 866 4540 coetos
873 4497 1034 4556 succingents's,
1076 4501 1159 4554 genter
1170 4497 1282 4549 instituto,
1289 4495 1413 4554 exemplam
1422 4489 1527 4553 preferat
1535 4491 1609 4538 Poa-

506 4559 614 4616 corde'que
634 4561 729 4614 uicinae,
751 4565 825 4604 ortum
852 4571 916 4606 suum
944 4563 1034 4613 dcem,
1078 4561 1142 4604 ritiot‘
1158 4557 1265 4620 alicujus,
1282 4561 1322 4622 qai
1339 4559 1414 4604 dolore
1433 4559 1514 4604 lateris
1531 4554 1610 4618 (cigno

508 4621 607 4680 adeoque
616 4621 1035 4682 Plearitidiereepecta,symptomots's
1077 4620 1146 4682 lajas
1165 4621 1261 4681 affectae
1278 4622 1336 4669 adeo
1355 4618 1489 4680 luculenta)
1507 4627 1610 4666 motus

508 4686 618 4729 rationem
625 4687 732 4732 obtinere.
745 4687 824 4746 Neque
831 4688 919 4732 emerico
927 4687 1034 4746 displicet
1070 4683 1156 4744 suerit,
1168 4683 1372 4748 auteqaomsebrie
1380 4687 1489 4732 aalma
1500 4687 1609 4745 aliquem,

508 4750 564 4794 hoec
585 4750 712 4796 sententio:
737 4751 827 4796 iuterim
850 4766 877 4796 ee
897 4751 945 4806 olio
966 4757 1033 4806 porte
1077 4751 1156 4796 nollem
1173 4753 1285 4806 leviorem,
1294 4747 1381 4811 scient
1397 4758 1510 4810 expertus.
1545 4749 1610 4795 Non

508 4813 612 4857 existimo
625 4813 776 4860 Pleurscdem
792 4817 865 4874 ipram
877 4815 1034 4872 symptomatie
1078 4815 1141 4858 dolor
1151 4815 1191 4860 ille
1200 4831 1260 4861 nanc
1269 4817 1361 4875 quidem
1372 4817 1450 4871 eitius,
1457 4829 1516 4860 uuae
1526 4815 1609 4870 miae.

509 4878 577 4922 cr'eem
588 4877 674 4930 mbire,
685 4884 786 4936 respectu
795 4874 872 4937 sebois
885 4878 948 4926 illias
958 4891 1034 4924 eeeeo·
1079 4879 1175 4934 iuoode't,
1186 4894 1263 4926 mrum
1281 4878 1402 4941 (quantum
1417 4882 1535 4926 observare
1550 4879 1607 4925 leae·
