3825 5759
411 678 808 744 OBSERVATIONUM
832 681 1116 747 MEDICARUM
1140 692 1164 745 Ι.
1182 698 1208 745 4.
1322 687 1365 749 47

259 862 300 903 an
324 861 406 904 vero
432 860 470 904 eo
493 862 595 925 usque
619 841 799 924 elanguerit
824 849 862 907 ut
885 843 1030 927 indig'eat
1055 846 1285 925 incitamento;
1316 847 1367 911 vel
1403 844 1500 901 Fusus

259 942 414 1026 denique,
436 964 478 1006 an
502 944 710 1008 fermentatio
733 944 774 1007 nd
805 946 941 1028 gradum
970 936 1124 1012 idoneum
1153 971 1191 1015 ae
1220 950 1366 1014 debitum
1382 918 1519 1030 Acffiffg,

258 1046 398 1110 reducta
413 1045 555 1129 permitti
570 1046 631 1110 sibi
646 1046 766 1129 absque
781 1048 868 1129 aegri
882 1049 1023 1133 periculo
1037 1052 1147 1135 possit.
1185 1053 1236 1116 De
1249 1054 1366 1118 horum
1380 1049 1521 1127 Q

259 1148 402 1231 singulis
417 1148 576 1212 nonnulla
590 1148 670 1211 mihi
685 1149 822 1213 dicenda
836 1158 922 1215 sun-t.

307 1252 396 1335 [21]
421 1252 475 1332 (l.)
501 1252 618 1335 Itaque
638 1252 665 1315 si
686 1252 816 1335 sanguis
831 1248 991 1338 eousque
1009 1264 1174 1323 exaestuet
1195 1267 1233 1324 ut
1250 1262 1367 1326 merito

259 1353 369 1417 adhue
394 1353 549 1436 suspirari
569 1352 664 1417 lieeat
687 1374 820 1437 aegrum
843 1354 893 1418 vel
911 1356 1097 1438 phrenitidi,
1120 1360 1171 1423 vel
1192 1362 1246 1425 alii
1268 1364 1366 1427 alieni

259 1457 400 1520 molesto
415 1456 634 1539 symptomati,
645 1477 683 1519 ex
699 1456 800 1519 nimia
815 1452 982 1539 sanguinis
992 1459 1180 1525 ebullitione
1194 1475 1365 1547 prognato,

261 1558 442 1623 obnoxium
454 1580 532 1636 esse,
543 1558 695 1641 postridie
704 1559 831 1623 emetioi
842 1555 978 1624 exhibiti
989 1582 1104 1625 enema
1113 1567 1294 1645 praescribo
1298 1595 1308 1646 ;
1328 1577 1367 1633 nt

264 1694 365 1763 [Form.
380 1691 438 1759 3.]=
471 1690 502 1771 R
525 1693 635 1747 Deeoeti
648 1694 796 1747 eommunis
807 1711 853 1765 pro
866 1694 986 1765 Clystere
996 1696 1092 1750 libram
1104 1714 1195 1761 unam,

526 1778 623 1850 Syrupi
635 1780 782 1843 violarum,

528 1864 654 1919 Saoehari
667 1866 801 1932 culinaria,
814 1884 868 1921 aaa
880 1868 972 1923 uncias
984 1867 1062 1934 dnas;

410 1952 513 2015 Mirum
527 1952 574 2005 fiat
585 1970 695 2015 enema;

264 2080 416 2164 idemque
431 2079 534 2163 repeti
549 2100 656 2162 prore
671 2086 749 2143 nata
760 2081 877 2164 jubeo;
902 2105 966 2166 quo
985 2106 1079 2170 saepe
1098 2089 1136 2152 fit
1150 2096 1198 2168 ut,
1211 2094 1369 2176 sanguine
1405 2068 1409 2071 ι

266 2184 416 2248 nonnihil
438 2182 595 2246 ventilato
623 2182 883 2266 refrigeratoque,
910 2186 997 2250 illius
1023 2190 1261 2258 effervescentia
1291 2196 1369 2259 satis

265 2294 498 2373 compescatur.
544 2285 715 2349 Interdum
724 2293 835 2349 tamen
850 2290 1011 2353 usuvenit
1026 2299 1064 2355 ut
1078 2298 1370 2361 venae-sectionem
1383 2306 1514 2383 Sanguinis

266 2392 365 2453 etiam
384 2388 484 2452 semel
502 2387 607 2450 adhue
627 2394 724 2471 atque
744 2388 862 2452 iterum
877 2398 1021 2474 repetere
1040 2416 1170 2462 necesse
1185 2400 1236 2478 sit,
1252 2422 1369 2483 nempe
1381 2380 1507 2485 ffisslff,

265 2496 301 2559 in
316 2481 581 2578 temperamentis
596 2492 769 2557 admodum
785 2496 980 2577 sanguineis,
996 2506 1029 2563 et
1047 2508 1153 2565 aetate
1169 2504 1368 2583 florentibus,
1380 2515 1410 2576 ve
1410 2518 1522 2549 nnnnnn

267 2608 324 2663 aut
339 2600 375 2661 in
390 2598 429 2661 iis
451 2596 506 2679 qui
524 2596 625 2660 nimio
646 2597 712 2660 vini
735 2619 797 2661 usu
815 2598 1098 2666 inflammatoriam
1120 2607 1283 2689 quandam
1302 2607 1369 2671 dia·
1381 2572 1523 2687 ildim-

266 2702 376 2765 thesin
392 2699 544 2783 sanguini
566 2720 623 2762 suo
643 2700 884 2783 impresserunt.
930 2704 1054 2767 Verum
1068 2707 1257 2789 plerumque
1276 2717 1370 2773 tanto

267 2814 402 2889 tamque
426 2802 547 2883 insigni
571 2803 712 2867 remedio
741 2804 846 2886 (quale
871 2804 1001 2887 quidem
1027 2814 1076 2870 est
1098 2810 1236 2891 repetita
1256 2832 1369 2874 venae·

268 2908 392 2987 sertim)
410 2926 476 2969 non
492 2926 571 2987 opus
587 2912 655 2982 est;
679 2927 715 2969 ae
730 2907 874 2989 proinde,
891 2906 917 2969 si
935 2906 1114 2988 praedictos
1130 2931 1221 2973 casus
1239 2932 1370 2994 excepe-

267 3014 322 3091 ris,
342 3009 615 3075 effervescentiam
634 3010 722 3073 illam
745 3016 931 3074 enematum
954 3008 1149 3075 adminiculo
1171 3014 1249 3076 satis
1269 3016 1371 3096 repri-

268 3136 405 3179 memus.
452 3112 743 3195 Quaresisanguis
763 3112 901 3176 nimium
919 3119 1045 3176 aestuet
1060 3119 1157 3197 atque
1175 3116 1368 3197 effervescat,
1382 3126 1408 3173 in
1419 3128 1474 3176 aliis

269 3213 423 3301 singulis¹²
433 3216 482 3279 vel
498 3214 631 3279 alternis
641 3214 753 3279 diebus
766 3216 873 3297 (prout
882 3236 933 3279 res
942 3216 1152 3299 postulaverit
1157 3219 1187 3301 ¹,)
1199 3219 1369 3302 clysterem
1382 3190 1524 3305 {imis

268 3320 358 3404 injici
370 3318 479 3403 jubeo,
495 3318 591 3401 idque
600 3318 647 3381 ita
661 3318 730 3381 fieri
746 3318 787 3381 ad
802 3318 963 3381 decimum
977 3340 1080 3404 usque
1095 3322 1199 3387 morbi
1215 3321 1310 3402 diem,
1320 3326 1370 3389 vel
1382 3321 1428 3369 b¹¹⁸
1439 3322 1515 3385 injec-

270 3406 411 3487 eirciter,
465 3421 548 3515 [22]
575 3420 799 3484 Veruntamen
822 3421 849 3484 si
874 3444 995 3505 magne
1015 3423 1062 3486 vis
1085 3426 1251 3508 sanguinis
1272 3428 1371 3492 missa
1382 3387 1522 3498 apprensu-

269 3526 378 3603 fuerit,
393 3524 443 3587 vel
466 3542 561 3605 aeger
583 3522 625 3584 sit
643 3528 748 3585 aetate
771 3530 929 3606 provecta,
948 3532 1028 3588 tune
1046 3528 1200 3609 temporis
1222 3538 1372 3594 enemata

270 3628 362 3691 nulla
383 3626 516 3709 impero,
540 3623 666 3687 etiamsi
689 3624 820 3706 sanguis
849 3626 990 3689 multum
1014 3627 1209 3693 efferbuerit.
1255 3632 1297 3694 In
1320 3632 1371 3696 his

272 3728 393 3794 etenim
417 3726 553 3804 essibus,
573 3726 624 3789 uti
643 3726 855 3789 metuendum
879 3750 946 3791 non
969 3735 1019 3792 est
1038 3750 1090 3808 ne,
1109 3732 1234 3795 omissis
1256 3734 1371 3816 clyste-

270 3832 369 3909 ribus,
386 3828 531 3894 ebullitio
551 3835 706 3909 coneepta
723 3849 761 3892 eo
776 3850 877 3911 usque
892 3831 1045 3913 procedat
1062 3840 1100 3897 ut
1115 3834 1252 3917 insignis
1274 3836 1371 3899 alieu-

268 3937 322 4019 jus
345 3942 378 3999 et
399 3934 509 3997 infesti
531 3932 754 4017 symptomatis
776 3933 954 4016 periculum
975 3935 1162 4015 immineat3
1192 3938 1240 4001 ita
1261 3938 1371 4002 certis-

273 4039 391 4101 simum
413 4042 462 4100 ost
483 4034 658 4099 eorundem
675 4056 738 4097 usu
760 4035 926 4117 sanguinis
944 4036 1044 4100 robur
1063 4058 1101 4101 ae
1118 4038 1183 4101 vim
1204 4045 1301 4122 atque
1323 4041 1372 4121 (nt

272 4140 319 4205 ita
333 4140 447 4217 dicam,
457 4138 519 4201 etsi
529 4136 637 4200 minus
651 4136 800 4221 propria)
819 4144 922 4200 tonum
935 4138 1081 4216 relaxari,
1091 4147 1225 4202 eatenus
1241 4142 1372 4223 quidem

273 4250 320 4320 ut,
332 4242 369 4304 in
384 4239 514 4304 senibus
528 4238 708 4320 praecipue,
727 4239 842 4319 (neque
857 4238 944 4301 enim
959 4238 1023 4301 illis
1038 4250 1187 4304 enemata
1201 4247 1270 4303 tam
1284 4263 1372 4323 pros·

272 4364 347 4426 pere
362 4364 399 4405 ae
410 4339 583 4425 juvenibus
603 4338 715 4402 cedere
731 4339 856 4420 solent)
874 4341 1022 4404 Naturae
1037 4362 1117 4423 opus
1136 4342 1373 4407 interturbetur

274 4454 370 4528 atque
393 4442 597 4526 impediatur.
643 4441 740 4506 Quod
764 4441 791 4504 si
814 4462 896 4505 rena
919 4449 1006 4505 saeta
1031 4443 1161 4525 quidem
1184 4443 1291 4523 fuerit,
1316 4446 1373 4510 sed

274 4568 342 4613 non
363 4546 506 4609 multum
532 4544 697 4626 sanguinis
723 4544 886 4621 emissum,
910 4550 991 4606 tune
1017 4545 1078 4624 (uti
1104 4546 1192 4629 dixi)
1221 4547 1372 4629 clysteres

275 4649 417 4732 adusque
438 4645 609 4724 decimum,
631 4646 704 4728 plus
726 4645 844 4722 minus,
866 4644 950 4707 diem
974 4643 1115 4727 impero;
1137 4670 1373 4730 nonnunquam

306 4800 319 4833 Ι
336 4792 409 4841 Hane
419 4792 488 4839 form.
500 4802 548 4835 om.
560 4788 612 4837 eda
624 4788 673 4845 '66,
684 4788 732 4845 ¹68,
745 4786 800 4842 '76;
878 4783 890 4815 ¹
905 4790 965 4847 sing.
977 4783 1025 4847 uel]
1038 4802 1085 4834 om
1097 4789 1150 4836 edd.
1161 4791 1209 4846 ’66,
1221 4790 1270 4845 ’68,
1282 4790 1329 4839 ’76.

276 4857 306 4905 cf.
319 4858 415 4905 forrum.
429 4856 485 4911 145,
499 4852 552 4900 170.
879 4847 884 4878 ¹
898 4850 1093 4911 prosettam]
1103 4866 1149 4898 om.
1162 4852 1215 4899 edd.
1224 4852 1374 4910 ’66,’68,’76,
