3825 5759
533 547 601 612 360
763 607 767 614 ,
845 543 1041 610 ΤΗΟΜΑΕ
1064 541 1323 608 SYDENHAM

377 720 420 770 ῃ,
432 721 517 770 vm,
675 702 883 758 Contandautar
898 702 979 756 simul
996 703 1025 755 in
1041 700 1168 754 mortario
1184 715 1344 764 marmoreo,
1361 701 1465 752 sensim
1480 701 1670 754 effundenda

376 799 436 834 οιιι
449 786 519 834 eoa·
797 789 893 859 Aquae
907 789 1010 843 Hordei
1022 787 1223 856 sesquilibram:

384 863 513 924 Q
673 877 815 930 Colatnrae
826 875 895 928 adde
907 875 1032 928 Succhari
1044 873 1191 943 crystallini
1203 873 1382 942 quantitatem
1394 873 1611 939 sufficientem

674 961 736 1016 Fiat
749 963 869 1027 amulric,
883 961 916 1015 de
932 977 987 1031 qua
1003 961 1079 1014 bibat
1096 958 1245 1014 cochlearia
1262 958 1406 1012 duodecim
1424 971 1529 1030 quarta
1550 979 1664 1031 quaque

672 1048 745 1103 hora.

531 1177 632 1246 [Faria.
646 1175 702 1241 68,]
742 1174 773 1256 R,
794 1179 886 1248 Aquae
898 1176 1008 1230 florum
1020 1175 1185 1247 Paralyaeos,

796 1263 915 1332 [Aquae]
929 1263 1113 1334 Nymphaeae,

797 1353 917 1422 [Aquae]
932 1349 1091 1402 Germinam
1104 1348 1233 1410 Quercus,

794 1437 913 1508 [Aquae]
935 1435 1110 1506 Plautaginia,
1121 1451 1175 1488 ana
1185 1433 1360 1509 semunciam,

796 1525 873 1578 Aceti
888 1523 996 1586 Stillati,

795 1611 888 1680 Aquae
901 1609 1073 1661 cinnamomi
1086 1607 1249 1670 Hordeatae
1261 1623 1313 1660 ana
1325 1606 1468 1659 drachmas
1480 1615 1548 1668 tres,

797 1695 978 1750 consectionis
990 1693 1024 1747 de
1037 1694 1192 1765 Hyacintho
1204 1693 1356 1747 drachmam
1369 1692 1522 1756 dimidiam,

798 1783 894 1852 Syrupi
907 1780 940 1834 de
953 1780 1080 1834 Meconio
1091 1781 1198 1834 unciam
1210 1797 1307 1842 uaam;

672 1869 772 1932 Misce;
791 1869 838 1922 liat
848 1867 960 1921 haustus
970 1866 1037 1920 hora
1047 1867 1134 1920 somni
1146 1863 1297 1920 sumendae
1709 1846 1712 1931 l

580 1991 663 2074 [bd]
699 1989 790 2053 “Die
819 1995 940 2068 octavo,
967 2009 1043 2053 cum
1071 1987 1178 2052 adhuc
1206 1987 1341 2051 instaret
1369 1987 1479 2066 lebria,
1507 1990 1646 2071 sanguis
1710 2022 1711 2045 r

531 2091 640 2156 urinae
660 2091 822 2154 immistus
842 2091 1000 2175 copiosius
1017 2090 1129 2169 exiret,
1145 2097 1178 2154 et
1196 2089 1362 2173 petechiae
1382 2089 1417 2152 in
1436 2111 1643 2173 praememo

530 2193 608 2256 ratis
630 2192 775 2276 partibus
797 2214 987 2257 numerosae
1009 2199 1242 2277 comparerent,
1260 2192 1370 2256 omnia
1390 2193 1471 2256 haee
1493 2203 1642 2277 sympto

530 2301 618 2360 mata
633 2315 652 2358 a
671 2295 836 2380 sanguinis
853 2296 966 2375 calore,
982 2295 1151 2374 tenuitate,
1168 2302 1201 2359 et
1221 2295 1404 2372 acrimonia,
1420 2294 1498 2358 oriri
1512 2299 1639 2380 conjec

529 2405 613 2478 tana,
626 2397 816 2484 sanguinem
832 2399 974 2464 secunda
984 2398 1052 2462 vice
1067 2397 1224 2476 detraxit3
1239 2397 1454 2461 liberaliorem
1469 2399 1638 2462 cerevisiae

529 2499 635 2564 tenuia
660 2519 766 2580 usum,
789 2501 841 2566 cui
866 2499 984 2564 vitrioli
1009 2498 1139 2583 spiritus
1165 2499 1208 2563 ad
1236 2507 1366 2582 gratum
1392 2519 1523 2564 acorem
1548 2501 1635 2583 prius

530 2601 752 2684 instillabatur,
769 2603 943 2682 concessit5
967 2623 1063 2687 quam
1082 2624 1157 2668 cum
1171 2602 1330 2666 fastidiret
1350 2622 1455 2685 aeger,
1471 2613 1633 2687 posaetum

530 2726 548 2770 e
568 2727 661 2772 succo
675 2705 834 2774 limorum
854 2714 886 2772 et
901 2707 984 2770 lacte
1004 2705 1035 2769 ei
1048 2704 1192 2785 indulsit,
1206 2706 1258 2769 nti
1276 2705 1374 2769 etiam
1389 2704 1551 2769 limonnm
1565 2706 1631 2789 pul-

529 2829 603 2894 pam
621 2807 656 2872 in
673 2808 805 2874 taleolas
821 2809 953 2874 divisam
973 2815 1006 2872 et
1025 2807 1175 2897 saccharo
1193 2807 1382 2872 involutam.
1428 2807 1582 2872 Addebat
1600 2815 1630 2873 et

529 2910 695 2996 sequentia
706 2936 758 2976 :—

529 3045 631 3116 [Fam.
644 3049 702 3117 na]
740 3043 770 3114 R
791 3047 939 3102 Consertae
952 3045 1073 3116 Lujulae,

792 3133 967 3200 [conservae]
982 3130 1155 3201 cynorrhodi,
1168 3147 1220 3184 ana
1232 3130 1405 3193 semunciam,

792 3217 972 3272 Conlectionia
984 3215 1017 3270 de
1031 3216 1185 3286 Hyacinthe
1197 3215 1336 3270 drachmas
1349 3224 1410 3276 tres,

793 3301 941 3358 Diascordii
954 3302 1207 3372 aesquidrachmam,

791 3389 900 3444 Corallii
913 3389 998 3444 Rubri
1009 3391 1167 3460 praeparati,

791 3475 936 3544 Sanquinii
950 3475 1088 3540 Draconis,

790 3561 851 3615 Bali
864 3561 1003 3624 Armenae,
1014 3578 1067 3615 ana
1077 3562 1228 3632 scrupulum
1241 3578 1334 3627 unum,

790 3647 886 3718 Syropl
895 3641 932 3700 'de
945 3647 1101 3718 symphyto,

790 3733 901 3804 [Syrupl
913 3731 960 3800 de]
975 3731 1108 3797 Pilosella,
1120 3751 1173 3787 ana
1184 3735 1363 3803 quantitatem
1375 3734 1549 3788 sufficientem

666 3825 697 3874 ut
710 3817 756 3874 flat
767 3819 864 3890 opleta,
877 3817 910 3872 de
921 3835 975 3890 qua
988 3817 1077 3888 capiat
1089 3821 1266 3888 quantitatem
1278 3821 1417 3874 avellanae
1433 3830 1511 3874 sexta
1522 3836 1618 3890 quaque

666 3903 738 3970 hora,
751 3903 943 3978 surperbibeudo
958 3905 1112 3959 haustulum
1127 3907 1178 3960 seri
1189 3907 1266 3960 lactis
1279 3924 1357 3960 sucro
1371 3907 1503 3961 limonrma
1520 3906 1580 3959 lacti
1594 3915 1618 3958 et

665 3991 789 4048 aaouhtro
805 3993 866 4048 albu
881 3991 1035 4054 edulcorati,
1047 3991 1088 4046 rcl
1107 3991 1218 4046 Deeocti
1234 3993 1385 4047 Vulnerarii
1403 3993 1504 4063 Spiritu
1522 3991 1614 4045 lhtrioli

666 4077 801 4136 aoldulatl.

571 4205 591 4236 “
603 4199 747 4266 linuatus
759 4199 909 4264 hesterna
919 4205 1015 4264 nocte
1029 4198 1243 4282 praescriptus
1256 4205 1422 4282 repetatur
1431 4219 1507 4263 cnm
1518 4195 1612 4282 sympi

526 4301 566 4368 do
582 4301 727 4370 maeonio
742 4301 902 4368 drachmis
917 4301 1040 4366 decom.

575 4405 657 4490 [oa]
685 4411 706 4442 “
718 4403 815 4472 Nono
830 4403 890 4484 dic,
913 4403 1077 4488 potechiae
1098 4403 1255 4488 paulatim
1271 4403 1515 4480 euanescebant,
1530 4401 1611 4465 urina

526 4505 633 4570 mirum
653 4507 810 4592 imaginine
835 4505 988 4584 scatebat,
1010 4507 1128 4592 quique
1152 4507 1257 4572 inerat
1276 4507 1408 4591 sanguis
1428 4505 1551 4570 facilius
1569 4525 1609 4568 se·

526 4605 707 4692 parabattu,
725 4619 757 4674 ot
773 4609 915 4674 matulae
933 4609 1072 4674 fundum
1090 4609 1243 4675 libentius
1263 4610 1411 4694 petebat:
1435 4607 1609 4672 hortabatur

526 4711 634 4796 itaquo
653 4731 785 4794 aogmata
801 4717 837 4775 nt
858 4709 891 4774 in
911 4711 1124 4778 rcmcdiomm
1138 4713 1253 4778 horum
1267 4737 1330 4779 nau
1350 4719 1568 4798 perseveraret,
1580 4719 1607 4773 et
