3825 5759
538 614 603 676 592
842 612 1038 677 ΤΗΟΜΑΕ
1062 612 1320 677 SYDENHAM

399 789 442 838 Da
454 789 513 838 Lar
535 777 605 841 lum
618 752 904 861 reprimendusest
918 775 1160 841 medicamentis
1174 774 1357 838 catharticie
1372 773 1481 840 donec
1497 776 1640 842 debitum

382 854 674 964 Ἥρω
687 879 839 961 attingat.

582 982 644 1067 [5.]
672 980 921 1064 Quamprimum
941 985 1157 1063 symptomata
1174 980 1375 1059 cessaverint,
1392 982 1511 1045 statim
1528 982 1641 1047 immu-

531 1090 644 1149 tentur
665 1082 832 1147 indusium
853 1089 887 1146 et
908 1082 973 1146 tori
993 1082 1113 1160 lintea;
1135 1088 1170 1145 at
1191 1082 1257 1146 sint
1279 1102 1318 1146 ea
1332 1104 1414 1167 quae
1436 1084 1538 1167 prius
1553 1106 1642 1149 usur·

531 1193 610 1270 pata
622 1185 754 1249 iruerint.

582 1287 644 1371 [6.]
673 1287 709 1350 Si
734 1286 903 1351 dimhoca
924 1285 1154 1369 supervenerit,
1180 1286 1278 1369 (quod
1302 1286 1496 1371 plenumque
1527 1288 1643 1353 accidit

533 1395 708 1473 antequem
722 1388 867 1453 salivatio
879 1388 965 1453 bene
984 1388 1153 1471 assurgat)
1170 1396 1250 1452 tunc
1265 1388 1407 1453 sistenda
1423 1396 1475 1453 est
1490 1412 1564 1453 usu
1578 1392 1643 1453 lan·

533 1492 612 1557 deni
627 1491 752 1575 liquidi,
767 1491 815 1555 its
833 1491 929 1555 dosin
948 1489 1098 1573 augendo
1118 1496 1215 1574 atque
1233 1490 1408 1574 repetendo
1426 1496 1466 1555 ut
1488 1492 1643 1556 debitum

532 1617 613 1679 opus
627 1594 781 1659 absolvat.

580 1697 666 1785 [7.]1ι
689 1698 726 1761 Si
739 1719 775 1761 os
794 1696 1006 1775 exulceretur,
1021 1718 1105 1780 aque
1123 1718 1268 1761 rosarum
1284 1696 1581 1776 Damascennrnm,
1597 1696 1645 1760 rel

531 1800 615 1865 lacte
629 1821 732 1885 aquae
744 1798 975 1884 permisto,ch
988 1800 1137 1883 sequenti
1151 1799 1290 1877 decocto,
1306 1798 1392 1863 idem
1410 1798 1583 1863 colluatur
1594 1825 1646 1863 :-

532 1934 634 1998 [rom.
647 1934 723 1999 m]
761 1932 793 2003 a
813 1935 923 1997 mnes
934 1934 1073 1999 nume,

815 2020 919 2074 Hordei
930 2020 1063 2085 mundati,
1074 2032 1127 2073 unu
1137 2022 1244 2075 unciam
1257 2038 1347 2087 unam,

813 2106 954 2161 Sentinum
966 2108 1147 2179 Cydoniorum
1157 2109 1345 2171 semiunciam

671 2192 765 2261 coque
781 2191 929 2246 sufficiente
945 2195 1094 2265 quantitate
1112 2212 1196 2265 equae
1211 2194 1245 2249 ad
1263 2195 1343 2249 libras
1360 2194 1440 2249 duaa:
1464 2197 1569 2259 misce3
1596 2198 1645 2249 fiat

671 2279 846 2348 gatgeriam,
858 2295 911 2348 quo
922 2280 1027 2349 saepius
1039 2288 1137 2333 utatur.

378 2419 501 2467 nisena
579 2396 642 2485 [8.]
666 2398 784 2463 Diaeta
805 2406 839 2462 ct
863 2398 1025 2483 reliquum
1047 2400 1136 2483 aegri
1156 2400 1301 2483 regimen
1328 2400 1440 2467 eodem
1461 2422 1500 2466 ac
1521 2402 1559 2467 in
1585 2426 1642 2469 ca-

377 2484 519 2612 ssurffi·
530 2501 633 2566 tharsi
646 2502 844 2586 imperanda,
855 2501 920 2565 nisi
934 2502 1021 2586 quod
1035 2502 1146 2585 primis
1161 2502 1282 2585 aliquot
1293 2501 1405 2567 diebus
1419 2502 1545 2586 liquore
1560 2526 1642 2588 poa-

378 2629 443 2661 meo
531 2604 640 2684 setico,
651 2605 787 2689 jusculis
806 2604 981 2683 avensceis,
996 2604 1189 2683 hordeaceis,
1205 2624 1242 2669 ac
1261 2606 1411 2671 cerevisia
1428 2606 1522 2670 tenui
1542 2614 1641 2691 tepe-

530 2707 626 2787 facta,
640 2708 816 2772 nutriatur.

573 2808 639 2897 [9.]
664 2810 727 2874 His
741 2808 892 2875 omnibus
902 2809 965 2874 rite
978 2810 1125 2895 peractis,
1140 2810 1277 2892 (etiamsi
1292 2817 1507 2896 symptomata
1520 2812 1641 2875 omnia

527 2913 725 2992 evanuerint,
746 2934 784 2977 ac
806 2913 944 2978 subinde
968 2912 1099 2977 morbus
1122 2911 1251 2996 penitus
1273 2912 1435 2996 profligari
1456 2911 1635 2995 videatur,)

527 3037 592 3098 quo
616 3016 725 3080 minus
747 3017 920 3081 recidivam
948 3016 1147 3101 postliminio
1171 3015 1324 3099 patiatru,
1349 3036 1445 3097 aegro
1469 3015 1568 3078 semel
1595 3017 1636 3079 in

528 3117 708 3199 septimane
721 3140 778 3201 per
793 3128 932 3202 quatuor
944 3120 995 3183 vel
1010 3140 1066 3183 sex
1079 3119 1163 3183 vices
1182 3118 1333 3183 mercurii
1347 3116 1448 3181 drdcis
1460 3118 1632 3200 scrupulus

527 3240 613 3284 unus
638 3220 847 3300 exhibendus,
865 3230 1032 3305 utcunque
1055 3221 1138 3286 bene
1162 3242 1196 3286 se
1219 3221 1346 3300 habeat,
1365 3228 1398 3287 et
1418 3220 1544 3285 etiamsi
1560 3222 1631 3304 jam

528 3320 624 3385 domo
638 3322 831 3405 egrediatur.

931 3509 1028 3575 CAP.
1052 3510 1223 3575 XXXVL¹

938 3672 988 3735 De
1002 3673 1114 3737 dicere
1128 3674 1219 3737 Albo.

376 3805 510 3883 Mqrbide·
573 3800 674 3867 Quen
696 3804 807 3883 effluit,
822 3806 919 3872 modo
941 3808 1062 3888 album,
1077 3808 1173 3873 modo
1194 3808 1359 3893 pallidum,
1374 3810 1502 3889 flavum,
1517 3811 1631 3891 viride,

374 3880 480 3935 “⁰⁹⁰²
528 3912 586 3969 aut
601 3904 811 3990 subnigram
834 3910 931 3975 modo
945 3932 1018 3975 acre
1033 3918 1066 3975 et
1081 3911 1215 3975 erodens
1223 3937 1233 3991 3
1255 3920 1375 3977 tetrum
1387 3912 1581 3997 quandoque
1597 3924 1632 3979 et

529 4006 725 4091 graveolcns.
756 4010 969 4077 Decoloratur
983 4014 1080 4078 facies
1089 4039 1099 4093 3
1118 4014 1204 4079 dolet
1220 4015 1312 4097 spina
1326 4014 1412 4078 dorsi
1420 4041 1430 4092 ;
1453 4017 1631 4097 prosterni-

527 4116 584 4173 tur
597 4112 783 4194 appetentia
789 4138 800 4189 ;
815 4114 901 4177 oculi
913 4114 1074 4197 pedesque
1091 4113 1342 4178 intumescunt&

374 4231 505 4281 cosmo.
575 4215 637 4300 [2.]
665 4216 822 4282 Mittatur
836 4219 968 4303 sanguis
983 4240 1001 4283 c
1014 4218 1147 4283 brachio
1162 4218 1203 4282 ad
1217 4218 1329 4283 uncias
1344 4226 1427 4284 octo.

528 4351 631 4420 [Form.
645 4352 732 4416 229]ὶ
754 4351 785 4419 R
806 4352 957 4407 Piluiarum
969 4353 1129 4408 Cochiarum
1142 4352 1277 4425 Majorum
1290 4354 1425 4425 scrupulos
1438 4353 1513 4415 duos,

807 4442 926 4495 Castorei
938 4459 1023 4513 grans
1034 4441 1096 4508 duo,

810 4526 931 4581 Beiscmi
943 4528 1087 4583 Peruvisni
1099 4540 1189 4600 guttas
1201 4539 1270 4595 πως

558 4652 573 4690 h
591 4656 629 4704 Cf.
641 4660 697 4704 itia
710 4661 722 4719 5
735 4658 766 4705 36
779 4672 813 4720 aq.
1098 4662 1190 4709 linteolo
1199 4669 1306 4721 exceptor
1317 4668 1340 4709 et
1352 4674 1441 4709 rerem
1452 4662 1570 4709 raderetur
1582 4666 1629 4709 hs-

558 4718 566 4753 ¹
584 4720 622 4770 Cf.
635 4724 711 4780 epea
722 4724 830 4782 Rerpcaa
844 4724 863 4771 1.
876 4726 888 4782 ἦ
901 4726 932 4771 35
945 4738 980 4785 sq.
1099 4741 1180 4773 morem
1192 4728 1297 4775 ostendit.

558 4782 569 4813 ι
586 4784 681 4845 ἕψοι]
694 4785 757 4832 Add.
765 4787 801 4833 ed.
812 4788 860 4844 ⁹9³,
873 4788 940 4835 oser
950 4790 1055 4835 eoliuoiei
1131 4784 1138 4821 ¹
1156 4790 1195 4837 Cf.
1209 4790 1304 4838 fenum.
1317 4790 1356 4847 74,
1371 4790 1423 4837 132
