3825 5759
518 644 584 711 476
820 644 1016 711 ΤΗΟΜΑΕ
1041 642 1301 709 SYDENHAM

381 826 423 873 Da
437 826 491 873 Ηι-
516 819 633 903 largita
654 825 712 899 est,
729 842 792 904 quo
813 820 853 885 de
869 821 925 885 illa
948 821 1042 893 docte
1062 820 1181 905 nugari
1202 825 1341 905 queant;
1364 825 1399 883 at
1412 816 1624 903 prudentiam

363 905 504 971 Q
517 945 584 988 non
599 923 698 1003 dedit,
715 946 779 1008 qua
791 925 988 1008 intelligant,
1004 948 1038 989 se
1050 947 1122 989 cam
1132 924 1220 989 band
1235 925 1329 989 aliter
1344 924 1424 988 scire
1438 944 1541 1007 posse,
1556 920 1623 985 nisi

517 1025 714 1109 experientia
732 1026 838 1091 indice
859 1034 957 1111 etque
979 1029 1049 1113 ejus
1070 1028 1202 1113 peplum
1215 1030 1396 1093 revelante:
1420 1026 1550 1111 quando
1565 1025 1623 1090 ab·

513 1129 630 1215 jectior
652 1131 813 1195 humanae
837 1138 974 1195 naturae
1005 1130 1157 1209 conditio,
1179 1131 1221 1194 ad
1244 1130 1412 1194 scientium
1435 1128 1622 1193 intuitivam

516 1234 703 1298 nullatenus
733 1254 914 1318 assurgens,
944 1235 1033 1297 intra
1068 1240 1223 1317 angustos
1252 1233 1445 1317 cognitionis
1474 1254 1573 1316 quam
1603 1254 1625 1295 a

519 1339 662 1423 quinque
685 1337 832 1401 sensibus
851 1338 982 1401 haurire
1004 1344 1121 1421 potest,
1143 1337 1264 1401 limites
1286 1343 1477 1401 coarctetur.
1522 1333 1623 1399 Unde

519 1441 728 1505 nihilominus
748 1440 796 1504 vir
812 1442 953 1523 proderes
979 1440 1150 1524 (quantum
1178 1439 1242 1504 fert
1266 1460 1334 1504 sors
1356 1437 1523 1520 humana)
1549 1437 1623 1521 quis

518 1551 626 1629 potest
663 1544 814 1623 evadere3
847 1544 1050 1625 philosophus
1084 1563 1159 1606 vero
1192 1541 1318 1624 (saltem
1346 1560 1406 1623 pro
1443 1538 1623 1621 augustiori

518 1648 616 1731 hujus
638 1647 778 1711 nominis
798 1646 989 1731 majestate)
1006 1666 1103 1710 nemo
1124 1644 1311 1709 mortalium
1333 1642 1446 1707 evadet
1464 1664 1621 1725 unquam.

520 1750 643 1815 Medici
666 1758 776 1815 sutem
798 1750 1002 1834 philosophia
1024 1750 1129 1814 omnis
1152 1750 1189 1814 in
1212 1748 1411 1834 expiscandis
1434 1748 1624 1812 morborum

518 1854 671 1932 historiis,
686 1855 789 1938 iisque
808 1854 959 1917 remediis
978 1852 1168 1917 adhibendis
1184 1874 1266 1936 quae
1284 1852 1495 1936 (experientia
1514 1851 1624 1915 indice

519 1979 556 2021 ac
578 1956 754 2039 magistra)
773 1956 902 2021 eosdem
924 1957 1034 2020 valent
1058 1956 1226 2039 depellere,
1249 1961 1320 2019 tota
1342 1961 1428 2033 stat}
1456 1953 1625 2018 observata

519 2065 630 2122 tamen
663 2058 712 2141 (ut
742 2058 818 2121 alibi
845 2058 963 2141 [Epist.
986 2058 1134 2140 Respom.
1157 2060 1185 2122 I.
1211 2062 1229 2145 p
1253 2058 1321 2143 16.]
1350 2057 1438 2141 dixi)
1470 2057 1625 2121 medendi

519 2159 683 2237 methodo,
708 2180 804 2242 quam
827 2166 917 2223 recta
935 2159 1019 2223 ratio
1044 2161 1122 2242 (non
1143 2160 1400 2244 speculationum
1422 2159 1625 2239 commentis,

521 2260 578 2325 sed
588 2260 666 2325 trito
676 2267 714 2324 -et
729 2260 870 2325 naturali
884 2262 1049 2345 cogitandi
1062 2264 1169 2345 modo,
1183 2265 1317 2349 innixa)
1335 2264 1366 2329 ei
1380 2264 1558 2330 dictaverit.

855 2533 1300 2614 Posrsculrrour.

368 2704 504 2773 praescrip·
567 2696 702 2762 Laeron
723 2696 804 2761 mihi
825 2696 953 2761 veniam
975 2697 1140 2773 concedat,
1161 2697 1189 2761 si
1209 2719 1315 2762 unum
1335 2696 1424 2762 haud
1444 2696 1534 2782 parvi
1554 2702 1625 2761 tam

368 2779 423 2821 tum
452 2790 465 2821 e

370 2836 447 2887 Febre

521 2801 559 2866 in
579 2801 804 2885 dignoscendis
823 2823 920 2886 quam
944 2800 1096 2865 curandis
1115 2801 1272 2866 Febribus
1291 2802 1450 2866 momenti
1471 2801 1524 2865 hic
1544 2802 1624 2887 adji-

370 2902 495 2967 hyemali,
523 2906 617 2987 ciam,
640 2906 727 2991 quod
751 2906 815 2971 nisi
838 2906 1014 2971 memoriae
1042 2904 1123 2969 mihi
1148 2905 1319 2984 exciderat,
1341 2904 1412 2969 loco
1436 2904 1540 2988 magis
1565 2926 1625 2968 suo

372 4676 443 4753 cnjus
454 4676 479 4726 hi

373 4748 442 4801 tona,

523 3011 698 3076 dicendum
717 3011 832 3075 fuerat.
878 3010 1053 3075 Observavi
1075 3009 1160 3093 quod
1181 3009 1316 3093 singulis
1336 3008 1431 3073 annis
1450 3008 1491 3073 ab
1508 3008 1625 3092 hyeme

524 3115 691 3198 ingruenti
713 3134 819 3200 usque
849 3115 971 3179 adver
996 3114 1145 3180 adultum
1170 3112 1281 3177 Febris
1308 3112 1465 3197 quaedum
1489 3111 1625 3191 invadit,

524 3242 607 3303 quae
621 3228 690 3284 tam
707 3220 812 3304 quoad
827 3226 1044 3303 symptomata
1057 3239 1156 3301 quam
1178 3216 1379 3281 curationem
1394 3238 1414 3280 a
1429 3215 1628 3279 Stationaria

527 3323 605 3407 (sive
620 3324 722 3388 Febre
738 3322 925 3407 Epidemica
940 3320 1192 3386 Constitutionis
1208 3319 1365 3404 generalis
1381 3338 1463 3403 quae
1481 3324 1555 3380 tum
1569 3316 1626 3380 ob-

524 3425 631 3507 tinet)
649 3425 745 3508 plane
760 3424 928 3507 discrepat,
943 3424 1142 3507 proindeque
1156 3423 1192 3487 in
1207 3422 1360 3487 Febrinm
1376 3444 1455 3506 quas
1468 3422 1626 3485 Interocr-

524 3535 627 3592 reutes
642 3528 766 3612 appello
780 3528 913 3592 classem
928 3528 1124 3592 recensenda
1138 3534 1197 3592 est.
1248 3527 1309 3612 [2.]
1337 3524 1520 3610 Frigiditati
1541 3524 1626 3589 atris

524 3652 593 3693 una
607 3651 681 3693 cum
697 3629 839 3693 crassitie
859 3650 895 3693 ac
913 3630 1109 3694 humiditate
1126 3630 1272 3714 ejusdcm
1288 3630 1345 3694 illa
1361 3629 1519 3713 originem
1534 3649 1626 3692 suam

524 3731 643 3795 debere
657 3730 800 3795 videtin:
823 3732 900 3796 hinc
915 3733 1003 3796 enim
1017 3732 1088 3816 pori
1108 3733 1192 3796 cutis
1207 3734 1431 3812 occluduntur,
1446 3739 1480 3797 ct
1495 3732 1625 3815 sanguis

526 3832 568 3897 ob
583 3832 772 3917 impeditam
786 3835 1070 3918 transpirationem
1084 3835 1219 3900 colluvie
1234 3858 1341 3900 serosa
1354 3842 1517 3915 oneratam,
1533 3855 1626 3919 qnae,

524 3932 658 3997 tandem
673 3932 804 3998 inimica
817 3935 911 4015 sacta,
932 3958 970 4000 ac
990 3937 1191 4003 diuturniore
1208 3960 1301 4031 mora
1318 3944 1515 4022 putrescens,
1533 3938 1627 4000 facile

525 4036 618 4100 vela
643 4042 790 4121 suscepto
812 4037 941 4122 frigore,
967 4040 1018 4103 vel
1044 4040 1146 4105 clevi
1173 4042 1280 4125 aliqua
1299 4042 1477 4120 occasione,
1502 4038 1624 4104 febrem

525 4138 682 4203 accendit.
730 4140 765 4204 Si
776 4142 912 4206 materia
925 4143 1075 4208 morbum
1090 4144 1295 4209 committens
1310 4145 1438 4229 copiosa
1452 4142 1627 4209 admodum

523 4242 633 4322 fuerit,
665 4264 703 4307 ea
731 4244 829 4309 febris
855 4247 992 4331 emergit
1019 4269 1116 4331 quum
1143 4246 1202 4311 sub
1228 4248 1325 4312 titulo
1351 4249 1628 4331 Penpneumoniae

523 4348 649 4411 Nothoe
667 4348 749 4413 libro
768 4350 818 4413 De
831 4350 955 4414 Morbis
969 4351 1091 4430 Aratis,
1109 4350 1250 4415 sectione
1270 4358 1368 4431 sexta,
1387 4352 1492 4436 capite
1512 4358 1628 4435 quarto

525 4449 695 4535 descripsi;
720 4453 769 4516 sin
793 4460 903 4517 entem
926 4454 1044 4519 humor
1065 4456 1127 4519 iste
1156 4455 1265 4518 minus
1287 4462 1478 4532 scatentes
1506 4454 1626 4518 solum·
1758 4507 1759 4518 ,

524 4554 622 4618 modo
646 4563 861 4639 symptomata
878 4558 1032 4641 'producit
1055 4557 1225 4641 quaejam
1247 4556 1371 4641 [sumt]
1397 4557 1626 4642 descripmrus.

481 4694 505 4726 s.
531 4656 592 4740 [3.]
620 4657 728 4741 Aeger
743 4680 801 4743 per
819 4660 905 4723 diem
922 4682 1028 4724 unum
1042 4661 1093 4724 vel
1110 4660 1248 4723 alterum
1264 4667 1338 4743 post
1356 4660 1498 4743 primum
1514 4659 1627 4725 Febris

526 4758 685 4822 insultum
700 4781 789 4825 nuno
799 4761 974 4841 incalescit,
986 4782 1075 4826 nunc
1088 4761 1186 4845 fiigct
1194 4788 1204 4841 3
1227 4762 1268 4826 de
1283 4762 1392 4828 dolore
1403 4762 1517 4847 capitis
1531 4770 1629 4847 atque

546 4886 670 5010 &FIDEedt
685 4887 710 4935 iu
724 4888 759 4937 ed.
775 4890 822 4937 '83.
858 4888 896 4938 Cs.
910 4892 990 4938 Sclsed.
1009 4890 1060 4936 Mo-
1140 4888 1247 4954 ¹1[susa]
1261 4892 1302 4940 Sic
1313 4892 1366 4942 cdd.
1376 4898 1474 4949 recent,
1485 4906 1534 4939 om.
1546 4890 1605 4954 Syd.

530 4968 545 5000 n
569 4986 574 4999 .
601 4988 606 4999 .
672 4968 707 5014 sq.
