3825 5759
447 632 842 698 OBSERVATIONUM
866 634 1152 699 MEDICARUM
1177 642 1218 695 11.
1234 648 1262 695 2.
1344 636 1402 695 101

301 800 367 857 tur.
398 793 474 857 Jam
489 792 517 855 si
531 792 743 859 inflammatio
758 793 863 859 adhuc
876 794 1039 859 remissior
1052 794 1179 872 existat,
1191 792 1310 859 Febres
1325 814 1404 877 quas
1439 803 1538 853 Ferro

302 896 488 961 Pestilenter
502 895 599 978 vulgo
614 896 786 979 appellant,
801 896 977 979 producere
992 898 1073 964 solet
1081 923 1091 975 ;
1113 904 1152 961 ut
1171 897 1207 961 in
1221 898 1287 961 fine
1301 895 1403 961 Pesti-
1423 868 1553 981 {3⁸}ssssss

303 998 401 1063 lentis
423 998 663 1063 constitutionis
689 1020 917 1083 saepenumero
940 1000 1066 1080 accidit,
1089 1022 1127 1065 oc
1147 1000 1283 1065 forsitan
1305 1000 1404 1065 etiam
1416 996 1556 1046 Assoron

303 1122 371 1165 uno
394 1101 533 1165 alterove
554 1110 627 1185 post
649 1124 745 1183 auno,
762 1103 864 1168 donec
878 1104 942 1169 ista
955 1103 1110 1169 Febrium
1132 1102 1252 1187 species
1273 1124 1403 1188 prorsus
1416 1063 1557 1199 ωξέ-Σὲ-

304 1202 476 1287 dlflpffeab.
1417 1222 1522 1291 snutre-

354 1306 436 1391 [13.]
464 1306 561 1372 Certe
597 1308 661 1390 (me
691 1308 823 1393 judice)
854 1308 891 1373 iu
924 1309 1180 1375 inflammatione
1210 1308 1275 1375 ista
1307 1330 1404 1393 quam
1416 1296 1543 1417 {3⁰32

305 1410 417 1473 Iatini
439 1410 545 1493 Ignem
565 1412 697 1475 Samma
720 1413 892 1496 appellant,
918 1412 1081 1495 quandam
1103 1413 1207 1477 Pestis
1228 1413 1405 1495 imaginem
1417 1420 1549 1495 perpetu

304 1533 374 1576 non
393 1512 563 1577 obscuram
581 1513 703 1579 intueri
723 1515 818 1579 licet:
841 1521 921 1581 “est
943 1516 1031 1579 enim
1053 1515 1185 1579 morbus
1207 1516 1282 1579 hio’'
1308 1498 1544 1611 (apudiffim

305 1614 448 1679 saniores
459 1615 628 1699 Medicus)
643 1617 766 1682 “febris
777 1617 941 1694 continua,
952 1640 972 1681 a
982 1617 1149 1701 sanguinis
1163 1624 1255 1701 purte
1264 1617 1406 1683 tenuiori

305 1724 457 1801 corrupte
469 1739 508 1782 ec
527 1719 727 1784 inflammata
742 1720 902 1803 originem
924 1720 1046 1785 ducens
1054 1746 1065 1799 ;
1088 1741 1153 1804 qua
1170 1727 1210 1785 ut
1223 1719 1353 1784 Natura
1372 1740 1406 1782 se

305 1818 431 1897 liberet,
446 1840 517 1884 eam
532 1820 567 1884 in
581 1822 722 1906 corporis
737 1822 877 1907 sliquam
890 1830 1016 1906 partem
1034 1829 1201 1887 externam
1216 1822 1356 1907 expellit,
1371 1821 1406 1886 in

305 1944 371 2005 qua
381 1928 499 2001 tumor,
515 1931 572 1988 aut
588 1925 696 2007 potius
719 1926 805 2007 (cum
825 1932 934 1991 tumor
955 1925 1037 1990 adeo
1054 1924 1206 1990 notabilis
1226 1945 1321 2009 saepe
1338 1946 1406 1990 nou

306 2027 479 2109 appareat)
494 2027 620 2091 mocula
633 2028 740 2107 rubro,
752 2029 828 2108 lata,
838 2029 989 2114 dispersa,
1002 2050 1100 2114 quam
1113 2049 1218 2093 rorem
1231 2029 1405 2113 appellant,

306 2127 437 2192 oritur.'‘
467 2129 609 2194 Solvitur
617 2137 726 2196 antem
734 2132 798 2197 ista
808 2131 930 2212 Febris,
939 2140 1111 2217 postquam
1119 2154 1186 2197 uno
1197 2138 1295 2215 atque
1303 2132 1405 2197 altero

306 2228 360 2293 die
385 2252 519 2314 aegmm
545 2231 665 2310 afflixit,
685 2234 795 2299 critioe
819 2256 877 2318 per
900 2236 990 2299 hunc
1012 2243 1185 2315 tumorem,
1211 2242 1245 2299 et
1270 2235 1405 2319 proinde

306 2332 480 2416 aliquando
503 2334 539 2398 iu
565 2336 726 2419 glandulis
751 2337 812 2401 sub
834 2337 893 2401 alis
916 2339 967 2403 vel
985 2338 1022 2402 iu
1039 2337 1228 2425 inguinibus
1250 2337 1351 2417 dolor,
1363 2345 1404 2402 ut

306 2436 406 2501 etiam
427 2437 463 2501 in
485 2438 581 2503 Peste
602 2438 672 2503 fieri
692 2440 868 2505 cousuevit.
918 2442 1001 2526 [m]
1029 2442 1104 2506 “Et
1117 2442 1185 2506 fere
1197 2441 1322 2505 invadit
1342 2441 1405 2505 hoc

306 2539 439 2619 malum,
448 2547 488 2605 ut
496 2539 695 2621 Pestilentia,
707 2562 781 2607 cum
790 2544 922 2609 horrore
933 2553 968 2609 et
980 2544 1165 2628 insequenti
1174 2544 1280 2607 calore
1288 2543 1404 2623 febrili,

306 2642 355 2707 ita
368 2650 406 2707 ut
420 2644 476 2727 qni
490 2643 597 2728 ipsum
611 2652 687 2709 onte
702 2667 769 2710 non
784 2654 860 2711 snut
875 2647 970 2731 pessi,
982 2648 1167 2711 existiment
1181 2647 1235 2711 lue
1249 2646 1407 2710 Pestifera

305 2766 343 2809 se
362 2745 487 2829 corripi,
503 2746 605 2827 donec
622 2748 755 2813 tandem
770 2748 806 2813 in
827 2770 919 2814 crure
935 2755 992 2813 aut
1011 2749 1075 2813 alio
1095 2750 1166 2812 loco
1180 2769 1249 2812 sese
1271 2749 1404 2812 affectius

306 2848 455 2932 prodat.”
502 2849 598 2931 (Vide
619 2851 824 2931 Sennertum,
846 2852 910 2935 [De
923 2852 1028 2934 Feta]
1047 2850 1103 2915 lib.
1118 2850 1153 2913 ii.
1168 2871 1236 2932 cap.
1255 2851 1306 2912 16.
1323 2850 1404 2913 “De

307 2950 401 3016 Febr.
425 2952 550 3037 Sympt.
567 2954 721 3019 Contin.''
746 2955 796 3040 [in
816 2954 893 3036 Opp.
908 2961 934 3019 t.
949 2954 991 3016 vi.
1006 2976 1059 3037 pp.
1074 2955 1150 3032 407,
1166 2952 1230 3035 8.])
1277 2950 1404 3017 Quibus

307 3054 431 3119 aeceffit
453 3054 538 3139 quod
558 3064 591 3121 et
608 3058 744 3141 maligni
765 3056 886 3140 aliquid
902 3056 979 3120 huic
999 3054 1113 3120 morbo
1131 3055 1237 3118 inesse
1255 3051 1406 3117 nonnulli

306 3158 459 3224 authores
470 3158 683 3241 suspicentur,
694 3180 732 3225 ao
745 3159 880 3244 proinde
894 3159 1095 3224 curationem
1104 3158 1141 3223 in
1155 3156 1407 3221 sudoriferorum

307 3266 406 3344 atque
417 3260 744 3345 alexipharmacorum
754 3284 817 3327 usu
826 3262 1040 3327 constituunt.
1072 3262 1163 3326 Haeo
1174 3260 1304 3345 quidem
1315 3259 1405 3323 flam·

307 3362 434 3441 me,ubi
442 3363 664 3429 ebullitionem
673 3365 880 3431 commoverit
889 3366 981 3449 cnjus
989 3362 1228 3449 opeparticulse
1239 3360 1406 3446 sanguinis

307 3464 480 3530 leviusurle
490 3467 653 3532 ustulatse
667 3489 704 3532 sc
719 3468 810 3551 quasi
825 3467 992 3551 syderatao
1006 3466 1095 3531 brevi
1105 3465 1209 3550 spatio
1219 3464 1305 3529 foras
1319 3463 1406 3528 sble·

307 3573 439 3649 gantur,
451 3574 565 3651 sponte
579 3591 648 3648 sus,
658 3591 720 3635 neo
733 3570 919 3635 ulteriorem
932 3591 1051 3634 noxam
1061 3568 1184 3646 molita,
1194 3566 1405 3649 extinguitur.

357 3670 440 3754 [15.]
467 3670 692 3737 Veruntamen
709 3673 794 3756 ignis
815 3680 926 3739 noster
946 3674 1010 3737 isto
1032 3674 1130 3737 Sacro
1154 3672 1251 3754 longe
1272 3670 1408 3733 divinior

308 3780 368 3852 est,
383 3770 502 3857 utqui,
518 3796 717 3860 summaque
724 3776 823 3861 pollet
835 3775 1034 3841 substantiae
1042 3774 1212 3852 tenuitate,
1227 3772 1407 3837 intimiores

308 3876 448 3960 eorporis
458 3896 601 3941 recessus
612 3878 669 3961 (sd
682 3879 785 3943 instar·
794 3878 948 3963 fulgebi)
960 3898 1125 3963 permeare
1135 3884 1230 3961 optus
1244 3882 1342 3939 uatus
1353 3872 1405 3952 sit,

309 3979 474 4063 spiritibus
503 3980 625 4046 cruoris
650 3981 824 4066 derepente
852 3982 1038 4065 profligatis,
1060 3982 1223 4067 ipsiusque
1251 3999 1406 4063 compage

309 4102 544 4168 nonuunquam
565 4083 660 4148 citius
682 4083 846 4165 dissoluto,
862 4106 956 4168 quam
978 4084 1117 4162 Natura,
1136 4082 1304 4166 praecipiti
1320 4081 1406 4143 malo

308 4204 469 4269 oppressa,
483 4184 705 4253 ebullitionem
719 4186 865 4252 febrilem
886 4188 1064 4271 (solennem
1080 4206 1198 4267 nempe
1211 4183 1405 4261 machinam,

309 4307 383 4371 qua,
398 4288 551 4372 quicquid
572 4288 724 4373 sanguini
741 4290 897 4355 infestum
917 4297 976 4367 est,
996 4289 1101 4352 suise
1122 4286 1241 4350 finibus
1260 4304 1407 4348 amovere

309 4392 449 4474 mugit)
467 4390 628 4456 concitare
643 4393 757 4457 valeat.
1419 4437 1517 4488 ΡΜ
1528 4441 1559 4488 rs

358 4493 441 4577 [16.]
470 4494 567 4559 Quod
582 4494 610 4557 si
625 4494 696 4578 quis
710 4492 791 4559 mibi
812 4492 866 4558 hic
879 4493 972 4558 litem
986 4498 1077 4576 paret
1093 4491 1134 4556 de
1148 4512 1197 4571 eo,
1212 4490 1299 4575 quod
1318 4490 1407 4555 hunc
1419 4502 1558 4581 insumus

309 4595 460 4660 morbum
481 4595 523 4659 ab
542 4596 796 4661 inflammatione
817 4596 894 4661 oriri
916 4594 1150 4673 existimem,is
1171 4594 1321 4658 attendat
1339 4613 1407 4657 non
1419 4573 1554 4693 {fffln

310 4698 407 4763 modo
417 4698 529 4763 Febris
536 4698 762 4785 praesentiam,
775 4699 830 4763 sed
842 4706 875 4764 et
887 4698 1053 4781 complura
1060 4697 1124 4762 olio
1136 4696 1212 4762 huic
1227 4695 1407 4761 sententiae
1419 4709 1559 4807 3⁸ng

311 4800 497 4885 mffregmi:
523 4823 639 4886 nempe
662 4800 827 4886 sanguinis
850 4798 987 4868 demeti
1008 4797 1155 4879 colorem,
1178 4800 1234 4882 qui
1261 4796 1406 4882 pleuriti·
1420 4829 1465 4871 tur.
