3825 5759
508 611 603 723 us
775 660 777 664 ’
825 658 1020 723 uuonan
1044 656 1304 724 svnnuurru

355 838 498 889 viriumr
511 819 757 886 confluentibus
771 820 823 884 rel
840 820 1044 903 pustularum
1064 819 1225 904 depressio
1244 820 1322 884 mali
1337 820 1513 905 quidquam
1531 821 1613 885 omi·

357 903 497 1017 mm
510 930 617 1002 natur,
633 944 707 986 cum
723 943 761 986 ea
783 922 824 986 rit
839 922 943 985 morbi
965 929 1099 1000 natura3
1119 944 1228 1006 neque
1251 924 1419 989 diarrhoea
1436 925 1613 989 infantium

357 1032 498 1113 Q
510 1025 625 1088 iisdem
638 1024 864 1104 laborantium,
880 1046 955 1089 cum
970 1025 1107 1089 salutem
1121 1027 1185 1091 ista
1199 1027 1332 1106 adferat,
1341 1050 1407 1093 non
1421 1030 1611 1111 periculum.

357 1121 484 1233 {lstgrhl‘lff
511 1127 554 1190 ln
568 1134 706 1209 utroque
720 1127 781 1191 hoc
802 1148 878 1190 casu
892 1127 981 1210 potio
995 1128 1141 1192 cardiace
1155 1150 1194 1192 ex
1208 1129 1299 1212 aquis
1314 1130 1479 1194 stillatitiis
1498 1152 1613 1215 appro-

357 1200 498 1325 bisciillsm
511 1228 633 1311 priatis,
660 1250 735 1292 cum
765 1228 951 1309 disscordio,
975 1230 1115 1293 laudano
1140 1230 1272 1313 liquido,
1299 1237 1360 1293 etc.
1387 1231 1462 1314 jure
1490 1231 1613 1314 optimo

357 1315 501 1427 ssgssffissn·
511 1331 706 1395 coneedetur
714 1358 723 1410 ;
746 1331 843 1415 idque
857 1353 925 1397 non
941 1339 1072 1395 tantum
1086 1333 1128 1395 ad
1146 1332 1233 1395 dicta
1250 1338 1467 1415 symptomata
1482 1330 1611 1395 submo-

358 1442 427 1489 diaes
438 1458 493 1506 pos·
511 1436 624 1515 venda,
641 1436 697 1499 sed
712 1436 854 1519 quolibet
873 1435 978 1500 morbi
996 1444 1150 1519 tempore,
1167 1437 1194 1498 si
1208 1456 1303 1517 aeger
1326 1436 1366 1499 de
1380 1435 1484 1499 cordis
1503 1434 1611 1498 dolore

359 1506 444 1557 rulant.
511 1546 609 1623 atque
631 1540 833 1623 aegritudine
854 1546 1079 1623 conqueratur.
1127 1538 1191 1602 Sed
1215 1540 1264 1620 (ut
1285 1559 1397 1601 verum
1417 1535 1608 1619 loquamur,)

511 1650 727 1727 symptomata
739 1643 836 1727 hujus
855 1642 982 1725 generis
996 1641 1114 1725 oppido
1132 1661 1206 1703 rara
1223 1645 1309 1717 sunt,
1325 1639 1353 1701 si
1370 1660 1444 1701 cum
1458 1637 1521 1699 illis
1535 1657 1611 1700 con-

509 1748 657 1815 ferantur
671 1768 752 1829 quae
768 1753 985 1819 extremorum
1000 1744 1093 1807 alteri
1110 1742 1276 1827 (exitiabili
1290 1742 1402 1823 magis,
1413 1742 1488 1803 licet
1503 1740 1611 1803 minus

511 1850 662 1932 culpata)
677 1848 845 1911 debentur.
890 1847 934 1909 Et
944 1846 1075 1929 quidem
1089 1846 1203 1928 opinor
1215 1865 1379 1907 rumorem
1393 1844 1485 1929 illum
1500 1842 1555 1925 qui
1570 1842 1611 1906 de

361 1966 433 2042 Unde
444 1983 486 2015 ns·
511 1950 623 2013 crebra
642 1950 845 2033 pustularum
863 1949 1093 2013 retrocessione
1113 1948 1259 2026 invaluit,
1275 1969 1312 2011 ex
1337 1968 1376 2010 eo
1397 1954 1513 2010 natum
1531 1968 1610 2026 csse,

357 2033 597 2143 ffiffl'quod
623 2051 678 2133 qui
704 2049 878 2113 earundem
904 2049 1142 2132 depressionem
1167 2050 1203 2113 in
1228 2071 1347 2133 genere
1369 2050 1611 2113 Confluentium

358 2160 500 2222 cresnpus-
510 2153 746 2216 observaverint
779 2153 866 2215 illam
913 2174 949 2217 ro
973 2154 1127 2217 materiae
1149 2153 1334 2219 Variolosae
1359 2153 1400 2217 ob
1426 2174 1499 2217 suso
1538 2161 1611 2217 tum

358 2221 474 2335 ἓξὲξ
510 2256 612 2339 frigus
640 2201 769 2320 recessir
793 2174 977 2334 habueliint,
1003 2276 1079 2319 cum
1105 2255 1188 2318 nihil
1213 2256 1256 2318 sit
1280 2255 1334 2318 bic
1358 2262 1486 2338 praeter
1499 2175 1612 2321 eriiorbi

372 2351 378 2362 ’
403 2367 433 2402 ¹·
511 2382 652 2425 morem:
683 2368 779 2443 atque
801 2360 837 2423 in
862 2382 980 2444 genere
1002 2361 1165 2425 Distincto
1187 2360 1274 2424 idem
1300 2360 1513 2443 suspicantur,
1536 2362 1612 2443 quia

511 2464 631 2529 scilicet
645 2464 849 2548 pustularum
868 2466 1070 2547 eruptionem
1089 2473 1186 2548 atque
1204 2472 1416 2548 augmentum
1434 2474 1510 2529 ante
1525 2467 1611 2531 diem

510 2575 690 2651 expectant,
715 2588 789 2632 curn
812 2590 880 2632 uon
903 2569 980 2631 satis
1003 2568 1201 2632 attenderint
1227 2568 1268 2631 ad
1291 2575 1420 2651 tempus
1444 2568 1526 2631 illud
1547 2589 1610 2651 quo

509 2672 638 2735 Natura
651 2671 795 2736 fructum
808 2672 897 2735 hunc
908 2671 949 2734 ad
963 2670 1185 2735 maturitatem
1199 2672 1280 2735 solet
1294 2671 1479 2754 perducere.

356 2790 493 2843 Postmor·
559 2776 642 2861 [66.]
669 2778 777 2859 Aegro
793 2778 862 2861 jam
885 2776 1135 2854 convalescente,
1155 2777 1357 2859 pustulisque
1380 2774 1533 2853 deciduis,
1552 2774 1611 2839 ubi

358 2856 491 2969 {mm
510 2900 568 2963 per
582 2880 650 2943 dies
670 2880 790 2963 aliquot
805 2900 916 2943 carnes
931 2878 1019 2943 idem
1033 2879 1259 2963 degustaverit,
1276 2880 1374 2962 (circa
1390 2879 1477 2943 diem
1493 2899 1610 2962 nempe

358 2986 458 3048 reguis
510 2985 651 3067 primum
673 2992 706 3048 et
729 2984 937 3066 vicesimum)
963 2984 1154 3066 sanguinem
1177 3004 1195 3046 e
1220 2982 1351 3046 brachio
1377 2981 1610 3045 extrahendum

357 3065 456 3167 {iiiiii
511 3108 634 3165 censeo,
647 3087 674 3149 si
688 3086 818 3149 morbus
832 3074 935 3149 fuerit
942 3086 1163 3149 vehementior
1170 3110 1180 3163 ;
1202 3106 1278 3149 cum
1291 3082 1502 3147 inflammatio
1513 3103 1610 3165 quam

358 3179 486 3292 35:⁸¹¹&
511 3188 662 3272 sanguini
676 3189 907 3270 impresserunt
921 3187 1080 3264 Variolae,
1097 3188 1161 3251 sive
1176 3186 1306 3250 adultus
1320 3184 1418 3249 fuerit
1435 3205 1530 3267 aeger
1545 3184 1610 3247 sive

510 3294 627 3371 infans,
654 3313 720 3355 non
742 3292 849 3354 minus
870 3291 1161 3355 venae-sectionem
1184 3291 1315 3369 indicet,
1338 3310 1436 3372 quam
1461 3288 1611 3353 colluvies

381 3420 385 3425 ·
511 3416 593 3479 quae
608 3394 712 3457 eidem
728 3393 873 3471 accrevit,
890 3393 1071 3455 catharsin:
1094 3392 1180 3475 quod
1199 3392 1276 3454 satis
1290 3391 1402 3474 liquet,
1417 3397 1490 3453 tum
1503 3412 1524 3453 a
1538 3411 1610 3453 san-

510 3495 616 3578 guinis
637 3494 741 3557 oolore
756 3494 812 3577 qui
831 3501 903 3577 post
918 3495 1106 3559 atrociorem
1123 3494 1274 3558 morbum
1294 3494 1451 3571 educitur,
1465 3492 1611 3576 pleuriti-

509 3620 620 3662 corum
644 3596 794 3679 sanguini
819 3596 951 3661 omnino
974 3597 1095 3675 similis,
1119 3604 1192 3661 tum
1215 3597 1313 3660 etiam
1342 3595 1512 3677 amagnis
1540 3592 1611 3657 istis

508 3699 815 3763 inflammationibus
834 3720 915 3781 quae
935 3707 1007 3782 post
1027 3700 1177 3764 morbum
1194 3700 1281 3763 hunc
1303 3700 1338 3762 in
1352 3700 1460 3763 ocsdos
1480 3698 1610 3763 decum-

508 3802 601 3880 bunt,
618 3801 750 3883 aliisque
765 3801 842 3865 diris
858 3802 1024 3885 sanguinis
1041 3802 1226 3867 excalefacti
1239 3810 1273 3866 et
1287 3824 1308 3865 a
1319 3802 1433 3867 morbo
1447 3800 1612 3885 depravati

508 3902 675 3968 effectibus
684 3928 694 3982 3
716 3902 804 3967 unde
826 3904 924 3967 etiam
945 3903 1001 3987 qui
1015 3911 1112 3967 antea
1129 3905 1312 3987 pancratice
1323 3904 1484 3983 valebant,
1498 3911 1611 3987 postea

507 4027 585 4069 cum
598 4005 788 4071 humoribus
804 4006 913 4070 calidis
929 4006 1120 4089 acribusque
1134 4008 1169 4069 in
1187 4008 1357 4091 pulmones
1372 4015 1429 4072 aut
1443 4008 1539 4071 aliam
1553 4007 1610 4070 ali-

510 4130 606 4193 quam
625 4116 751 4196 partem
771 4107 998 4191 depluentibus
1019 4130 1078 4192 per
1097 4108 1253 4191 reliquam
1268 4110 1367 4173 vitam
1390 4132 1520 4174 ornnem
1534 4130 1609 4173 con·

354 4225 435 4287 Aeger
446 4226 476 4275 ad
508 4208 635 4292 fligunt.
680 4210 729 4274 At
741 4208 768 4273 si
782 4209 947 4292 pauciores
962 4210 1129 4274 extiterint
1143 4212 1302 4293 pustulae,
1313 4213 1530 4296 phlebotomia
1542 4233 1610 4275 non

353 4290 494 4403 {gelu‘ss-'i'
508 4331 588 4393 opus
604 4310 674 4376 erit.
721 4310 798 4374 Post
811 4313 1103 4377 venae-sectionem
1117 4313 1331 4378 catharticum
1339 4314 1474 4381 exhibeo
1489 4315 1530 4379 ad
1543 4322 1610 4379 tres

353 4370 449 4480 panius
508 4410 558 4473 vel
574 4419 712 4493 quatuor
725 4412 818 4475 vices.

354 4489 398 4533 ‘⁸‘
555 4510 640 4598 [or]
664 4512 806 4593 Amase,
837 4536 932 4599 aegro
962 4538 982 4580 a
1010 4517 1258 4582 mnfluentibus
1287 4520 1426 4583 various
1456 4520 1525 4603 Jam
1553 4518 1611 4582 aiu

355 4562 462 4611 crurum

352 4632 441 4687 tumor,
508 4612 653 4693 liberato,
677 4622 710 4681 et
736 4636 754 4677 e
780 4616 862 4681 lecto
889 4619 1031 4701 quotidie
1054 4622 1209 4703 surgenti,
1235 4642 1472 4705 nonnunquam
1494 4620 1610 4685 accidit

352 4698 495 4815 {ffffiff’n
507 4736 639 4781 ortuum
654 4724 763 4783 tumor
774 4718 861 4782 ferus
877 4742 913 4785 ac
928 4722 1092 4801 molestus,
1105 4723 1160 4807 qui
1171 4730 1282 4788 tamen
1292 4724 1343 4787 vel
1359 4730 1473 4808 sponte
1482 4722 1610 4785 facessit

351 4820 490 4936 {loqqffi
507 4826 578 4907 post
590 4820 880 4887 venae-sectionem
895 4832 927 4887 ct
940 4824 1111 4905 catharsin,
1120 4827 1171 4891 vel
1185 4848 1248 4891 usu
1261 4825 1436 4891 herbarum
1446 4825 1609 4891 emollien-
