3825 5759
498 661 563 722 206
819 659 1014 724 'I'HOMAE
1038 661 1295 726 SYDENHAM

352 835 479 884 cosam.
499 821 605 884 fuerat
630 819 842 904 imputanday
867 821 943 884 licet
969 843 1075 901 nemo,
1097 823 1154 905 qui
1179 830 1327 906 aegrotos
1354 823 1416 888 hoc
1444 830 1604 887 autumno

346 904 485 1015 fflgssssu
499 925 692 1001 tractaverit,
717 923 843 987 nescius
866 923 907 986 sit
930 932 1089 1008 quantum
1112 925 1284 990 invaluerit
1303 927 1384 990 haec
1409 926 1533 1005 Febris;
1563 934 1603 990 ut

347 1033 487 1112 sslffl.
499 1047 560 1090 nec
582 1027 689 1105 etiam,
715 1026 931 1111 dysenteriam
954 1027 1074 1090 dictam
1099 1035 1132 1092 et
1154 1028 1356 1095 diarrhoeam
1377 1051 1436 1112 pro
1458 1039 1601 1112 sympto-

344 1122 469 1248 {affl
499 1130 605 1296 {mliii
619 1131 721 1212 magis
742 1151 839 1212 quam
861 1129 982 1193 morbis
999 1130 1223 1194 essentialibus
1244 1153 1282 1195 ac
1303 1131 1473 1214 primariis,
1488 1133 1601 1196 haberi

343 1250 424 1312 potius
522 1255 539 1296 e
565 1253 658 1296 msse.

360 1379 379 1424 3³
392 1330 486 1427 ζζζξοῖ
549 1336 609 1419 [6.]
638 1334 737 1398 Hunc
752 1333 864 1398 Febris
884 1334 946 1398 ista
961 1356 1091 1399 cursum
1111 1337 1219 1400 tenuit
1240 1358 1299 1420 per
1320 1357 1450 1401 omnem
1471 1344 1602 1400 autum-

342 1443 449 1501 tunsus,
499 1461 588 1518 num,
607 1459 695 1502 nuno
714 1445 811 1522 caput
830 1443 954 1522 petens,
970 1459 1059 1503 nunc
1079 1439 1210 1518 viscera,
1233 1440 1354 1524 ubique
1372 1441 1515 1504 saeviens
1539 1441 1601 1505 sub

341 1509 466 1620 iiiiii„
498 1561 634 1625 persona
662 1547 914 1626 symptomatum
942 1540 983 1604 iis
1008 1540 1153 1624 partibus
1179 1543 1404 1621 assidentium,
1431 1542 1599 1607 adfinem

342 1653 477 1701 Postsubi-
497 1663 598 1726 usque
620 1643 786 1708 Octobris:
817 1665 881 1727 quo
908 1650 1064 1726 tempore,
1084 1665 1167 1726 quae
1189 1665 1227 1707 eo
1247 1667 1351 1728 usque
1372 1645 1482 1728 tepida
1502 1652 1601 1728 atque

342 1723 466 1844 iffi?
497 1747 538 1812 ad
552 1749 655 1812 instar
670 1748 800 1812 aestatis
815 1746 940 1830 placida
953 1746 1060 1810 fuerat
1074 1754 1259 1830 tempestas,
1270 1747 1445 1831 derepente
1458 1747 1494 1810 in
1508 1746 1599 1830 frigi·

341 1848 458 1957 marzito-
496 1852 571 1915 dam
580 1849 811 1931 humidamque
822 1855 871 1912 est
886 1855 1026 1925 mutata3
1049 1847 1137 1912 unde
1148 1849 1246 1912 etiam
1258 1849 1450 1913 Catarrhiet
1462 1845 1600 1912 Fusses⁵

340 1919 483 2023 iiffititii.
496 1952 683 2017 increbuere
706 1952 808 2033 magis
839 1973 936 2035 quam
962 1951 1025 2014 alio
1049 1951 1117 2014 ullo
1141 1952 1239 2034 (quod
1260 1952 1418 2035 memini)
1441 1959 1597 2035 tempore.

341 2055 415 2151 ῗζδξ
423 2041 481 2152 {¹3¹⁰
495 2055 592 2121 Quod
603 2061 712 2118 autem
726 2053 858 2117 maximi
869 2057 937 2118 erat
949 2054 1116 2132 momenti,
1125 2054 1281 2118 Fascibus
1292 2053 1380 2118 hisce
1391 2056 1597 2138 supervenire

338 2169 455 2230 jungunt,
494 2157 616 2222 solebat
640 2156 750 2220 Febris
775 2157 871 2240 hujus
894 2156 1144 2219 Constitutionis
1171 2157 1377 2236 stationaria,
1399 2178 1491 2242 quae,
1515 2179 1596 2222 ansa

338 2233 470 2344 iffi&
496 2261 572 2323 hinc
595 2266 731 2342 arrepta,
749 2267 783 2322 et
803 2259 906 2341 magis
929 2258 1144 2340 grassabatur,
1160 2266 1194 2322 et
1216 2260 1374 2341 quaedam
1394 2261 1493 2323 etiam
1511 2281 1599 2343 sym·

341 2368 467 2472 ⁸5¹¹¹P{‚⁰·.
496 2371 640 2447 ptomata
661 2359 814 2426 variabat.
860 2361 944 2425 Cum
966 2361 1054 2425 enim
1075 2361 1172 2444 paulo
1194 2368 1280 2439 ante,
1297 2361 1438 2426 insultus
1460 2363 1510 2444 (nt
1527 2363 1598 2446 jam

340 2433 481 2550 pumpi-
496 2466 641 2546 dictum,)
661 2465 696 2527 in
719 2463 876 2547 praefatas
898 2470 1006 2546 partes
1027 2464 1218 2547 plerumque
1239 2463 1341 2542 fieret,
1357 2485 1447 2527 nunc
1468 2464 1504 2526 in
1524 2463 1599 2547 pul-

340 2553 479 2677 ”pssu‘ssfim'
494 2587 606 2632 mones
621 2573 654 2630 ct
668 2567 813 2650 pleuram
827 2587 903 2649 prae
918 2565 1053 2629 caeteris
1071 2565 1332 2648 detorquebatur,
1348 2565 1436 2629 unde
1455 2573 1598 2649 sympto-

340 2681 465 2796 dseeprpnep-
494 2675 582 2733 mata
595 2667 811 2733 nascebantur
825 2668 1116 2752 Peripnenmonica
1129 2675 1163 2732 et
1178 2668 1370 2745 Plenritica3
1392 2667 1469 2731 licet
1483 2667 1597 2731 eadem

338 2819 416 2860 nenas
494 2773 626 2837 omnino
644 2771 756 2836 Febris
778 2779 871 2850 esset,
887 2791 970 2854 quae
984 2771 1083 2849 Julio,
1108 2772 1203 2848 1673,
1225 2769 1370 2853 ingressa
1391 2769 1462 2833 sine
1485 2770 1597 2852 quavis

492 2881 745 2960 symptomatum
760 2874 950 2939 alteratione
964 2873 1238 2958 progrediebatur,
1253 2871 1356 2936 donec
1375 2871 1525 2936 Catarrhi
1541 2872 1597 2934 isti

492 2979 690 3044 accederent.

540 3083 601 3167 [7.]
630 3083 676 3146 Hi
688 3083 837 3147 Catamhi
848 3088 881 3146 et
892 3081 1009 3146 'llrsses
1019 3080 1173 3164 usquead
1183 3080 1307 3144 exitum
1317 3078 1511 3144 Novembris
1521 3100 1594 3162 per·

490 3184 687 3262 severabant,
700 3206 763 3268 quo
777 3185 884 3267 elapso
896 3182 1069 3267 derepente
1083 3183 1325 3248 minuebantur.
1360 3182 1472 3247 Febris
1483 3190 1594 3246 autem

491 3288 603 3352 eadem
624 3285 719 3370 plane
733 3287 854 3350 mansit
876 3293 974 3369 atque
988 3293 1058 3349 erat
1077 3291 1253 3369 antequam
1267 3285 1417 3350 catarrhi
1432 3306 1466 3348 se
1485 3293 1593 3348 osten·

491 3389 604 3452 derent
613 3413 623 3466 3
644 3389 719 3452 licet
739 3409 799 3452 nec
813 3388 860 3450 ita
873 3409 1004 3470 prorsus
1025 3387 1211 3472 epidemica,
1226 3407 1334 3470 neque
1355 3387 1471 3451 iisdem
1485 3407 1593 3471 symp-

489 3491 620 3554 tomatis
636 3490 762 3573 stipata,
771 3511 846 3553 cum
856 3489 974 3554 horum
984 3498 1159 3571 utrumque
1169 3510 1227 3573 pcr
1237 3489 1386 3553 accidens
1397 3512 1417 3554 a
1428 3488 1594 3553 Catarrhis

490 3585 654 3678 penderet.
701 3592 899 3669 Quinetiam,
914 3591 1138 3656 recedentibus
1158 3592 1333 3671 Catamhis,
1348 3592 1498 3657 Variolae
1515 3592 1594 3657 hinc

490 3695 567 3759 inde
589 3693 695 3778 spargi
721 3700 905 3777 coeperrmt,
928 3693 1072 3778 ejusdem
1097 3693 1193 3777 plane
1218 3695 1346 3777 generis
1368 3715 1444 3759 cum
1465 3694 1592 3758 variolis

491 3797 568 3862 anui
582 3795 822 3880 praecedentis;
846 3795 902 3860 sed
917 3817 993 3860 cum
1008 3797 1076 3879 jam
1091 3797 1269 3861 secundum
1283 3796 1385 3862 ferme
1399 3818 1522 3861 annum
1536 3818 1592 3860 ex-

490 3901 672 3984 plevissent,
687 3921 754 3963 non
775 3899 822 3962 ita
839 3899 961 3963 auceia
979 3906 1072 3963 erant
1092 3907 1309 3984 symptomata
1323 3921 1360 3964 ac
1377 3899 1435 3964 ubi
1449 3901 1591 3984 primum

338 4021 460 4069 eonstitu-
489 4003 687 4067 invaderent.
733 4001 898 4067 Quamdiu
920 4001 1025 4066 adhuc
1044 4002 1143 4066 stabit
1162 4002 1243 4066 haec
1256 4002 1465 4080 constitutio,
1484 4002 1591 4066 dicere

336 4087 440 4133 ‘⁵⁰¹¹'oe
490 4127 556 4171 non
578 4105 700 4184 habe03
729 4105 764 4168 id
786 4112 874 4170 certo
900 4105 974 4185 scio,
996 4105 1086 4169 illam
1108 4125 1263 4188 perquam
1286 4105 1468 4169 anomalam
1493 4113 1591 4188 atque

335 4165 453 4263 pseygpzm
489 4210 698 4293 irregularem
719 4208 876 4273 hactenus
901 4207 1010 4286 firisse,
1033 4215 1130 4290 atque
1150 4207 1280 4271 morbos
1302 4228 1414 4273 omnes
1439 4229 1590 4291 peream

335 4280 450 4406 iiij'ff
489 4321 582 4377 natos
597 4313 740 4396 ejusdem
755 4311 887 4376 omnino
901 4310 1029 4373 indolis.

336 4409 420 4456 morbi.
533 4417 583 4478 De
612 4415 708 4499 hujus
739 4412 989 4478 constitutionis
1014 4411 1207 4496 epidemiois,
1232 4433 1271 4476 eo
1300 4434 1365 4496 quo
1391 4412 1589 4476 seinvicem

489 4517 601 4581 ordine
616 4515 825 4600 excipiebant,
838 4515 906 4598 jam
922 4535 1026 4596 agam.

799 4641 810 4673 ὓ
831 4641 924 4704 Turres]
937 4641 971 4690 sic
984 4642 1019 4690 ed.
1032 4642 1080 4699 76,
1097 4643 1175 4689 Tarsis
1186 4641 1223 4690 ed.
1236 4643 1283 4691 ¹85.
