3825 5759
741 1628 957 1678 DOCTISSIMO
979 1625 1273 1676 AMICISSIMOQUE
1293 1626 1381 1674 VIRO

555 1945 561 1958 ρ
683 1841 914 1915 ΤΗΟΜΑΕ
964 1836 1287 1927 SYDENHAM,
1337 1835 1449 1910 M.D.

513 2103 583 2164 MA
589 2100 725 2164 GNUM
735 2099 795 2161 Rei
806 2099 946 2161 Medicas
961 2108 1094 2160 exortam
1106 2108 1150 2160 est
1163 2107 1192 2160 et
1202 2098 1300 2160 lumen
1312 2106 1341 2158 et
1351 2097 1547 2173 commodum,
1564 2098 1626 2160 Vir

520 2205 702 2278 Clarissima,
712 2225 747 2263 ea
759 2211 965 2264 consummata
978 2202 1050 2263 Tua
1064 2200 1116 2264 De
1128 2198 1254 2263 Morbis
1266 2199 1381 2262 Acutis
1397 2198 1555 2278 Historia,
1568 2221 1624 2262 ea-

514 2327 571 2391 que
584 2304 688 2366 sedula
703 2304 903 2366 obseruatione
918 2304 1025 2384 etfida
1039 2305 1220 2387 experientia
1234 2303 1378 2382 stabilita,
1393 2325 1453 2366 nou
1467 2303 1547 2365 lucri
1563 2314 1625 2366 aut

504 2411 617 2492 samoe
636 2411 768 2490 aucupio
787 2408 911 2490 scripta,
927 2407 980 2468 sed
997 2408 1115 2469 amera
1125 2407 1205 2486 fide,
1220 2416 1251 2468 et
1268 2415 1363 2468 mente
1384 2407 1526 2478 honesta5
1548 2428 1620 2469 cum

522 2511 593 2572 Tibi
605 2509 739 2592 amplum
763 2510 838 2570 satis
852 2509 1002 2570 theatrum
1017 2511 1058 2570 sit
1078 2509 1207 2594 efficium
1218 2510 1340 2592 secisse,
1356 2519 1384 2571 et
1395 2511 1554 2593 praesenti
1572 2531 1619 2570 se-

514 2613 581 2674 culo
601 2613 705 2698 quovis
725 2611 810 2674 modo
826 2611 988 2695 profuisse.
1034 2611 1106 2695 Ipse
1127 2612 1270 2674 hacteuus
1292 2612 1388 2674 celavi
1403 2615 1524 2696 penitus
1538 2612 1621 2696 quod

514 2717 604 2792 volui,
620 2725 655 2778 at
658 2717 796 2797 sortasse
809 2715 959 2800 quiajam
971 2736 1079 2798 parem
1097 2713 1170 2775 Titi
1182 2735 1198 2775 e
1212 2714 1374 2798 loup'uqao
1387 2714 1508 2776 subolet.
1553 2713 1619 2789 Qui

514 2821 624 2883 laudat
644 2820 724 2905 quod
738 2821 836 2903 faris,
860 2827 947 2903 urpet
968 2827 1004 2880 ut
1015 2819 1126 2900 facias
1148 2816 1231 2901 quod
1251 2817 1353 2878 adhuc
1374 2817 1522 2878 laudetur.
1566 2815 1616 2877 De

515 2925 638 2988 Morbis
658 2924 768 2986 Aratis
788 2923 914 2986 scribere
939 2943 1058 2984 summa
1078 2919 1243 3004 affatus
1263 2928 1316 2994 est,
1337 2926 1436 3002 utpote
1457 2938 1533 3002 quos
1552 2924 1614 2978 tam

516 3028 627 3111 rapido
642 3027 733 3088 votuit
745 3035 823 3102 rota,
836 3033 879 3103 ut,
892 3026 951 3086 uisi
965 3032 1131 3107 opportuna
1145 3025 1272 3084 mittatur
1286 3022 1467 3104 sufflamine,
1478 3023 1511 3082 in
1521 3041 1614 3104 prae·

515 3152 583 3213 ceps
597 3138 671 3191 ruat
686 3131 759 3203 vita,
775 3127 866 3189 nullis
885 3129 917 3189 iu
935 3135 1090 3209 posterum
1110 3126 1242 3201 auxiliis,
1258 3126 1350 3188 nullis
1366 3128 1522 3209 suppetiis,
1537 3125 1613 3187 redi·

515 3229 632 3291 menda.
685 3228 735 3290 Tu
749 3227 870 3310 siapula
885 3249 987 3289 eorum
1008 3238 1156 3291 momenta
1178 3237 1274 3305 notas,
1289 3238 1319 3291 et
1331 3230 1407 3313 quid
1418 3231 1522 3314 quovis
1542 3237 1613 3290 tem-

510 3331 597 3412 poris
616 3328 745 3390 articulo
754 3328 835 3407 fieri
855 3349 968 3390 maesse
986 3331 1034 3392 sit.
1086 3331 1172 3414 Opus
1186 3333 1304 3416 quidem
1321 3333 1490 3416 perfectum
1512 3342 1542 3394 et
1561 3332 1612 3395 ab·

515 3431 654 3505 solutum,
671 3432 721 3493 cui
734 3430 812 3492 nihil
826 3430 902 3492 addi
917 3440 1048 3514 poterat,
1067 3435 1127 3494 ussi
1142 3438 1244 3519 majus
1259 3439 1454 3519 promiseras,
1473 3435 1511 3498 de
1525 3435 1610 3497 Mor·

516 3532 564 3594 bis
589 3531 701 3594 scilieet
724 3531 892 3594 Chroaiois.
938 3533 988 3594 Hi
1011 3535 1149 3597 inducias
1165 3537 1280 3618 ferent,
1305 3547 1334 3600 et
1358 3540 1481 3601 mitiores
1503 3540 1610 3600 erami-

517 3635 613 3698 uaudi
625 3645 655 3696 et
657 3635 825 3718 judicandi
838 3657 947 3697 moras.

563 3736 659 3820 Saepe
674 3738 756 3799 uobis
770 3739 876 3800 incidit
894 3760 990 3802 sermo
1004 3742 1040 3803 ete
1056 3742 1208 3825 propudio
1222 3743 1274 3805 illa
1288 3743 1395 3805 Morbi
1417 3743 1546 3819 Vmerei,
1562 3765 1609 3806 eu-

504 3843 562 3922 jus
580 3841 805 3924 ipuomiaiosam
822 3843 966 3926 oripiaem
977 3853 1079 3927 pentes
1092 3844 1254 3928 Europeae
1274 3869 1296 3907 a
1317 3868 1348 3908 se
1370 3848 1493 3909 invicem
1514 3846 1609 3908 sedulo

514 3953 660 4029 satapaat
675 3945 850 4028 propellere,
866 3954 903 4022 et,
921 3956 955 4008 ut
968 3949 1033 4031 ejus
1052 3950 1149 4031 maqis
1167 3949 1269 4010 adhue
1282 3949 1466 4011 ocmltentur
1480 3950 1605 4031 oestipto,

514 4049 559 4110 ad
571 4050 650 4131 ipsas
665 4047 758 4110 Iudas
772 4051 981 4113 remotissimae
1001 4050 1178 4113 amandam.
1224 4051 1438 4114 Scortotorum
1452 4051 1541 4113 audit
1548 4047 1605 4131 fla·

510 4153 634 4232 pettam,
641 4152 784 4234 furiosae
797 4160 826 4214 et
839 4152 1000 4214 indomitae
1014 4153 1132 4215 ls'bs'eiini
1144 4156 1297 4236 aptissime
1311 4155 1490 4239 respondem
1503 4173 1605 4238 poem,

514 4278 546 4318 eo
565 4257 703 4338 fortasse
720 4255 790 4335 fiae
813 4256 932 4317 tardius
953 4264 1076 4331 remota,
1100 4264 1135 4317 ut
1159 4258 1240 4317 tanti
1260 4265 1371 4318 constet
1385 4257 1556 4339 poenitere,·
1582 4264 1608 4316 et

514 4357 711 4420 humanitatis
732 4366 762 4420 et
775 4359 896 4441 peccati
912 4357 1005 4420 amul
1024 4379 1112 4420 seraa
1133 4366 1233 4421 tactus
1254 4359 1419 4433 videbatur,
1435 4360 1489 4441 qui
1505 4357 1605 4442 palam

514 4463 629 4544 optavit
653 4464 887 4544 impurissimam
916 4463 996 4524 Isaac
1021 4462 1098 4525 luem
1126 4464 1217 4526 semel
1239 4472 1357 4526 tautum
1386 4464 1493 4524 curari
1515 4483 1604 4545 paese.

520 4562 597 4626 Cam
610 4565 680 4646 jam
700 4573 799 4626 autem
814 4565 857 4626 aei
874 4573 1011 4648 apyrtm,
1026 4574 1167 4641 tonsores,
1182 4575 1211 4628 et
1224 4567 1342 4646 iryimos
1355 4585 1487 4649 quosque
1499 4563 1605 4641 sciolas,

514 4668 576 4749 ejus
598 4687 686 4750 saepe
708 4667 845 4729 devoluta
870 4669 910 4728 sit
934 4669 1061 4743 curatio,
1087 4668 1133 4731 illi
1158 4677 1215 4730 aut
1231 4667 1352 4752 fraude
1377 4675 1434 4728 aut
1463 4667 1605 4748 imperitia

514 4791 623 4854 mopso
642 4791 707 4832 eam
725 4778 856 4852 sumpta,
880 4772 990 4853 mnjori
1006 4773 1096 4834 etiam
1116 4771 1258 4848 molestia,
1280 4770 1396 4834 tamdiu
1418 4767 1566 4853 afferunt
1582 4763 1623 4828 et'
