3825 5759
547 656 614 717 454
791 652 895 717 ΤΗΟ.
920 650 1180 716 SYDENHAM
1201 650 1356 716 TRAOP.
1379 651 1409 715 1.

405 833 446 883 Da
459 832 528 880 Pon.
548 812 672 899 pulveri
691 811 872 877 exhibendo
892 810 1036 875 debitam
1055 810 1272 892 observantes,
1290 832 1423 896 scopum
1441 820 1533 878 recta
1557 815 1685 879 attin-

396 912 536 979 ffl-
549 917 665 1001 ginnas,
680 916 733 979 vix
752 914 793 979 ab
810 915 867 978 illo
881 914 1068 979 aberrantes
1086 935 1234 997 unquam
1252 914 1316 977 nisi
1330 936 1464 998 aegrum
1480 917 1577 981 lecto
1593 918 1683 982 sine

549 1020 616 1083 ulla
629 1017 820 1081 necessitate
835 1016 1014 1081 addicimus
1028 1016 1107 1081 dum
1120 1016 1157 1079 in
1171 1016 1241 1100 ejus
1255 1039 1319 1081 usu
1332 1026 1399 1083 ost:
1428 1024 1525 1083 tanta
1538 1026 1678 1083 tamen

549 1128 598 1186 est
615 1121 713 1205 hujus
732 1120 867 1185 remedii
885 1120 942 1200 vis,
961 1127 1010 1199 ut,
1026 1119 1259 1186 nonobstante
1277 1144 1316 1186 eo
1335 1123 1544 1203 incommodi,
1568 1126 1675 1209 quod

548 1224 668 1288 scilicet
685 1222 783 1287 febris
803 1222 915 1285 alecti
934 1222 1039 1286 calore
1054 1222 1128 1305 plus
1147 1244 1246 1305 quam
1261 1231 1332 1289 erat
1349 1246 1429 1308 opns
1447 1226 1672 1307 intendatur,

548 1347 682 1409 aegrum
710 1324 920 1389 nihilominus
952 1324 996 1389 ad
1023 1324 1198 1389 sanitatem
1225 1334 1265 1390 ut
1292 1328 1471 1410 plurimum
1501 1328 1669 1393 reducat.

547 1432 680 1497 Interea
708 1429 810 1493 donec
841 1428 922 1493 baec
950 1428 1117 1511 Podagrae
1145 1430 1269 1494 curatio
1301 1431 1449 1495 radicalis
1481 1442 1668 1516 comperta

546 1534 654 1610 fuerit,
680 1532 779 1617 (quod
801 1530 947 1595 Medicos
972 1552 1095 1609 omnes,
1117 1552 1170 1595 me
1195 1552 1273 1614 prae
1293 1534 1439 1612 caeteris,
1460 1541 1579 1617 optare
1605 1535 1664 1598 fas

547 1638 618 1720 est,)
631 1637 716 1701 hanc
726 1655 832 1699 meam
845 1634 1102 1717 qualemcunque
1115 1633 1255 1716 opellam
1268 1634 1347 1698 boni
1357 1636 1534 1699 consulite:
1558 1638 1662 1720 quod
1739 1630 1747 1643 ⁶

547 1740 574 1803 si
588 1740 696 1803 minus
711 1738 847 1815 eveniat,
861 1736 1034 1800 hominum
1049 1756 1155 1799 mores
1167 1736 1216 1798 ita
1227 1736 1328 1819 probe
1343 1746 1528 1821 perspectos
1540 1738 1659 1803 habeo

546 1850 584 1906 ut
605 1864 673 1906 non
696 1842 837 1905 multum
858 1838 962 1915 fallar,
985 1845 1019 1902 et
1038 1838 1135 1901 officii
1151 1838 1218 1902 mei
1234 1840 1395 1904 rationem
1417 1841 1466 1904 ita
1482 1841 1591 1905 calleo
1612 1850 1658 1905 nt

546 1947 655 2011 animo
683 1946 873 2028 neutiquam
902 1941 1025 2006 cadam·
1069 1942 1165 2005 Etsi
1190 1942 1365 2005 saevissimi
1387 1943 1443 2006 isti
1470 1943 1655 2023 cruciatus,

545 2048 738 2133 impotentia
762 2047 804 2111 ad
828 2052 965 2124 motum,
984 2052 1174 2129 caeteraque
1194 2045 1336 2129 corporis
1359 2047 1454 2127 mala,
1475 2069 1559 2131 quae
1587 2070 1656 2132 ego

545 2174 603 2237 per
617 2153 789 2216 maximam
803 2150 887 2214 vitae
902 2146 1048 2233 partemb
1063 2170 1136 2212 sum
1150 2170 1327 2232 perpessis,
1342 2150 1421 2232 (una
1433 2171 1509 2214 cnm
1523 2151 1655 2216 damno

545 2255 593 2319 rei
602 2254 768 2317 familiaris
783 2252 869 2336 quod
880 2252 1031 2329 sustinui,
1041 2273 1061 2315 a
1070 2250 1238 2315 Medicina
1247 2252 1394 2315 facienda
1403 2253 1501 2317 toties
1511 2254 1654 2319 adversa

545 2356 728 2421 valetudine
756 2358 929 2439 avocatus)
957 2356 1028 2419 aliis
1057 2356 1199 2438 quietem
1227 2362 1261 2420 et
1289 2355 1491 2438 ἀναλφισῶν
1516 2360 1653 2442 possint

545 2482 739 2546 comparane,
762 2460 823 2526 erit
848 2460 936 2524 uude
957 2480 1010 2523 me
1030 2459 1174 2523 fructum
1196 2460 1335 2543 aliquem
1357 2462 1561 2525 miseriarum
1584 2462 1651 2527 hu-

543 2566 597 2649 jus
612 2564 747 2648 generis,
764 2586 843 2647 quas
858 2564 893 2627 in
913 2563 974 2627 hac
988 2562 1055 2627 vita
1072 2562 1216 2642 toleravi,
1234 2563 1270 2627 in
1290 2563 1387 2627 aliam
1406 2564 1553 2648 migrans
1571 2586 1651 2649 per-

546 2668 666 2755 cepisse
680 2666 880 2733 existimabo.

838 2804 906 2855 *ct
919 2820 972 2869 sup.
985 2806 997 2865 ς
1011 2804 1041 2861 l;
1058 2806 1135 2866 Epist.
1147 2806 1256 2867 Responsa
1268 2806 1288 2852 Ι.
1301 2808 1313 2866 ἦ
1327 2806 1348 2853 l.
