3825 5759
520 641 613 743 394Ι
831 639 1025 705 ΤΗΟΜΑΕ
1050 641 1307 705 SYDENHAM

383 808 425 857 Da
438 809 489 857 As·
521 800 716 879 sollicitetur,
747 801 782 865 in
814 802 956 865 furorem
991 809 1130 885 agantur
1162 802 1302 885 spiritam,
1332 809 1366 865 et
1395 824 1510 887 aegrae
1537 804 1626 869 vires

367 874 506 986 fficssffls
519 902 657 965 nimium
679 904 887 986 dejiciantnr;
915 904 976 967 hoc
997 904 1033 966 in
1052 924 1128 967 casu
1148 904 1325 967 laudunum
1344 904 1526 969 sinemuro
1546 928 1624 989 pro·

367 1008 508 1074 aionis?
519 1004 624 1087 pinari
650 1004 755 1084 debet,
779 1026 816 1069 eo
839 1005 924 1069 dosis
949 1005 1046 1069 modo
1071 1028 1270 1089 numeroque
1292 1027 1374 1089 quae
1398 1008 1624 1090 symptomatis

365 1091 489 1154 piendum.
520 1106 777 1188 magnitudinem
799 1127 836 1170 ac
856 1106 1060 1171 durationem
1079 1128 1146 1171 non
1166 1114 1297 1170 tautum
1314 1128 1491 1191 exaequare
1508 1109 1624 1192 possit,

520 1208 575 1271 sed
592 1215 624 1271 et
639 1208 775 1273 vincere.

522 1348 524 1353 ,
569 1311 672 1393 [lca]
701 1312 775 1374 Duo
801 1318 910 1375 antem
935 1311 989 1375 hic
1009 1332 1085 1395 prae
1110 1312 1243 1375 caeteris
1269 1312 1441 1394 diligenter
1463 1318 1540 1376 sunt
1561 1334 1623 1377 no-

519 1412 636 1477 tanda:
671 1414 790 1492 Primo,
818 1414 912 1497 quod,
939 1434 1014 1477 cum
1043 1412 1143 1477 semel
1166 1420 1239 1496 post
1264 1413 1488 1477 evacuationes
1514 1414 1623 1496 justas

519 1523 552 1579 et
578 1516 770 1579 necessarias
798 1516 937 1580 landano
966 1516 1016 1579 uti
1041 1515 1247 1598 coeperimus,
1276 1536 1314 1578 ea
1342 1514 1412 1578 dosi
1441 1521 1539 1598 atque
1564 1516 1623 1579 illa

519 1618 616 1681 toties
635 1618 772 1701 repetita
795 1618 988 1682 sumendum
1008 1624 1057 1681 est
1075 1616 1163 1679 istud
1180 1616 1398 1700 pharmacum,
1414 1618 1517 1682 donec
1534 1641 1622 1703 sym·

519 1726 630 1802 ptoma
651 1720 783 1783 omuino
797 1720 894 1785 fuerit
917 1720 1122 1798 debellatum,
1137 1720 1307 1803 interjecto
1328 1726 1459 1784 tantum
1484 1722 1623 1805 spatiolo

519 1820 605 1885 inter
620 1822 761 1904 singulas
777 1822 878 1900 doses,
894 1830 932 1885 ut
948 1822 1026 1906 quid
1042 1823 1129 1904 prior
1142 1823 1338 1905 praestiterit
1352 1830 1429 1886 ante
1450 1845 1623 1888 noscamus

516 1947 616 2007 quam
639 1926 772 1988 alteram
796 1933 997 2008 repetamus;
1031 1925 1099 2007 (sed
1123 1925 1163 1989 de
1188 1925 1250 1989 hoc
1271 1926 1374 1989 fusius
1396 1925 1473 1989 alibi
1501 1927 1622 2010 [Epist.

519 2026 706 2107 Responsa
722 2028 739 2108 b
755 2028 786 2103 8,
803 2026 849 2108 9.]
867 2028 991 2109 egimus
1000 2027 1023 2108 ,·)
1049 2027 1208 2111 deinceps,
1225 2027 1303 2090 dum
1318 2028 1457 2093 laudauo
1470 2029 1623 2093 morbum

519 2128 734 2209 aggredimur,
749 2127 831 2191 nihil
849 2149 979 2210 prorsus
997 2130 1192 2193 movendum
1212 2136 1271 2209 est,
1286 2131 1369 2193 nihil
1388 2131 1621 2209 evacuandum,

518 2250 592 2293 cum
618 2230 667 2293 vel
693 2230 899 2294 mitissimum
922 2233 1002 2296 illud
1025 2256 1140 2299 enema
1166 2257 1184 2299 e
1206 2236 1289 2300 lacte
1313 2236 1498 2300 saccharato
1519 2237 1623 2320 possit

518 2332 682 2396 deotmaro
701 2334 852 2417 quicquid
871 2345 1072 2417 reparaverat
1091 2339 1322 2421 paregoricum,
1338 2347 1372 2403 et
1388 2347 1458 2402 tam
1478 2338 1622 2403 dolorem

518 2452 615 2513 qnam
629 2433 838 2498 vomitionem
853 2436 1052 2517 postliminio
1065 2460 1223 2504 revocare.

364 2552 482 2600 Vomitio-
567 2536 671 2620 [lca]
701 2538 786 2601 Utut
800 2560 874 2603 vero
890 2540 1013 2604 dolores
1032 2543 1130 2624 (quod
1145 2544 1214 2627 jam
1233 2544 1423 2627 innuimus)
1440 2566 1539 2628 supra
1552 2566 1620 2610 me-

365 2632 497 2729 ffiffim
518 2640 636 2703 morati
649 2640 826 2723 importuni
848 2642 913 2705 siut
935 2643 971 2705 in
992 2644 1141 2726 anodyno
1161 2646 1375 2728 effiagitaudo,
1391 2652 1502 2709 tamen
1518 2646 1619 2708 vomi·

364 2747 506 2803 maximam,
517 2742 623 2807 tiones
638 2764 784 2808 enormes
806 2752 840 2809 et
862 2745 954 2809 dosin
977 2746 1121 2828 ejusdem
1142 2747 1238 2829 longe
1259 2748 1434 2812 maximam
1452 2756 1485 2812 et
1499 2748 1617 2830 saepis-

364 2812 494 2875 etsaepis-
537 2844 543 2856 .
721 2844 727 2857 .
830 2846 836 2859 .
887 2847 893 2859 .
1182 2850 1188 2862 .
1541 2850 1548 2863 .
1606 2850 1614 2863 .

364 2877 505 2939 ,merops
519 2866 598 2909 sime
627 2852 798 2928 repetitam
827 2846 983 2925 mdrcant,
1010 2869 1084 2911 cum
1113 2848 1153 2912 ab
1179 2870 1305 2913 luverso
1329 2857 1424 2915 motu
1451 2849 1618 2916 ventriculi

364 2941 507 2997 omnmo-
517 2954 713 3036 peristaltico
731 2955 806 3037 (quo
820 2954 856 3017 in
871 2976 909 3019 eo
924 2962 1078 3020 contenta
1091 2978 1199 3021 versus
1216 2957 1368 3021 inferiora
1382 2964 1475 3021 crant
1489 2964 1615 3040 protru-

365 3010 429 3052 cant.
517 3060 645 3143 denda)
670 3062 850 3124 remedium
879 3062 1101 3145 paregoricum
1125 3062 1215 3145 prins
1240 3062 1428 3127 eliminetur
1452 3084 1511 3145 per
1531 3083 1620 3126 oeso-

518 3162 671 3245 phagum,
687 3185 785 3245 quam
807 3162 876 3245 opis
899 3164 1020 3245 aliquid
1042 3164 1155 3228 afferre
1175 3170 1280 3248 queat,
1295 3164 1358 3227 nisi
1380 3171 1454 3248 post
1476 3164 1620 3247 singulas

518 3268 708 3330 vomitiones
722 3266 923 3329 narcoticum
946 3266 986 3329 de
1006 3287 1088 3330 novo
1108 3268 1204 3331 toties
1219 3267 1344 3350 quoties
1361 3267 1508 3345 iteretur,
1522 3267 1621 3350 idque

365 3388 492 3449 paregori-
518 3368 553 3431 in
568 3368 671 3431 forma
690 3368 892 3449 potissimum
915 3366 1016 3429 solida
1026 3392 1036 3444 ς
1060 3374 1117 3431 aut
1135 3369 1162 3429 ri
1182 3367 1219 3431 in
1232 3368 1355 3451 liquida
1368 3367 1474 3446 detur,
1490 3368 1619 3431 vehicu-

364 3452 479 3563 ffi'ssrlrssln
518 3470 587 3533 lum
609 3470 656 3532 ita
677 3490 809 3551 parcum
831 3488 900 3531 essa
918 3468 1024 3546 debet,
1040 3476 1077 3532 ut
1097 3470 1312 3533 ventriculum
1331 3468 1456 3534 imbuat
1478 3475 1619 3547 tautum,

365 3579 442 3654 solida
453 3594 494 3627 ex·
520 3578 552 3635 et
570 3590 646 3653 prae
663 3570 817 3632 materiae
834 3568 943 3651 inopia
965 3568 1076 3633 abillo
1096 3592 1224 3635 sursum
1243 3572 1334 3635 evehi
1351 3578 1491 3654 nequeat
1500 3597 1510 3649 ;
1532 3571 1620 3635 verbi

364 3644 486 3755 issiffi'
520 3675 633 3757 gratia,
650 3680 762 3757 guttae
777 3672 899 3755 aliquot
914 3673 950 3736 in
970 3674 1127 3738 cochleari
1141 3696 1208 3739 uno
1224 3696 1326 3758 aquae
1346 3675 1543 3739 cinnamomi
1555 3676 1618 3739 for-

365 3772 505 3833 01110122100·
518 3776 618 3851 tioris,
635 3782 690 3839 aut
706 3774 828 3837 similis.
874 3774 1043 3838 Monenda
1061 3776 1193 3840 interim
1211 3784 1260 3841 est
1275 3798 1381 3860 aegra,
1395 3783 1434 3841 ut
1449 3775 1557 3839 statim
1575 3772 1616 3835 ab

366 3892 460 3955 eapitis
519 3886 683 3963 assumpto
703 3878 844 3943 laudano
859 3880 1072 3961 conquiescat,
1088 3902 1125 3943 ac
1140 3889 1237 3963 caput
1258 3882 1447 3965 praesertim
1461 3884 1617 3965 quantum

365 3966 500 4071 Ξξὲξζζζ
520 3984 589 4046 lieri
610 3989 715 4067 potest
737 3982 910 4045 immotum
932 3988 1061 4059 teneat;
1088 3982 1217 4065 quaudo
1235 3984 1285 4046 vel
1305 3983 1484 4047 levissimus
1505 3978 1619 4063 capitis

366 4094 486 4148 provocat
519 4092 626 4149 motus
635 4106 711 4170 prae
725 4085 860 4149 caeteris
875 4082 1024 4147 omuibus
1033 4083 1240 4147 vomitionem
1251 4090 1411 4166 provocet,
1421 4082 1509 4147 unde
1520 4079 1621 4143 medi-

519 4187 659 4251 camenti
673 4186 769 4250 modo
785 4184 937 4267 deglutiti
947 4184 1075 4267 jactura
1089 4184 1136 4248 fit.
1182 4184 1348 4263 Quinimo,
1363 4184 1463 4249 etiam
1477 4188 1622 4246 cessante

368 4312 487 4363 nectarve
519 4298 551 4354 et
561 4290 651 4374 quasi
661 4289 840 4374 perdomita
849 4286 1099 4365 vomituritione,
1109 4286 1238 4370 expedit
1249 4287 1400 4371 anodyna
1415 4284 1457 4348 ad
1467 4284 1623 4368 pauculos

366 4385 479 4493 2ξὲζῇξέ
520 4392 588 4455 dies
603 4412 698 4455 mane
710 4400 743 4455 et
759 4412 828 4454 sero
844 4388 997 4467 exhibito,
1009 4409 1070 4453 ceu
1083 4389 1204 4473 injecto
1214 4389 1336 4467 fraeno,
1344 4388 1519 4452 recidivam
1531 4406 1622 4468 prae-

519 4516 647 4559 cavere:
672 4494 757 4577 quod
778 4491 892 4555 itidem
910 4498 983 4573 post
1001 4490 1144 4556 dolorem
1160 4492 1370 4576 Hystericam
1388 4489 1555 4553 narcotico
1574 4508 1623 4551 se·

521 4594 643 4671 datum,
660 4601 716 4657 aut
732 4592 942 4670 diarrhoeam,
959 4593 1091 4656 omnino
1106 4593 1267 4658 observari
1282 4592 1388 4659 debet.

368 4706 392 4755 Α
404 4706 486 4785 dolore
570 4695 673 4778 [126]
701 4696 810 4777 Atque
827 4694 874 4757 ita
891 4694 1023 4758 demum
1040 4696 1194 4761 methodo
1205 4698 1274 4781 jam
1288 4694 1410 4759 tradita
1424 4700 1458 4757 et
1472 4692 1576 4756 dolori
1590 4698 1623 4755 et

368 4778 506 4885 ξζζᾝῗζὲζ
520 4796 686 4861 vomitioni
709 4798 963 4881 symptomaticis
984 4797 1107 4862 mederi
1127 4799 1163 4863 in
1185 4804 1337 4883 promptu
1357 4804 1424 4874 est;
1457 4794 1623 4877 aquibus,
