3825 5759
526 620 593 683 598
840 616 1036 682 ’[ἯΟΜΑΕ
1061 614 1319 680 SYDENHAM

949 904 1046 969 CAP.
1070 903 1211 967 ΚΒΝ]

799 1066 849 1129 Dc
866 1066 956 1128 ibssi
971 1066 1143 1130 Puerorum
1161 1065 1353 1127 Concutcico.

377 1230 507 1277 cmm,
571 1202 822 1264 Paneaoroura
838 1208 872 1264 et
886 1201 1025 1283 repetita
1039 1199 1190 1278 catharsi,
1205 1220 1306 1283 eaque
1328 1198 1407 1275 sola,
1424 1206 1638 1282 expugnatur

520 1302 607 1366 baec
629 1302 749 1380 Tussis,
764 1302 887 1365 malum
909 1303 988 1365 alias
1007 1301 1299 1385 pertinacissimum
1321 1308 1354 1364 et
1375 1300 1443 1363 fere
1466 1300 1638 1383 insupera-

527 1404 611 1477 bile;
637 1404 693 1467 sed
717 1404 841 1467 leniora
862 1410 994 1467 tantum
1018 1402 1195 1466 cathartica
1218 1402 1271 1465 hic
1297 1402 1509 1480 conveniunt,
1533 1421 1638 1483 eaque

529 1506 718 1570 cochleatim
731 1506 910 1588 ingerenda
924 1512 1011 1583 sunt,
1028 1526 1086 1589 pro
1100 1506 1226 1569 ratione
1241 1504 1367 1568 aetatis.

957 1691 1054 1753 CAP.
1079 1689 1202 1753 XLV.y

841 1832 891 1893 Dc
903 1830 1154 1911 Hacmcrrdapia
1170 1828 1315 1891 Notium.

573 1968 694 2031 Dotoa
709 1971 743 2028 et
757 1964 844 2028 calor
858 1964 999 2047 sinciput
1013 1964 1192 2029 lancinant.

378 2072 510 2121 enaim.
575 2068 714 2150 Sanguis
726 2088 744 2131 e
755 2066 886 2129 brachio
899 2066 1087 2149 frequenter
1101 2064 1307 2143 extrahatur3
1327 2064 1431 2128 victus
1441 2066 1526 2129 ratio
1540 2066 1637 2130 refri-

530 2191 646 2253 gerans
660 2176 694 2232 et
708 2169 889 2233 incrassaus
910 2170 1121 2253 injungatur;
1139 2168 1264 2252 julapia
1284 2167 1511 2250 refrigerantia
1532 2176 1568 2232 et
1586 2170 1637 2231 in-

530 2271 707 2336 crassantia
719 2291 795 2334 cum
810 2270 1043 2335 emulsicnibus
1057 2269 1323 2353 refrigerantibus
1338 2270 1614 2353 praescribantur.

575 2374 718 2457 Singulis
741 2372 854 2436 diebus
875 2372 1042 2456 injiciatur
1063 2392 1179 2436 enema
1200 2372 1403 2455 refrigerans,
1422 2380 1521 2455 atque
1542 2373 1639 2436 omni

529 2484 626 2542 nocte
639 2476 861 2561 paregoricum
872 2497 912 2539 ex
927 2496 1046 2559 syrupo
1060 2475 1101 2538 de
1112 2474 1258 2538 meconio
1273 2473 1473 2552 exhibeatur,
1485 2482 1519 2537 et
1534 2475 1640 2538 semel

530 2581 584 2644 vel
596 2580 648 2643 bis
661 2579 751 2663 potio
763 2579 934 2663 purgativa
947 2577 1128 2641 communis
1143 2576 1387 2659 praescribatur.

528 2756 533 2763 Ι
573 2683 692 2747 Lintea
711 2680 964 2764 quadruplicata,
988 2680 1141 2743 immersa
1163 2700 1265 2762 aquae
1287 2678 1422 2761 frigidae
1440 2678 1563 2761 inqua
1583 2678 1637 2741 sal

529 2786 695 2871 pnmellae
710 2785 910 2865 dissolvam,
925 2792 959 2848 et
973 2790 1085 2868 postea
1101 2783 1214 2847 leviter
1229 2804 1384 2867 expressa,
1400 2784 1637 2849 admoveantur

530 2889 657 2953 nuchae
671 2895 704 2952 et
719 2887 871 2970 utrinque
885 2887 1000 2952 cervici
1014 2886 1139 2971 saepiam
1154 2886 1190 2950 in
1205 2886 1266 2949 die.

575 2992 654 3056 Post
669 2991 891 3055 evacuationes
905 2990 1011 3075 liquor
1026 3010 1163 3073 sequens
1178 2988 1356 3075 applicetur
1366 3013 1418 3055 :-·

534 3124 636 3189 [hbma
648 3126 743 3190 240.]¹
761 3123 792 3202 R
811 3126 917 3179 Vitricii
930 3126 1091 3195 Huugmici‚

813 3213 954 3275 Aluminis,
966 3229 1018 3265 ana
1030 3213 1137 3265 unciam
1150 3226 1242 3275 uuam,

812 3298 978 3367 Phlegmetis
990 3298 1094 3351 Vitrioli
1106 3298 1200 3349 libram
1213 3296 1367 3362 dimidiam

673 3386 767 3453 Coque
778 3382 883 3437 tamdiu
901 3382 985 3435 donec
996 3384 1087 3435 omnia
1098 3383 1196 3437 fuerint
1208 3382 1349 3447 dissoluta;
1367 3384 1497 3454 liquorem
1510 3384 1631 3455 irigesac

671 3480 730 3524 tum
749 3471 826 3536 filtra,
837 3478 865 3522 ct
881 3486 899 3522 a
915 3470 1043 3538 crystallis
1062 3470 1174 3525 subinde
1191 3473 1262 3526 natis
1282 3490 1389 3543 separa3
1412 3473 1510 3542 liquori
1529 3474 1632 3527 mmduo

672 3555 740 3608 adde
753 3554 813 3608 Olei
824 3555 930 3608 Vitrioli
941 3554 1126 3609 duodecimam
1139 3566 1248 3627 partem.

532 3675 595 3739 Vel
609 3674 773 3757 potius,-

533 3808 634 3875 [Fcrca
645 3812 723 3879 241]
758 3805 790 3873 R
809 3808 902 3878 Aquae
914 3808 1081 3880 Plautagiuis
1093 3812 1256 3879 uncianum,

813 3896 875 3949 Bcli
886 3898 1017 3953 Armeuooe
1028 3899 1195 3954 subtilissime
1206 3903 1358 3973 pulvereum
1370 3904 1562 3969 semiunciam

672 3982 758 4037 Probe
766 3984 940 4039 misceantur:
960 3987 1075 4041 turunda
1084 4004 1117 4039 ex
1129 3989 1212 4043 linteo
1224 4008 1291 4054 raso,
1299 3990 1400 4061 liquore
1409 3992 1459 4047 boc
1470 3994 1633 4057 humectata,

671 4072 730 4123 uari
743 4087 785 4209 g:
805 4088 860 4141 qua
879 4074 989 4144 sanguis
1012 4074 1094 4126 stillat
1118 4074 1234 4140 indatio,
1255 4093 1302 4146 par
1319 4077 1375 4133 dics
1393 4078 1459 4133 duos
1477 4079 1537 4131 istic
1555 4078 1632 4133 reliu-

671 4172 742 4225 quen
777 4194 785 4208 .

576 4276 649 4340 Hoc
668 4277 777 4339 minus
792 4278 993 4357 succedente,
1009 4278 1155 4343 uitriclus
1177 4280 1343 4345 Romanus
1365 4304 1449 4365 aqua
1468 4284 1633 4348 communi

532 4376 732 4457 dissolvatur,
749 4400 813 4461 qua
826 4380 971 4444 turunda
985 4381 1112 4444 imbuta
1131 4382 1202 4445 nari
1218 4382 1350 4445 indatur
1358 4410 1368 4465 3
1391 4385 1515 4467 liquore
1536 4386 1631 4449 etiam

531 4480 593 4542 hoc
610 4480 800 4544 linteamina
822 4482 950 4547 imbuta
964 4490 997 4546 et
1018 4484 1177 4567 applicata
1192 4484 1385 4567 sanguinem
1405 4487 1536 4565 sistunt,
1553 4489 1581 4550 si
1595 4510 1633 4552 ex

532 4588 624 4665 parte
639 4591 773 4648 externa
787 4584 922 4649 diffluat.

564 4722 576 4745 ¹
594 4716 723 4767 Deestboc
732 4734 784 4782 cap.
793 4720 917 4770 medua.
937 4721 976 4769 Cl.
986 4723 1061 4783 Epist.
1140 4728 1153 4767 l
1172 4723 1210 4771 Cl.
1225 4726 1317 4771 Obacro.
1329 4726 1391 4773 Mea
1404 4724 1435 4773 vi.
1449 4724 1470 4775 7.
1483 4725 1498 4770 6
1511 4740 1546 4785 sq.

535 4780 642 4840 Respm
655 4783 675 4829 1.
689 4784 701 4840 t
714 4782 754 4831 47.
1139 4784 1151 4807 ¹
1173 4788 1210 4841 Cf.
1223 4788 1293 4837 sonu.
1306 4790 1346 4837 49.
