3825 5759
617 650 876 715 PROCESSUS
899 651 1102 715 INTEGRI.
1343 654 1407 715 587

306 808 489 872 catharticis
512 798 623 873 cellere
645 810 763 887 soleat3
797 832 871 874 cum
892 812 929 875 in
953 812 993 875 iis
1016 812 1072 895 qui
1096 811 1189 874 facile
1214 818 1404 893 purgantur,
1467 826 1509 873 De

307 932 443 993 syropus
463 912 504 975 de
525 912 618 995 spina
639 914 767 977 cervina
786 915 881 994 solus,
900 915 941 977 ad
961 914 1090 978 unciam
1112 936 1212 977 unam
1234 913 1404 991 exhibitus,
1417 890 1559 971 Q

307 1034 406 1103 aquas
420 1020 470 1077 sat
485 1014 610 1097 copiose
622 1015 738 1093 eliciat,
750 1016 786 1079 in
800 1016 862 1079 illis
873 1038 948 1081 vero
964 1018 1019 1101 qui
1035 1018 1205 1081 difficulter
1215 1023 1405 1099 purgantur,

307 1122 484 1187 cathartica
498 1146 595 1207 supra
609 1125 778 1208 descripta,
790 1133 866 1189 utut
881 1127 995 1205 valida,
1010 1128 1062 1191 vix
1077 1148 1209 1211 scopum
1224 1125 1388 1207 attingant
1396 1151 1406 1202 ;

356 1225 418 1307 [5.]
448 1226 606 1305 Secundo,
632 1228 809 1292 cathartica
830 1229 938 1293 omnia
964 1250 1046 1311 quae
1068 1230 1199 1311 segnius
1221 1234 1406 1311 operantur,

306 1325 409 1407 magis
431 1326 577 1390 officiunt
597 1349 695 1410 quam
720 1336 875 1411 prosunt;
906 1328 1115 1411 quamobrem
1136 1328 1285 1413 purgatio
1310 1327 1406 1410 paulo

307 1427 421 1489 fortior
435 1435 468 1491 et
483 1428 593 1506 nimia,
605 1430 695 1512 justo
710 1428 856 1493 debiliori
870 1438 919 1493 est
933 1430 1142 1513 praeferenda
1149 1455 1159 1508 3

356 1529 416 1611 [6.]
444 1530 563 1608 Tertio,
579 1552 683 1613 aquae
703 1553 742 1595 ea
759 1533 899 1595 maxima
919 1532 1083 1595 celeritate
1102 1530 1264 1595 exhauriri
1286 1529 1406 1593 debent

308 1652 405 1713 quam
427 1632 514 1714 aegri
532 1633 615 1695 vires
634 1633 717 1697 serre
736 1642 865 1717 queant,
881 1656 933 1712 ne,
949 1634 1046 1697 nimis
1065 1634 1164 1715 longa
1183 1632 1269 1695 inter
1288 1652 1405 1714 purga

306 1734 411 1797 tiones
426 1734 594 1799 intervalla
608 1736 800 1815 adhibendo,
816 1758 918 1819 aquae
934 1738 1041 1801 denuo
1056 1737 1178 1800 affatim
1194 1735 1396 1817 colligantur.

357 1835 438 1919 [7.]·
461 1838 521 1900 Est
551 1844 662 1902 autem
686 1838 744 1902 ubi
768 1838 1005 1903 medicamenta
1034 1838 1151 1916 omnia,
1175 1836 1406 1921 qualiscunque
1419 1860 1512 1911 Quoia

308 1938 440 2001 demum
459 1940 595 2021 generis,
616 1962 698 2023 quae
719 1942 827 2004 alvum
847 1948 988 2021 movent,
1006 1961 1135 2025 prorsus
1157 1939 1263 2003 omitti
1282 1939 1406 2022 possint
1418 1940 1560 2037 fffiqcfff

308 2060 345 2103 ac
365 2040 504 2104 debeant
513 2068 524 2119 ;
546 2043 669 2125 quoties
688 2044 774 2107 enim
796 2064 892 2127 aeger
910 2042 1142 2108 constitutione
1161 2048 1210 2106 est
1227 2041 1406 2121 infirmiori,
1418 2053 1555 2104 educatu

307 2140 358 2203 vel
377 2140 518 2205 foemina
531 2144 701 2227 vaporibus
721 2145 869 2225 obnoxia,
885 2167 1041 2228 aquarum
1062 2144 1228 2209 evacuatio
1243 2144 1407 2209 diuretiois
1419 2127 1482 2167 ‘⁰¹¹²

308 2242 413 2305 solum
431 2245 673 2323 committenda,
688 2246 777 2312 inter
791 2270 872 2333 quae
890 2270 929 2312 ea
946 2254 1024 2311 sunt
1039 2248 1256 2311 efficacissima
1273 2268 1355 2330 quae
1369 2269 1409 2310 ex

309 2343 429 2408 salibus
443 2345 634 2411 lixivialibus
649 2350 751 2413 fiunt:
767 2358 860 2429 nt,-
1328 2370 1331 2377 ’

310 2478 412 2541 [Form.
425 2484 501 2549 216.]
538 2479 570 2558 R,
590 2483 717 2538 Cinctum
730 2485 857 2539 Genistae
869 2486 965 2539 libram
979 2503 1074 2548 unam;

452 2565 634 2620 Infimdantur
645 2568 742 2638 frigide
753 2572 781 2623 in
794 2570 857 2623 Vini
870 2570 993 2625 Rhenani
1005 2572 1078 2623 libris
1091 2578 1217 2638 quatuor;
1239 2569 1348 2637 liquoris
1365 2584 1412 2638 per

453 2654 621 2708 filtrntiouem
634 2656 713 2708 colati
724 2659 819 2711 unciae
830 2668 884 2711 tres
895 2675 983 2724 mane,
996 2658 1091 2725 quinta
1104 2654 1294 2725 pomeridiana,
1307 2662 1335 2707 et
1346 2670 1412 2717 sero,

451 2740 562 2809 singulis
573 2739 665 2794 dichm
677 2742 860 2808 exhibeantur,
872 2761 955 2813 usque
968 2742 1031 2795 dum
1043 2742 1140 2793 humor
1150 2740 1294 2793 evanuerit

361 2883 421 2967 [8.]
448 2884 552 2966 Aquis
573 2886 642 2968 jam
663 2887 794 2969 penitus
816 2886 987 2961 evacuatis,
1008 2883 1228 2949 calefacientia
1246 2889 1286 2983 'ct
1308 2902 1412 2945 corro-

310 2987 460 3050 borantia
473 2986 710 3052 medicamenta
722 2990 925 3072 usurpanda:
947 2994 1041 3065 ut,-

315 3117 415 3179 [Form.
428 3121 522 3186 212]t
541 3118 572 3199 R
592 3121 706 3176 Radices
718 3122 844 3193 Raphani
857 3122 1006 3185 Rusticani,

595 3208 671 3263 Folia
683 3210 854 3263 Cochleariae
867 3209 1017 3271 Hortensis,

595 3293 699 3363 [Folia]
712 3295 846 3348 Absinthii
858 3295 991 3365 Vulgaris,

596 3379 699 3451 [Folia]
714 3382 827 3446 Salviae,

596 3466 768 3522 Summitates
780 3470 918 3523 Centaurii
930 3469 1053 3531 Minoris,

596 3554 796 3625 [Summitates]
811 3556 953 3620 Genistae3

453 3640 635 3695 Infundantur
646 3644 675 3695 iu
687 3645 812 3697 cerevisia
824 3643 885 3696 sorti
897 3660 944 3713 pro
955 3650 1021 3713 potu
1033 3640 1179 3695 ordinario:

314 3760 369 3841 qui
384 3767 479 3841 potus
498 3761 668 3843 incipienti
684 3763 832 3847 Hydropi
853 3763 1026 3845 aliquando
1047 3762 1116 3825 sine
1136 3760 1320 3826 catharticis
1341 3760 1415 3823 sub-

313 3862 412 3925 venit.
457 3862 520 3925 Vel
534 3866 683 3946 sequenti
697 3872 811 3928 utatur
821 3890 874 3927 :—

315 3998 416 4060 [Form.
429 3996 505 4060 ata]
542 3996 574 4076 R
595 4000 745 4054 conservae
757 4000 927 4053 Cochlcarine
941 3999 1092 4061 Hortensia,

596 4088 773 4160 [Consertae]
787 4089 921 4143 Absinthii
934 4089 1059 4153 Romani,
1071 4104 1123 4141 aua
1135 4089 1243 4140 unciam
1256 4102 1346 4147 marn,

597 4176 719 4231 Extracti
732 4178 892 4240 Gentianae,

596 4262 745 4331 [Extracti]
760 4264 895 4317 Absinthii
907 4262 1043 4332 vulgaris,

597 4348 747 4416 [Extraoti]
762 4351 899 4403 Centaurii
913 4350 1036 4412 Minoris,
1048 4364 1101 4401 ana
1112 4346 1251 4400 drachmas
1263 4354 1323 4407 tres,

595 4453 656 4488 cum
668 4436 814 4490 sufficiente
826 4438 976 4507 quantitate
990 4436 1086 4506 Syrupi
1099 4453 1113 4487 e
1126 4434 1232 4487 Cortice
1245 4434 1389 4486 citriorum
1400 4456 1406 4497 ;

456 4522 518 4577 Fiat
534 4525 715 4587 electuarium,
727 4524 760 4577 de
772 4542 825 4593 quo
833 4534 923 4578 sumat
934 4524 969 4577 ad
987 4523 1165 4593 quantitatem
1178 4521 1254 4575 nucis
1265 4520 1417 4573 moechatae

455 4618 561 4687 majoris
578 4636 666 4683 mane,
679 4620 773 4689 quinta
790 4619 980 4689 pomeridiana,
992 4628 1019 4671 et
1036 4618 1145 4687 vesperi,
1158 4615 1349 4686 superbibendo
1368 4632 1417 4668 un·

454 4703 510 4755 cias
521 4714 635 4772 quatuor
646 4705 780 4773 sequentis
792 4705 933 4759 infusionis
941 4728 986 4757 :—

381 4828 391 4853 ⁵
409 4822 448 4869 Cf.
460 4824 516 4872 thid.
530 4827 542 4883 t
558 4827 589 4872 ³²
601 4841 636 4887 sq.
954 4828 963 4859 ¹
982 4826 1018 4873 Cf.
1033 4828 1087 4874 ibid.
1101 4830 1113 4887 ς
1126 4826 1165 4881 36,
1178 4832 1201 4872 ct
1213 4826 1282 4873 sonu.
1295 4826 1350 4871 2⁶20.
