3825 5759
691 670 951 737 TRACTATUS
976 674 1005 737 I.
1333 674 1398 737 439

300 834 374 898 solis
403 834 529 897 influxu
552 838 667 915 vegeta
695 839 911 913 conservatur,
938 835 1013 899 lecti
1042 834 1138 914 calor,
1164 833 1281 898 bruma
1308 855 1399 918 prae·
1420 842 1513 891 navo
1497 857 1544 891 οι

299 937 420 1015 sertim,
440 937 515 1001 solis
537 935 639 999 vicem
661 940 699 999 ut
721 943 811 1019 gerat
832 958 963 1002 necesse
984 944 1044 1003 est.
1089 938 1191 1002 Mane
1212 958 1286 1001 vero
1308 936 1399 1021 spiri·
1416 921 1549 981 *⁸93ss-

298 1039 387 1104 tibus
408 1046 476 1103 tam
497 1061 516 1103 a
536 1059 740 1121 praegressae
760 1039 863 1103 noctis
886 1040 995 1125 quiete
1015 1062 1112 1124 qnam
1129 1063 1150 1104 a
1168 1040 1279 1105 lectuli
1297 1040 1401 1105 calore

298 1142 530 1207 refocillatis'
520 1142 666 1225 mvigora
667 1142 782 1224 tisque,
811 1150 902 1225 praet
903 1164 1036 1226 erqnam
1070 1144 1157 1226 quod
1190 1144 1259 1209 dies
1291 1165 1401 1227 super·

298 1246 430 1311 veniens
444 1244 632 1309 firmitatem
652 1265 689 1307 ao
708 1244 808 1309 robur
825 1246 967 1329 corporis
986 1254 1066 1311 tono
1084 1247 1243 1326 conciliet,
1259 1248 1402 1313 diluculo

299 1370 430 1431 surgere
449 1348 511 1412 hoc
531 1354 686 1431 tempore,
705 1348 781 1413 licet
801 1348 914 1413 horam
933 1370 1035 1413 unam
1056 1350 1230 1414 alteramve
1249 1373 1270 1413 a
1288 1372 1402 1414 somno

299 1451 461 1515 matutino
479 1451 637 1530 detrahat,
653 1472 721 1515 non
739 1452 786 1515 ita
805 1450 907 1515 altum
922 1453 1040 1515 vulnus
1060 1453 1209 1516 Naturae
1227 1453 1347 1536 infligit
1364 1474 1403 1517 ac

298 1552 426 1635 vigiliae
446 1553 645 1637 vespertinae
668 1553 709 1617 ad
728 1553 841 1617 horam
862 1575 964 1618 unam
983 1556 1034 1619 vel
1053 1556 1188 1619 alteram
1209 1563 1401 1639 protractae.

300 1654 520 1721 Quamobrem
548 1655 618 1719 istis
649 1656 704 1739 qui
730 1656 895 1739 Podagrae
925 1664 1002 1721 sunt
1030 1658 1170 1738 obnoxii,
1197 1664 1254 1721 aut
1240 1658 1314 1721 thor
1342 1678 1403 1742 ego

300 1757 371 1836 ιιιιι,
386 1758 502 1842 hyeme
521 1758 699 1842 praecipue,
715 1764 753 1822 ut
767 1759 851 1823 lecto
870 1767 998 1823 mature
1012 1760 1188 1825 admodum
1207 1781 1241 1824 se
1255 1760 1402 1825 commit
1487 1773 1544 1835 'pue

299 1865 383 1938 tant,
400 1868 432 1925 et
451 1860 593 1924 diluculo
613 1868 782 1943 exmgant,
799 1863 1005 1945 quantumvis
1025 1884 1158 1926 somnus
1174 1864 1264 1947 justo
1278 1862 1404 1926 brevior
1416 1907 1464 1948 tem
1432 1852 1530 1964 poia

300 1962 434 2027 suadeat
454 1970 492 2027 ut
513 1962 635 2027 diutius
657 1962 812 2027 cubantes
835 1964 975 2029 eundem
996 1964 1103 2029 adhuc
1121 1973 1298 2044 venentur,
1327 1986 1404 2029 cum

299 2086 432 2130 somnus
462 2065 518 2148 qui
547 2065 594 2129 ita
623 2065 764 2130 diluculo
793 2067 928 2151 capitur,
958 2074 1127 2133 secuturae
1156 2068 1261 2132 noctis
1289 2087 1403 2131 somno

298 2166 495 2232 tantundem
523 2168 682 2247 detrahat,
713 2176 809 2252 atque
836 2170 883 2235 ita
910 2170 1044 2235 tandem
1070 2172 1217 2235 Naturae
1241 2171 1274 2233 vi
1301 2170 1402 2249 illata,

299 2275 468 2353 spretoque
484 2268 621 2353 sapienti
636 2271 706 2353 ejus
720 2270 882 2351 instituto,
897 2279 1027 2339 noctem
1041 2295 1101 2357 pro
1115 2273 1168 2337 die
1183 2273 1254 2357 quis
1273 2272 1401 2351 habeat,

300 2372 385 2440 diem
401 2393 567 2454 perversus
582 2394 641 2456 pro
656 2378 762 2437 nocte.

348 2472 432 2559 [ta]
450 2472 605 2539 animo
617 2475 908 2591 anim1tranquillit
910 2500 944 2541 as
955 2478 1046 2543 omni
1060 2499 1120 2561 ope
1131 2477 1323 2541 stabilienda
1333 2482 1401 2555 est3
1416 2494 1466 2543 Ani
1440 2497 1501 2545 ιιιιιιι
1512 2513 1556 2561 μ.

299 2596 374 2639 cum
395 2574 653 2658 perturbationes
675 2596 795 2655 omnes,
819 2578 846 2641 si
867 2580 1022 2662 repagula
1042 2580 1142 2643 semel
1163 2580 1346 2662 effringant,
1362 2577 1457 2671 adne
1415 2560 1499 2609 Μ
1433 2570 1540 2688 mffl'e

299 2678 484 2743 solvendam
495 2680 667 2762 spirituum
681 2680 748 2762 (qui
762 2686 839 2743 sunt
855 2681 1072 2763 digestionum
1083 2683 1321 2764 instrumenta)
1335 2704 1401 2766 sys-
1415 2640 1468 2737 adm
1449 2692 1538 2801 rsetudi

298 2782 394 2861 tasin,
410 2802 447 2845 ao
466 2781 601 2865 proinde
616 2782 657 2847 ad
672 2780 861 2864 Podagrae
852 2789 1098 2861 incrementum,
1113 2783 1255 2847 multum
1269 2760 1474 2847 faciant&
1414 2832 1490 2864 nna
1475 2769 1555 2881 :dvl-

299 2884 443 2949 Prudent
429 2892 480 2949 ter
503 2885 613 2967 itaque
638 2904 747 2947 secum
772 2882 947 2947 meditetur
976 2903 1072 2965 aeger
1095 2884 1300 2946 mortalitatis
1325 2896 1444 2992 suaessia
1415 2881 1509 2939 caum
1465 2883 1553 2993 umbi*

191 2968 195 2983 ⁶
298 2988 526 3067 conditionem,
541 3008 602 3051 nec
622 3006 655 3049 se
674 3006 785 3049 earum
804 3006 886 3067 quae
904 3004 976 3047 eam
990 2990 1170 3067 sequuntur
1183 2960 1456 3057 molestiarumib
1414 2953 1520 3072 ,Tm

298 3098 444 3156 exortem
464 3090 582 3155 stultus
602 3088 771 3173 opinetur.
798 3087 863 3151 sive
882 3087 972 3151 enim
992 3086 1162 3171 suiipsius
1181 3087 1247 3152 sive
1266 3088 1402 3152 aliomm
1413 3074 1520 3202 ιᾱέοᾝι

299 3193 393 3275 culpa
413 3194 498 3256 hanc
520 3192 620 3255 animi
642 3190 878 3306 aegritudinem
898 3190 1013 3274 pmiat,
1028 3212 1097 3255 non
1117 3191 1236 3274 poterit
1257 3212 1453 3274 unquamen
1415 3204 1529 3253 munda

298 3294 421 3359 mundo
435 3294 523 3376 leges
537 3294 613 3357 dare
612 3293 690 3376 ,qui
703 3292 833 3357 nemim·
818 3292 998 3357 hactenus
998 3293 1256 3377 ,quantumlibet
1242 3282 1460 3358 t⁸¹¹¹¹demum
1414 3276 1479 3317 ‘¹¹⁰¹‘

298 3402 414 3480 potens
436 3402 493 3459 aut
515 3396 641 3478 sapiens
661 3395 769 3475 fuerit,
792 3416 917 3479 semper
937 3417 1062 3461 morem
1083 3397 1182 3480 gessit
1192 3423 1202 3476 3
1228 3418 1335 3481 neque
1355 3397 1402 3463 ita

298 3498 448 3581 cuiquam
463 3518 588 3585 semper
602 3518 641 3563 ex
656 3498 756 3563 animi
778 3504 853 3563 voto
870 3498 1028 3563 cedebant
1050 3520 1102 3565 res
1125 3520 1247 3579 omnes,
1267 3522 1305 3565 ac
1318 3522 1402 3565 vana

298 3620 391 3665 mens
411 3600 634 3684 spoponderat,
650 3608 693 3680 at,
709 3601 881 3685 derepente
904 3602 1118 3666 interseram
1140 3610 1312 3686 apparatus
1331 3604 1400 3668 ani·

298 3724 386 3769 mam
405 3724 513 3787 agens,
531 3704 693 3769 humanae
710 3703 894 3787 fragilitatis
914 3704 1076 3789 specimen
1093 3706 1227 3770 tandem
1244 3706 1321 3785 edit,
1339 3707 1400 3771 im·

298 3806 414 3871 merito
429 3827 463 3871 se
477 3806 566 3873 brevi
580 3807 665 3871 vitae
679 3806 792 3901 fructu
803 3808 952 3890 spolians.
984 3808 1078 3873 Idem
1093 3809 1191 3873 etiam
1205 3808 1401 3874 incommodi

297 3910 444 3994 sequitur
457 3909 592 3973 nimiam
607 3910 707 3975 animi
726 3910 768 3975 ad
782 3910 890 3975 studia
903 3918 937 3977 et
956 3932 1008 3976 res
1022 3912 1121 3977 serias
1135 3912 1399 3996 applicationem:

297 4032 373 4077 cum
387 4014 475 4077 enim
497 4014 574 4078 huic
594 4014 708 4079 morbo
729 4034 805 4097 prae
825 4015 959 4081 caeteris
979 3998 1175 4098 quibuslibet
1190 4016 1401 4079 Melancholr'o

297 4114 393 4197 vulgo
408 4115 494 4179 dicta
507 4137 614 4182 comes
629 4137 754 4200 semper
773 4116 954 4195 adhaereat,
970 4118 1027 4201 qni
1041 4118 1071 4181 ei
1090 4124 1167 4181 sunt
1182 4116 1321 4194 obnoxii,
1337 4118 1399 4199 spi-

297 4215 379 4279 ritus
394 4218 547 4283 animales
567 4219 624 4283 diu
644 4220 847 4301 multumque
861 4218 1044 4301 cogitando,
1059 4217 1158 4282 etiam
1174 4238 1242 4281 non
1256 4215 1400 4281 adhibito

298 4318 455 4381 artificiali
476 4319 631 4385 librorum
649 4319 854 4397 adminiculo,
869 4319 1006 4400 fatigare
1025 4318 1129 4383 solent
1143 4324 1240 4399 atque
1255 4316 1398 4395 obruere,

297 4418 358 4485 hoc
372 4420 478 4503 ipsum
492 4422 539 4487 ita
552 4422 643 4487 valde
657 4443 695 4488 ac
711 4422 887 4504 nimiopere
902 4426 1045 4502 agentes,
1059 4426 1097 4485 nt
1110 4420 1252 4503 corporis
1265 4439 1399 4484 oecono-

296 4522 362 4587 mia
383 4522 511 4607 integra
532 4526 669 4610 amplius
691 4523 870 4590 conservari
889 4530 1029 4605 nequeat
1040 4548 1050 4600 ς
1087 4543 1185 4605 qnam
1204 4520 1245 4587 ob
1268 4542 1399 4588 causam

299 4624 348 4706 (ut
363 4625 444 4689 mihi
458 4626 605 4711 videtin)
623 4628 676 4693 hio
690 4626 822 4691 morbus
839 4644 1014 4709 perpaucos
1031 4624 1219 4707 insipientes
1236 4625 1301 4708 (me
1314 4627 1398 4691 exci-

295 4728 363 4811 piat
378 4751 433 4813 qur
424 4730 553 4814 volet)
571 4731 738 4815 occupavit
751 4750 904 4813 uuquam.

344 4830 427 4915 [54]
456 4832 599 4901 caeteris
614 4854 688 4899 vero
708 4831 954 4914 omnibusque
972 4829 1013 4895 td
1030 4829 1266 4914 impediendam
1281 4832 1395 4900 hum
1408 4827 1521 4945 cm:
