3825 5759
681 651 953 716 TRAO'I’ATUS'
969 652 997 715 1.
1325 650 1387 711 all

286 808 408 872 malum
440 806 480 871 ab
514 809 667 875 exercitio
698 813 886 895 quotidiano
911 819 1128 897 praecavetm,
1154 832 1175 873 a
1198 830 1264 895 quo
1289 808 1392 872 oritur
1411 824 1455 872 nr
1467 824 1534 871 ros

286 910 396 976 debita
409 910 584 975 humorum
604 912 784 997 Podagram
805 916 1042 997 generantium,
1057 915 1113 997 qni
1131 935 1232 977 unam
1251 913 1392 994 aliquam
1404 902 1544 969 ..Q-

285 1020 411 1097 partem
432 1014 571 1079 libenter
592 1026 763 1101 occupant,
779 1019 912 1083 difflatio
933 1041 992 1103 per
1006 1040 1104 1083 omne
1122 1038 1249 1101 corpus.
1294 1014 1392 1079 Unde
1404 985 1544 1116 iiim*

286 1118 323 1181 fit
341 1118 402 1199 (uti
420 1118 557 1201 ipsemet
571 1128 721 1205 expertus
742 1124 835 1205 sum,)
854 1122 939 1206 quod
954 1122 1139 1187 exercitatio
1153 1122 1252 1204 longa
1265 1126 1299 1183 et
1313 1140 1391 1201 quo·
1404 1115 1538 1227 ξξζζῆῐζξῒ

285 1221 411 1285 tidiana
430 1243 497 1286 non
516 1230 646 1289 tantum
666 1226 780 1289 officit·
803 1226 1003 1309 generationi
1023 1227 1206 1311 topborum,
1222 1224 1279 1289 sed
1294 1223 1392 1287 etiam
1404 1236 1520 1311 seuseu-

286 1324 402 1407 topbos
416 1332 539 1391 veteres
554 1334 587 1391 et
601 1326 769 1393 induratos
785 1329 887 1408 solvit,
902 1329 999 1392 modo
1013 1350 1081 1393 non
1095 1348 1235 1411 eorrsqne
1249 1326 1391 1391 invalue-
1403 1307 1525 1412 Em?

285 1426 353 1489 rint
367 1434 405 1490 ut
420 1428 521 1491 cutim
537 1428 690 1492 extimam
704 1430 740 1492 in
755 1451 846 1493 suam
861 1429 1075 1494 substantiam
1090 1428 1295 1493 mutaverint.
1403 1429 1548 1505 plerumque

335 1530 420 1613 [560]
447 1532 600 1597 Exercitii
621 1540 727 1615 genus¹
743 1532 828 1615 qnod
850 1538 984 1615 spectat,
1006 1532 1171 1616 equitatio,
1192 1531 1318 1614 quoties
1331 1550 1393 1593 nec
1403 1494 1533 1637 {msto

287 1634 440 1717 grandior
462 1642 549 1700 aetas
568 1656 629 1699 nec
651 1636 793 1699 calculus
813 1635 1027 1713 intercedant,
1041 1634 1174 1719 reliquis
1190 1634 1288 1715 longe
1301 1652 1392 1715 prae·
1405 1639 1459 1715 alh}
1470 1654 1537 1687 exer·

286 1736 420 1800 ferenda
436 1744 495 1801 est
540 1739 584 1803 Et
599 1758 677 1803 sane
692 1738 749 1802 diu
763 1738 969 1821 multumque
983 1758 1111 1802 mecum
1124 1735 1280 1820 reputavi,
1296 1733 1392 1817 quod,
1405 1712 1545 1816 {fflssfffim

287 1838 314 1902 si
329 1840 382 1903 cui
396 1840 611 1905 innotesceret
626 1840 908 1918 medicamentum,
921 1842 1006 1924 quod
1018 1848 1052 1904 et
1062 1840 1165 1905 celare
1175 1839 1281 1917 vellet,
1293 1857 1394 1919 aeque
1406 1840 1449 1880 ⁰¹2

287 1943 398 2007 efficax
417 1942 452 2007 in
474 1943 535 2007 hoc
555 1944 679 2023 morbo,
694 1951 733 2008 ut
750 1944 785 2007 in
807 1944 967 2008 chronicis
987 1944 1159 2027 plerisque,
1175 1964 1212 2006 ac
1233 1948 1283 2005 est
1304 1938 1394 2023 equi·

286 2046 369 2111 tatio
390 2052 541 2109 constans
562 2054 597 2111 et
618 2046 756 2125 assidua,
772 2068 848 2131 opes
867 2046 922 2111 ille
943 2046 1058 2111 exinde
1076 2045 1288 2129 amplissimas
1302 2042 1395 2107 facile

287 2148 489 2213 accumulare
512 2152 644 2231 posset‘.
689 2146 764 2213 Hac
787 2150 815 2213 si
837 2150 888 2213 uti
906 2171 975 2214 non
993 2151 1098 2229 liceat,
1116 2149 1221 2213 vectio
1244 2149 1395 2232 frequens
1408 2155 1531 2217 sequen-

287 2248 323 2315 in
345 2270 443 2314 curru
463 2250 531 2315 fere
553 2250 668 2315 eodem
693 2251 825 2316 recidit:
850 2258 947 2335 atque
969 2254 1005 2316 in
1026 2252 1088 2317 boc
1109 2252 1225 2317 saltem
1248 2252 1395 2334 Podagra
1407 2225 1528 2332 alf?

287 2352 509 2417 laborantibus
535 2356 696 2439 plerisque
721 2356 805 2421 bene
831 2356 1003 2437 estquod
1027 2378 1113 2440 opes,
1133 2377 1216 2439 quae
1237 2356 1394 2434 luxuriae,
1406 2350 1523 2463 §cedride

287 2455 377 2519 unde
387 2456 566 2539 pullulavit
587 2458 730 2537 morbus,
745 2459 947 2523 irritamenta
968 2466 1071 2537 erant,
1090 2460 1261 2523 facultates
1282 2478 1395 2523 currus

287 2558 430 2623 habendi
452 2559 710 2639 subministrent,
726 2582 791 2644 quo
811 2562 873 2625 bac
896 2562 1012 2625 saltem
1031 2560 1269 2624 exercitationis
1291 2560 1395 2643 specie

287 2660 448 2740 fruantrn,
463 2683 538 2727 cum
553 2664 655 2727 altera
666 2664 734 2727 fini
748 2670 922 2746 nequeant.
1101 2658 1106 2666 ’

332 2764 577 2858 Observandum
600 2771 649 2829 est
669 2772 789 2844 autem,
806 2766 892 2848 qnod
914 2765 1100 2829 exercitatio
1120 2765 1157 2827 in
1178 2771 1254 2829 aere
1273 2763 1394 2828 salubri
1408 2778 1487 2854 quue
1498 2779 1548 2854 ruri

288 2866 385 2949 longe
407 2888 445 2931 ea
466 2868 680 2949 praestantior
701 2874 750 2931 est
773 2868 913 2949 quaein
937 2867 1047 2929 minus
1068 2864 1189 2930 salubri
1207 2850 1549 2969 peragiunzffigff

288 2968 357 3033 ruri
371 2968 491 3032 scilicet
502 2969 609 3051 potius
621 2990 718 3052 quam
728 2969 764 3033 in
775 2968 865 3047 urbe,
876 2968 935 3033 ubi
949 2975 1007 3034 adr
1016 2966 1186 3051 vaporibus
1200 2990 1221 3031 a
1233 2969 1395 3031 variorum
1406 2971 1500 3048 snum

289 3070 449 3135 nuscum
471 3070 606 3135 officina
628 3070 854 3135 enantibus
876 3078 926 3135 ea
947 3071 1098 3161 repletus,
1121 3076 1154 3133 et
1176 3052 1480 3157 cuononem?
1492 3051 1518 3083 ¹¹¹
1604 3095 1609 3104 ·

290 3172 449 3236 densitate
464 3174 683 3257 constipatus3
707 3173 810 3257 qualis
825 3182 873 3237 est
888 3174 923 3236 in
938 3172 1088 3237 Irondino
1101 3172 1164 3236 hoc
1177 3179 1299 3251 nostro,
1312 3172 1394 3236 urbe

292 3275 463 3357 (quantum
482 3281 570 3340 certo
588 3276 728 3358 samua)
746 3275 892 3339 omnium
911 3275 1046 3359 quaein
1058 3280 1129 3339 toto
1142 3282 1302 3337 terrarum
1316 3273 1394 3339 orbe

290 3384 377 3455 sunt,
389 3376 627 3459 spatiosissima
651 3378 821 3443 Quarrtum
835 3400 910 3442 vero
924 3378 1054 3442 intersit
1068 3400 1112 3441 an
1126 3377 1197 3460 quis
1211 3376 1289 3455 ruri,
1303 3398 1348 3441 an
1357 3376 1394 3440 in

289 3478 380 3557 urbe,
396 3500 430 3543 se
441 3488 596 3559 exerceat,
613 3481 864 3564 Podagricorum
880 3482 983 3566 quivis
997 3481 1109 3545 meum
1122 3480 1344 3563 persentiscet.

339 3580 421 3665 [57.]
451 3581 547 3647 Quod
569 3582 730 3647 Venerem
757 3584 884 3662 attinet,
906 3584 934 3647 is
960 3583 1015 3667 qni
1036 3589 1107 3647 tam
1128 3580 1277 3664 Podagra
1297 3601 1395 3664 quarn
1408 3593 1491 3668 Qusgn
1502 3590 1550 3639 im·

290 3690 422 3749 senecta
442 3683 578 3763 laborat,
600 3684 874 3769 (quandoquidem
891 3686 1027 3770 jamjam
1047 3705 1087 3749 ea
1110 3683 1283 3767 spirituum
1304 3657 1545 3771 copiam&

290 3786 466 3853 destitutus
488 3792 537 3851 est
558 3808 622 3871 qua
641 3788 863 3853 concoctiones
882 3789 1063 3873 promoveri
1082 3788 1270 3867 debuerant,
1285 3794 1320 3852 et
1337 3808 1397 3871 per
1408 3787 1460 3835 ¹¹⁹st
1471 3788 1509 3834 5¹¹·
1532 3794 1535 3801 '

290 3911 489 3973 consequens
508 3889 628 3975 absque
647 3891 708 3955 hae
727 3890 816 3956 clade
833 3892 1014 3957 adventitia
1031 3892 1183 3957 articulos
1199 3898 1235 3956 et
1256 3892 1396 3975 reliquas
1409 3852 1519 3915 ‘'w''

289 4001 396 4075 partes
411 3993 595 4077 adjacentes
606 3994 679 4077 plus
694 3993 771 4059 satis
781 3993 904 4057 laxatas
919 3993 1062 4057 habetet
1076 3993 1282 4074 debilitatae)
1295 4011 1397 4074 aeque

290 4094 487 4177 improvidus
501 4116 574 4161 meo
590 4095 714 4179 judicio
733 4095 816 4159 foret
830 4094 858 4159 si
871 4095 942 4179 ejus
955 4092 1124 4158 lenociniis
1137 4092 1333 4173 indulgeret,
1348 4099 1396 4154 at-

291 4216 354 4277 que
372 4196 436 4275 ille,
453 4198 518 4281 qni,
534 4218 608 4262 cum
632 4198 767 4281 longum
778 4197 851 4261 ‚iter
866 4195 1086 4262 emetiendum
1100 4194 1287 4277 susceperit,
1304 4193 1397 4257 viati·

292 4318 370 4363 cum
385 4318 481 4365 omne
494 4299 584 4382 prius
599 4299 788 4383 abliguriret
799 4322 897 4383 quam
911 4320 946 4363 se
961 4298 1030 4363 viae
1040 4296 1268 4362 committeret.
1292 4295 1396 4361 Quin·

291 4400 359 4465 imo
381 4405 508 4482 praeter
530 4401 653 4465 malum
673 4400 759 4485 quod
778 4400 841 4465 sibi
863 4400 1007 4479 accersit,
1020 4396 1226 4481 languidiora
1241 4397 1311 4461 aevi
1328 4397 1398 4479 jam

290 4500 470 4565 intimantis
500 4501 658 4568 desideria
689 4524 757 4569 non
787 4502 951 4582 cohibens,
980 4502 1122 4567 maximo
1149 4500 1206 4564 illo
1232 4498 1398 4583 privilegio

290 4603 420 4669 urendi
435 4602 579 4689 jubilaei,
595 4606 682 4691 quod
700 4606 829 4691 speciali
847 4612 944 4689 atque
962 4605 1079 4671 eximio
1102 4604 1250 4669 Naturae
1263 4622 1398 4668 munere

290 4748 294 4759 Ι
326 4795 334 4819 ·
354 4778 434 4854 afficit]
449 4791 489 4840 Sic
501 4774 558 4855 s‘ya
570 4792 597 4839 in
609 4793 708 4840 Elaachc
723 4793 785 4849 lter,
797 4791 824 4839 in
900 4792 907 4819 ¹
925 4789 965 4839 Cf.
982 4804 1034 4853 sup.
1050 4792 1063 4850 ς
1079 4762 1127 4845 sin
1147 4791 1239 4837 Obrera.
1251 4791 1317 4837 Med.
1330 4789 1361 4837 iv.
1374 4790 1400 4841 ⁷.

293 4858 364 4902 textu
374 4856 440 4904 male
451 4874 493 4905 aaa
505 4859 581 4915 «Μ.
871 4856 900 4902 10
912 4870 947 4918 sq.
959 4875 965 4911 ς
984 4856 1086 4902 Dtrma
1097 4856 1174 4916 Epist.
1187 4856 1199 4914 t
1212 4855 1266 4903 no.

818 4938 876 4998 δι
