3825 5759
512 635 574 697 184
820 630 1015 718 ἸῊΟΜΑΕ
1039 629 1295 693 SYDENHAM

358 808 497 857 Moenum
511 799 639 877 pectore
654 799 764 856 tamen
779 798 928 855 nontam
946 789 1183 868 exanthemata,
1199 810 1296 872 quam
1310 790 1456 855 maculae
1473 791 1559 856 latae
1576 799 1610 856 et

358 874 499 954 Q
511 895 637 973 rubrae,
675 894 876 978 superficiem
909 891 993 956 cutis
1023 912 1092 956 non
1124 898 1322 974 superantes,
1353 893 1607 976 conspiciuntur.

512 999 682 1062 Sternutat
708 1017 803 1080 aeger
828 1003 985 1079 tanquam
1010 997 1030 1057 a
1055 1000 1202 1076 suscepto
1227 993 1355 1077 frigore,
1386 995 1610 1060 intumescunt

509 1099 690 1183 palpebrae,
716 1098 823 1181 (paulo
849 1098 971 1161 scilicet
996 1101 1073 1159 ante
1098 1095 1323 1180 eruptionem)
1351 1099 1460 1176 vomit,
1483 1099 1610 1182 saepius

509 1209 621 1266 tamen
635 1201 760 1266 laborat
776 1200 943 1264 diarrhoea
960 1219 1036 1262 cum
1051 1197 1284 1281 dejectionibus
1300 1199 1414 1263 coloris
1429 1199 1608 1279 subviridis,

510 1305 733 1371 dentientibus
762 1311 872 1369 autem
901 1303 1042 1367 maxime
1070 1302 1105 1365 id
1134 1303 1302 1380 convenit3
1339 1303 1481 1368 infantes
1510 1305 1609 1369 ctiam

509 1431 567 1493 per
586 1409 674 1473 hunc
694 1407 844 1472 morbum
864 1407 959 1470 solito
978 1412 1056 1471 sunt
1077 1405 1275 1469 morosiores.
1321 1405 1553 1488 Ingravescunt
1571 1415 1611 1472 nt

356 1536 370 1569 e
395 1521 442 1600 .’⁵·
509 1511 686 1597 plurimum
701 1517 919 1596 symptomata
933 1509 975 1573 ad
992 1515 1145 1592 quartum
1159 1529 1261 1590 usque
1276 1508 1371 1588 diem,
1388 1531 1451 1592 quo
1465 1518 1610 1594 tempore

382 1601 425 1634 ¹¹²·
508 1614 697 1697 plerumque
726 1613 812 1694 (licet
838 1612 880 1676 ad
906 1612 992 1676 diem
1018 1611 1170 1694 quintum
1195 1611 1368 1693 aliquando
1393 1611 1607 1692 differantur,)

509 1717 593 1782 circa
609 1717 759 1780 irontem
784 1723 818 1778 et
842 1715 998 1798 reliquam
1025 1714 1140 1778 faciem
1167 1714 1313 1778 maculae
1341 1735 1456 1796 parvae
1481 1713 1608 1792 rubrae,

508 1820 651 1904 pulicum
674 1817 834 1882 morsibus
859 1816 1046 1900 persimiles,
1066 1815 1194 1900 prodire
1213 1815 1392 1899 incipiunt,
1424 1837 1516 1899 quae,
1539 1823 1609 1880 tam

507 1943 644 1986 numero
660 1942 757 2004 quam
774 1919 1001 2003 magnitudine
1019 1926 1143 1997 anctae,
1158 1919 1346 1983 racematim
1367 1921 1560 1997 coalescunt,
1575 1927 1609 1983 et

508 2025 623 2088 faciem
632 2024 766 2088 maculis
777 2021 883 2086 rubris
895 2021 1080 2105 majusculis
1091 2021 1196 2085 variae
1204 2022 1327 2104 figurae
1337 2021 1607 2105 interstinguunt.

510 2127 602 2192 Quae
621 2125 751 2209 quidem
770 2125 916 2189 maculae
935 2124 1052 2188 rubrae
1074 2144 1092 2187 e
1112 2124 1253 2207 parvulis
1273 2124 1466 2207 quibusdam
1483 2125 1609 2208 papulis

508 2228 615 2292 rubris
630 2227 717 2291 haud
731 2228 828 2310 longe
843 2227 883 2291 ab
898 2226 1036 2291 invicem
1054 2226 1183 2304 dissitis,
1200 2247 1297 2310 supra
1311 2227 1394 2290 cutis
1409 2227 1610 2309 superficiem

509 2331 676 2414 paululum
699 2330 840 2408 elevatis,
866 2329 1058 2406 conflantur,
1082 2350 1219 2412 quarum
1241 2329 1485 2412 protuberantia
1506 2329 1609 2412 digito

508 2433 621 2496 leviter
630 2431 759 2497 admoto
774 2438 864 2495 tactu
874 2437 979 2515 potest
994 2431 1201 2514 deprehendi,
1212 2431 1288 2495 licet
1299 2432 1467 2496 oculorum
1480 2433 1610 2514 longius

508 2540 707 2598 remotorum
722 2535 823 2598 aciem
837 2533 904 2596 fere
919 2532 1063 2616 effugiat.
1094 2534 1127 2596 Α
1140 2531 1247 2611 facie⁸,
1263 2535 1375 2615 quam²
1388 2534 1493 2616 primo
1507 2533 1609 2596 solam

505 2643 678 2721 occupant,
701 2637 821 2700 sensim
851 2636 892 2699 ad
920 2643 1032 2720 pectus
1061 2643 1281 2718 ventremque,
1303 2657 1399 2698 crura
1426 2635 1542 2699 deinde
1571 2657 1610 2700 ae

505 2741 612 2820 tibias,
629 2762 663 2804 se
680 2738 866 2804 diffimdunt
880 2739 941 2802 hae
960 2737 1105 2801 mamilae
1113 2763 1123 2816 ;
1146 2738 1220 2800 licet
1234 2744 1388 2801 truncum
1407 2744 1503 2821 atque
1520 2745 1609 2801 artam

506 2845 624 2909 nabore
637 2843 783 2908 inliciant
797 2849 936 2920 tentum,
948 2841 1039 2905 nulla
1052 2840 1229 2905 eminentia
1239 2840 1382 2905 sensibili
1396 2840 1479 2904 cutis
1493 2862 1609 2924 acqua·

506 2947 666 3012 bilitatem
696 2953 922 3029 transgressae.
983 2941 1047 3028 [5.]
1075 2942 1255 3026 Eruptione
1284 2942 1511 3007 Morbillornm
1541 2963 1610 3005 non

506 3050 639 3134 perinde
654 3049 852 3114 deliniuntur
867 3053 1092 3130 symptomata,
1111 3052 1207 3128 atque
1221 3045 1412 3109 variolarum
1420 3071 1431 3123 ;
1452 3045 1609 3109 vomitum

504 3160 618 3216 tamen
634 3159 707 3235 post
726 3151 927 3233 eruptionem
941 3170 1111 3232 nunquam
1127 3148 1309 3226 observavi,
1330 3147 1485 3212 tussicula
1494 3147 1609 3213 nihilo-

509 3253 615 3316 minus
630 3251 789 3334 febrisque
803 3249 1028 3329 intenduntur,
1044 3271 1120 3313 cum
1135 3249 1277 3333 spirandi
1291 3249 1486 3328 difficultate,
1502 3249 1609 3312 oculo·

506 3375 582 3419 rum
599 3352 774 3430 debilitate,
789 3351 1031 3434 defluxioneque
1045 3351 1081 3414 in
1097 3351 1228 3416 eosdem
1243 3351 1467 3429 decumbente,
1482 3372 1609 3414 somno-

506 3456 608 3520 lentia
621 3462 785 3538 perpetua,
802 3461 898 3536 atque
916 3453 1144 3536 inappetentia,
1159 3453 1210 3516 uti
1228 3454 1326 3536 prius,
1341 3453 1446 3516 adhue
1464 3473 1609 3536 perseve-

507 3557 664 3622 rantibus.
709 3557 772 3621 Die
791 3563 881 3619 sexto
896 3563 953 3619 aut
973 3555 1106 3633 circiter,
1121 3554 1209 3620 frons
1228 3563 1261 3620 et
1278 3555 1375 3618 facies
1394 3562 1609 3638 asperescunt,

509 3657 738 3723 emorientibus
758 3657 896 3742 pustulis
917 3664 1076 3740 ruptaque
1098 3657 1246 3734 cuticula,
1269 3664 1303 3720 et
1323 3677 1381 3740 per
1402 3656 1436 3718 id
1458 3656 1611 3738 temporis

509 3762 653 3825 maculae
673 3781 731 3844 per
749 3761 909 3844 reliquum
929 3780 1043 3842 corpus
1065 3765 1098 3823 et
1115 3759 1287 3822 latissimae
1310 3766 1396 3837 sunt,
1417 3765 1451 3821 et
1471 3759 1611 3822 maxime

508 3863 693 3927 mbescunt.
739 3863 861 3926 Octavo
876 3862 1011 3941 circiter,
1027 3861 1078 3925 die
1092 3862 1238 3925 maculae
1256 3861 1292 3924 in
1308 3861 1388 3924 facie
1406 3867 1610 3940 evanescunt,

509 3974 542 4031 et
556 3966 608 4030 vix
626 3967 660 4030 in
679 3966 802 4050 reliquo
824 3985 955 4049 corpore
974 3971 1170 4042 cernuntur3
1192 3985 1280 4028 nono
1301 3984 1386 4042 vero,
1405 3963 1514 4028 nullae
1534 3970 1612 4028 sunt

509 4091 647 4155 prorsus,
662 4071 742 4134 facie
757 4077 853 4152 atque
868 4068 1012 4146 artubus,
1029 4066 1219 4150 quandoque
1234 4072 1267 4132 et
1281 4073 1351 4130 toto
1366 4087 1507 4149 corpore,
1521 4066 1612 4149 quasi

508 4175 613 4239 farina
626 4172 812 4258 conspersis,
824 4170 988 4256 particulis
999 4169 1119 4234 seilicet
1133 4169 1296 4252 disruptae
1307 4169 1466 4234 cuticulae
1479 4170 1613 4252 paulum

509 4278 638 4342 elevatis
653 4285 686 4342 et
699 4277 753 4340 vix
769 4273 1023 4352 cohaerentibus,
1039 4293 1131 4356 quae,
1146 4271 1260 4336 morbo
1270 4272 1339 4356 jam
1356 4271 1561 4352 abitunente,
1576 4271 1613 4334 in

508 4380 612 4444 frusta
622 4380 819 4458 distrahitur,
832 4385 864 4442 et
878 4385 990 4461 postea
1000 4397 1020 4439 a
1032 4383 1103 4440 toto
1113 4395 1245 4459 corpore
1259 4375 1500 4457 squamularum
1510 4376 1614 4439 forma

510 4482 638 4547 decidit.
689 4481 751 4569 [4.]
775 4483 980 4546 Evanescunt
993 4479 1102 4562 itaque
1113 4477 1259 4542 Morbilli
1273 4477 1401 4541 diesem
1415 4484 1536 4555 octavo,
1550 4497 1614 4560 quo

510 4590 654 4667 tempore
668 4584 783 4665 vulgus
800 4583 832 4662 (a
846 4581 950 4666 spacio
966 4601 1029 4663 quo
1042 4579 1216 4664 perdurare
1230 4579 1334 4643 solent
1348 4577 1485 4643 variolae
1500 4577 1613 4660 decep·

511 4685 605 4766 tum,)
623 4684 752 4748 eosdem
773 4685 857 4748 intro
874 4684 954 4746 verti
976 4683 1123 4761 affirmat,
1143 4681 1228 4764 (licet
1242 4701 1353 4744 revera
1372 4679 1420 4742 illi
1441 4700 1572 4742 cursum
1595 4700 1615 4741 a

574 4819 584 4842 ¹
594 4810 674 4875 facie]
687 4813 750 4859 melta
762 4811 797 4858 ed.
810 4811 858 4862 ‘ta
1155 4807 1163 4833 ²
1181 4807 1376 4872 qaam-remim]
1388 4823 1436 4856 ona
1449 4809 1487 4856 ed.
1498 4807 1547 4857 ’id
