3825 5759
480 592 505 653 6
665 586 772 653 ΤΗΟ.
796 582 1055 651 SYDENHAM
1078 583 1268 649 OBSERV.
1291 580 1403 648 MED.

326 768 465 817 ussssous
480 752 661 829 eruditione,
682 770 760 831 quae
785 748 854 812 libi
875 768 896 810 a
917 766 965 810 me
986 746 1112 827 imponi,
1126 746 1156 808 si
1176 744 1212 806 id
1231 746 1313 807 serio
1334 764 1467 827 aperan,
1482 749 1583 811 mella.

327 834 468 947 Εξῗᾋζ
481 860 569 919 tenus
576 857 763 936 paterentur
770 878 781 926 ;
804 851 1014 915 multominus
1030 849 1077 911 Pu
1094 847 1167 911 Tibi
1182 848 1365 929 imposueris
1378 849 1450 912 istis
1463 852 1584 932 capes-i-

337 964 466 971 ”“““
480 959 602 1035 neentis,
618 956 727 1039 quibus
746 956 780 1017 in
797 955 872 1017 licis
893 954 989 1017 etiam
1002 952 1107 1033 aspris
1126 951 1350 1029 nanmdlornnn,
1366 972 1445 1033 quae
1465 955 1516 1016 nel
1535 956 1586 1017 bic

482 1060 642 1142 descripsi,
657 1058 706 1122 uel
722 1058 791 1121 bibi
806 1058 886 1120 olias
901 1056 1063 1140 affimant,
1077 1055 1239 1117 veritatem
1253 1054 1468 1135 comprobasti.
1491 1056 1586 1119 busti

477 1168 652 1245 praeterea,
668 1180 761 1243 ossam
774 1160 846 1223 baia
866 1178 952 1222 oseae
972 1157 1113 1221 methodo
1133 1156 1358 1239 mffrapantem
1378 1158 1517 1238 babeam,
1533 1160 1587 1241 qui

482 1287 552 1330 eam
576 1266 716 1327 intimius
737 1283 799 1345 per
828 1262 931 1327 omnia
953 1266 1168 1343 perspecerat,
1196 1261 1320 1342 utrique
1347 1266 1487 1323 nostrum
1514 1282 1587 1325 con-

475 1369 716 1451 junctissimum,
739 1367 822 1429 Dm·
845 1366 1018 1429 Jabannem
1040 1364 1147 1436 Locls,·
1184 1383 1243 1445 quo
1269 1362 1390 1445 quidem
1418 1364 1497 1443 niro,
1522 1366 1587 1428 sive

483 1473 605 1555 inpendo
625 1470 804 1552 judicioque
830 1469 898 1531 acri
926 1472 957 1531 et
984 1466 1120 1544 ncbacto,
1145 1467 1210 1528 sine
1235 1466 1330 1528 etlam
1354 1466 1491 1547 antiquis
1518 1468 1589 1549 (boc

483 1580 540 1653 est,
559 1572 710 1657 optimis)
731 1569 875 1649 moribus,
896 1572 950 1633 oola
968 1570 1156 1650 superiorem
1174 1588 1344 1650 quenquam
1363 1569 1446 1631 inter
1463 1590 1515 1632 eos
1534 1572 1589 1652 qui

483 1696 563 1741 num
591 1682 663 1739 sunl
692 1676 828 1738 bonslnes
856 1677 1014 1755 repertum
1041 1672 1085 1735 iri
1113 1671 1242 1753 confido,
1265 1672 1473 1753 paucissimos
1506 1680 1590 1738 certe

480 1800 585 1863 pares.
636 1779 748 1841 Verum
762 1796 823 1839 non
837 1795 913 1856 opus
927 1781 974 1838 est
987 1780 1023 1837 ut
1036 1775 1167 1837 ulterius
1184 1776 1281 1838 uuam
1295 1774 1393 1855 fidem
1414 1776 1587 1855 sollicitesn,

485 1884 523 1945 de
548 1902 623 1965 qua,
628 1880 756 1962 jamdiu
774 1878 1032 1960 pooasissimo
1056 1896 1133 1940 sum,
1181 1878 1326 1941 Caeteros
1354 1878 1439 1962 quod
1464 1880 1588 1958 attinet,

475 1984 627 2067 jacienda
644 1984 714 2045 aleo
731 1987 787 2060 est,
803 2000 881 2064 quae
895 1986 1047 2062 utcunque
1061 1980 1217 2059 ceciderit,
1232 1986 1347 2043 sortem
1360 1981 1448 2043 baad
1456 1988 1589 2063 praerato

478 2086 594 2169 seram.
638 2086 714 2149 llum
728 2085 886 2166 enimjom
899 2104 993 2147 senen
1006 2079 1075 2162 sim,
1091 2088 1122 2146 el
1139 2083 1270 2165 (Summi
1283 2083 1446 2147 Nomms
1453 2082 1588 2167 sanare)

488 2195 607 2253 tontum
630 2188 707 2250 mibi
726 2188 769 2250 sit
790 2186 898 2250 viatici
918 2192 1066 2271 plantum
1087 2192 1189 2249 restat
1209 2188 1287 2263 uiae,
1312 2187 1351 2249 de
1371 2187 1489 2269 reliquo
1511 2186 1591 2249 dabo

488 2312 622 2374 operam,
644 2296 689 2369 ut,
712 2308 768 2353 neo
788 2290 851 2370 ipsi
875 2289 952 2351 mibi
976 2308 1072 2369 neque
1093 2289 1166 2351 aliis
1186 2290 1340 2367 ooalestus,
1354 2308 1423 2353 eum
1445 2308 1593 2374 assequar

480 2395 648 2477 felicitatis
665 2393 788 2457 modum
803 2412 891 2475 quem
905 2395 952 2455 ita
966 2392 1123 2473 elepanler
1141 2392 1284 2474 depinait
1303 2394 1360 2457 Vir
1373 2390 1594 2475 Muqnofs-

597 2548 612 2573 ‘⁸
621 2546 689 2595 Pelio
699 2548 739 2594 ille
750 2548 828 2601 animi,
841 2546 951 2608 Dictoque
961 2546 1090 2592 simillimus
1100 2548 1164 2606 ipsis,

622 2630 693 2679 Quem
704 2642 748 2675 non
758 2629 862 2675 mendas-s·
872 2628 1018 2687 resplendens
1026 2628 1103 2688 gloria
1107 2624 1167 2687 suco

622 2710 745 2767 Sollicitat,
757 2725 801 2756 nan
805 2705 893 2769 saetosi
902 2710 965 2755 nala
973 2710 1063 2769 gaudia
1073 2710 1148 2756 lusus.

623 2792 670 2840 Sed
680 2794 763 2840 tacitos
773 2794 831 2839 sinit
840 2794 873 2839 ire
883 2792 939 2848 dies,
951 2797 975 2838 et
983 2806 1087 2852 paupere
1097 2792 1161 2839 cultos

623 2874 707 2937 Ess'gs't
718 2876 827 2921 innocuae
838 2874 966 2935 tranquilla
976 2874 1070 2921 silentia
1079 2870 1332 2937 oilae.”·—[Palitisni
1343 2876 1411 2925 Boset.
1426 2874 1455 2928 ll
1467 2874 1518 2940 σῳ]

541 3006 631 3079 Quod
656 3011 766 3083 restat,
796 3005 973 3069 euocandus
1000 3005 1079 3067 mibi
1106 3025 1140 3069 es
1167 3011 1203 3069 ut
1230 3008 1289 3071 boc
1310 3010 1461 3091 propensi
1488 3009 1524 3071 in
1555 3008 1597 3071 Te

494 3110 600 3186 animi,
619 3114 659 3186 et,
675 3128 732 3189 quo
752 3113 783 3170 le
794 3127 977 3189 prosequor,
993 3108 1119 3171 boson
1132 3109 1255 3191 pipsms,
1271 3112 1361 3192 aequi
1380 3110 1508 3192 bonique
1525 3130 1598 3173 con·

494 3212 598 3283 sulas;
615 3212 804 3291 praesertim
826 3230 894 3273 cum
915 3212 999 3273 nullo
1011 3211 1086 3293 jure
1111 3212 1181 3274 libi
1201 3214 1350 3293 imputari
1364 3214 1489 3294 possint
1510 3218 1598 3295 atsat-

495 3317 569 3395 quot
590 3312 624 3373 ln
645 3313 702 3374 boc
724 3332 814 3393 opere
836 3314 925 3375 noem
947 3333 986 3377 ac
1007 3312 1189 3399 σφάλματα
1210 3316 1448 3397 companoerint,
1470 3336 1601 3401 quarum

496 3414 629 3477 amnium
643 3415 677 3477 in
694 3435 741 3478 nse
758 3416 855 3478 solum
870 3415 1010 3479 audenda
1033 3423 1079 3480 est
1092 3416 1193 3499 faba!
1201 3444 1212 3494 ,·
1234 3440 1291 3483 nec
1314 3420 1361 3483 Tu
1375 3420 1557 3501 plectendus
1569 3419 1601 3481 si

497 3516 575 3601 quid
583 3514 728 3598 epofarte
740 3516 941 3583 deliraverol.
980 3520 1153 3593 Quamlibet
1163 3541 1258 3604 neqnse
1269 3524 1334 3605 ejus
1345 3543 1432 3605 queen
1442 3520 1601 3584 econtlooi

497 3618 613 3683 laboris
637 3620 735 3683 omnis
759 3622 836 3683 mibi
849 3620 980 3702 fructus
995 3624 1140 3704 perierit,
1163 3644 1233 3687 cum
1255 3626 1306 3688 nel
1326 3644 1366 3688 ec
1390 3622 1555 3686 erroribus·
1569 3626 1600 3685 et

496 3724 787 3789 hallucinationibus
806 3726 882 3789 meis
902 3746 1011 3789 ansam
1029 3732 1139 3790 nactnss
1148 3724 1244 3808 filma
1263 3747 1325 3809 ossa
1343 3726 1479 3790 ominibus
1489 3726 1604 3809 palam

489 3824 614 3909 sociam
628 3833 745 3910 planta
765 3828 806 3891 Te
820 3830 919 3893 colom
933 3830 1083 3909 amicilia,
1099 3836 1130 3893 et
1143 3830 1226 3913 quood
1237 3850 1277 3893 ec
1291 3831 1394 3893 anima
1407 3830 1467 3893 sim

986 3932 1055 3995 bibi
1067 3952 1187 4015 semper
1201 3932 1429 3997 addictissimum

545 4040 650 4114 [luto]
1085 4036 1272 4101 THOMAS
1292 4037 1557 4101 SYDENHAM.

534 4236 542 4269 ¹
562 4242 604 4287 Vir
614 4238 731 4303 Magnus]
741 4240 945 4289 Fracostors'used.
956 4240 1028 4293 1676.
1073 4246 1168 4334 lappe
1186 4240 1287 4290 Emmi
1296 4242 1377 4305 Adog.
1389 4242 1406 4290 i.
1419 4242 1442 4291 1.
1455 4243 1494 4291 84.

533 4307 613 4353 ⁸eud.
629 4314 663 4352 est
674 4302 750 4367 saba]
769 4308 784 4331 ‘⁴
794 4306 873 4353 Istaec
888 4306 913 4353 in
928 4320 969 4353 me
985 4321 1028 4353 cu·
1145 4305 1286 4369 deliramus]
1318 4306 1471 4371 “Quicquid
1500 4305 1604 4353 delirant

501 4368 762 4425 detuslsbn,”i.e.1n
778 4374 864 4417 nebus
874 4373 1029 4419 mamotrect-
1073 4384 1150 4433 reges,
1173 4370 1314 4434 plectamus
1335 4372 1451 4420 Achivi.”
1503 4370 1603 4434 (Haut.

501 4434 548 4479 det.
571 4430 669 4479 Terent.
677 4434 739 4481 Eun.
752 4434 777 4481 ii.
793 4436 816 4481 ³.
828 4434 868 4493 89,
883 4434 925 4483 ubi
942 4450 965 4484 v.
984 4434 1028 4483 In·
1074 4436 1122 4497 Ep.
1133 4435 1150 4483 i.
1164 4437 1186 4483 2
1200 4436 1251 4496 14.)
