3825 5759
399 645 797 710 OBSERVA'PIONUM
820 646 1107 713 MEDICARUM
1130 657 1162 708 V.
1182 661 1208 719 2,
1226 660 1251 710 3.
1316 653 1381 714 217

273 829 377 892 nsque
391 809 610 891 depauperato
624 807 865 892 debilitatoque,
881 815 919 872 ut
934 831 1054 887 succos,
1071 832 1150 894 quos
1165 817 1310 874 recenter
1324 811 1379 873 ad-
1413 830 1512 876 aaran

273 919 382 974 vectos
398 911 547 994 nequiret
570 909 754 988 assimilare,
771 931 827 994 per
850 911 981 976 sudores
997 913 1111 996 ejicere
1126 913 1311 991 moliretnr;
1333 914 1380 976 ita
1392 895 1532 1005 wolffg,

273 1014 399 1076 affectis
422 1012 540 1076 author
566 1033 691 1096 semper
716 1013 764 1076 sui
789 1019 827 1076 ut
853 1014 990 1096 singulis
1016 1015 1137 1078 auroris
1166 1015 1531 1102 noctibusquea‘va-—aa

273 1115 454 1180 cochlearia
469 1116 630 1199 quinqne¹¹
645 1116 695 1179 vel
715 1137 769 1179 sex
785 1117 850 1178 vini
866 1117 1060 1180 Malacensis
1078 1118 1257 1181 annosioris
1271 1119 1379 1182 hauri-

273 1227 357 1296 rent,
374 1221 468 1303 cujus
491 1241 555 1281 usu
578 1217 682 1300 aegris
701 1218 782 1281 vires
805 1219 992 1283 crescebant
1010 1221 1142 1302 jugiter,
1158 1229 1191 1284 et
1214 1242 1380 1285 evanesce·

273 1319 355 1384 bant
385 1321 528 1385 sudores.
575 1321 683 1404 Atque
709 1321 788 1385 haec
812 1321 852 1386 de
879 1323 981 1386 Fehre
1007 1323 1105 1408 hujus
1131 1323 1381 1387 Constitutionis

274 1422 450 1503 Continuo,
477 1434 604 1506 quam0,
627 1423 669 1487 ob
693 1424 855 1507 insignem
881 1433 1046 1508 stuporem
1069 1447 1141 1489 eam
1166 1426 1233 1492 fere
1255 1448 1381 1510 semper

273 1525 496 1605 comitantem,
513 1525 604 1591 lubet
622 1527 815 1591 Cornutorum
830 1529 999 1612 appellare.

640 1801 644 1806 ·
726 1767 823 1830 CAP.
848 1767 935 1830 111.»

644 1929 787 1992 Morbilli
801 1931 895 1992 ιιηνιὲ(ι
912 1929 1006 1992 1674.

316 2062 477 2126 Oamrvrr
502 2085 598 2140 anno,
619 2085 729 2127 mense
749 2065 868 2128 scilicet
893 2065 1058 2142 lanuario,
1080 2065 1212 2142 1673-4,
1232 2065 1378 2148 ingressa

273 2170 322 2226 est
343 2164 573 2229 Morbillorum
594 2167 712 2249 species
730 2167 890 2250 quaedam
910 2167 950 2230 ab
973 2189 1011 2230 ea
1025 2167 1149 2230 diversa
1164 2188 1246 2250 quae
1264 2169 1378 2232 eodem

272 2286 388 2330 mense
407 2288 495 2330 anno
516 2268 668 2346 lesa-70,
683 2268 843 2332 invaserat
852 2294 862 2345 ;
883 2289 989 2351 neque
1011 2275 1123 2332 tamen
1143 2269 1251 2333 minus
1270 2270 1377 2353 epide-

273 2369 360 2433 mice
374 2369 559 2434 saeviebant
570 2370 605 2433 hi
616 2378 713 2454 atque
727 2371 791 2448 isti,
802 2370 858 2434 sed
873 2393 939 2434 non
951 2371 1084 2455 perinde
1097 2379 1189 2436 erant
1204 2374 1376 2455 regulares,

273 2491 383 2555 neque
397 2472 445 2535 ita
465 2479 653 2536 constanter
667 2481 781 2557 typum
802 2473 1035 2538 observabant:
1057 2495 1146 2538 nune
1161 2476 1248 2539 enim
1271 2476 1375 2552 citius,
1390 2491 1500 2568 Morbilli

273 2594 366 2637 nunc
386 2573 496 2652 serius,
513 2575 734 2658 erumpebant,
750 2597 827 2639 cum
841 2576 877 2638 in
897 2577 961 2640 alia
975 2577 1080 2660 specie
1098 2578 1225 2660 eruptio
1239 2577 1275 2640 in
1289 2578 1376 2642 diem
1387 2558 1534 2682 ξζᾞέζῃ

274 2675 315 2738 ab
337 2675 503 2740 invasione
518 2686 668 2760 quartum
686 2699 811 2762 semper
832 2679 989 2742 incideret
998 2705 1008 2756 3
1032 2679 1161 2754 adhaec,
1177 2679 1327 2742 humeros
1342 2685 1376 2742 et
1389 2686 1522 2760 stitutionis

273 2783 419 2842 caeteras
433 2779 541 2842 trunci
557 2787 663 2862 partes
679 2781 818 2864 primum
833 2780 1045 2864 occupabant,
1061 2801 1136 2842 cum
1151 2780 1207 2842 isti
1221 2779 1314 2843 alteri
1330 2780 1376 2842 fa·
1388 2750 1496 2859 fflffi,

273 2880 360 2944 ciem
379 2881 520 2964 primum
536 2889 691 2966 peterent,
707 2891 741 2948 et
755 2884 791 2946 in
810 2885 971 2966 reliquum
984 2903 1101 2965 corpus
1115 2881 1271 2964 paulatim
1290 2902 1376 2963 epar.
1389 2876 1531 3002 qffipit

273 2991 449 3066 gerentur;
472 3005 533 3049 nec
552 2985 613 3049 hac
630 2987 665 3049 in
689 2987 793 3070 specie
811 2986 982 3049 observare
1002 2983 1104 3062 licuit,
1124 2983 1189 3046 nisi
1205 2981 1376 3059 rarissime,
1389 3003 1435 3050 bus
1444 3005 1496 3065 ,ιω

272 3107 328 3150 eas
351 3088 511 3152 cuticulae
534 3089 846 3173 desquammationes
868 3087 909 3152 ad
932 3088 1036 3150 instar
1056 3086 1180 3150 farinae
1202 3085 1376 3169 inspersae,
1389 3067 1522 3131 descaptn.

273 3189 401 3272 quotics
420 3191 608 3256 recederent
627 3191 781 3270 Morbilli,
798 3213 880 3274 quae
900 3191 936 3254 in
956 3190 1020 3254 alia
1039 3189 1144 3274 specie
1163 3188 1252 3252 haud
1269 3189 1378 3252 minus

273 3299 364 3356 certo
382 3293 661 3376 conspiciebantur
679 3316 775 3377 quam
795 3301 866 3377 post
885 3293 983 3357 febris
1001 3292 1192 3357 scarlatinae
1211 3291 1378 3355 decessum

273 3396 417 3478 conspici
439 3397 553 3460 solent.
599 3397 712 3460 Plures
733 3397 866 3480 insuper
888 3419 905 3461 e
928 3396 1036 3460 medio
1057 3395 1225 3473 tollebant,
1252 3395 1378 3478 quoties

273 3498 423 3581 imperite
452 3505 678 3578 tractarentur,
710 3521 807 3582 quam
836 3499 957 3582 priores
987 3499 1035 3561 illi
1045 3523 1054 3575 ;
1092 3496 1191 3560 febris
1226 3498 1315 3561 enim
1344 3505 1377 3562 et

274 3600 447 3684 dyspnoea,
474 3623 556 3685 quae
586 3601 746 3666 Morbillis
773 3601 1023 3666 abiturientibns
1049 3599 1195 3663 solebant
1223 3601 1376 3679 accidere,

274 3701 528 3768 vehementiores
549 3711 651 3783 erant,
667 3711 701 3768 ct
724 3703 1025 3788 peripneumoniam
1039 3701 1093 3765 hic
1114 3702 1246 3785 propius
1261 3703 1376 3767 refere-

274 3804 365 3885 bant,
381 3828 478 3890 quam
498 3807 534 3870 in
556 3807 657 3872 altero
677 3829 804 3891 genere.
850 3804 1102 3872 Quantumlibet
1122 3811 1233 3868 autem
1254 3805 1377 3869 sinerint

275 3910 416 3972 anomali
438 3917 535 3992 atque
555 3909 745 3992 irregrlares
764 3909 800 3972 hi
821 3907 968 3972 Morbilli
988 3906 1094 3990 quoad
1112 3907 1181 3990 jam
1199 3915 1378 3971 memorata

275 4019 500 4094 symptomata,
512 4011 548 4075 in
559 4012 737 4096 praecipuis
751 4019 863 4075 tamen
878 4010 955 4074 satis
970 4009 1010 4073 iis
1025 4007 1228 4092 competebat
1243 4008 1379 4074 historia

276 4113 429 4196 quamde
445 4112 605 4180 Morbillis
622 4115 676 4198 [iv.
693 4135 720 4178 c.
737 4114 783 4197 5.]
803 4113 931 4191 tradidi,
947 4134 1023 4176 cum
1043 4110 1173 4175 morbos
1193 4111 1272 4173 anni
1291 4111 1378 4175 1670

276 4217 468 4299 epidemicos
483 4217 712 4281 describerem:
736 4237 818 4302 quae
836 4215 955 4280 idcirco
970 4213 1270 4298 impraesentiarum
1288 4233 1377 4295 repe-

276 4319 376 4383 tenda
389 4341 457 4384 non
472 4321 543 4385 erit.
589 4321 646 4399 Hi,
664 4321 714 4384 uti
734 4320 833 4384 etiam
849 4319 971 4402 priores
990 4317 1055 4394 isti,
1071 4316 1113 4380 ad
1127 4337 1262 4379 vernum
1276 4335 1378 4398 usque

278 4422 517 4510 aequinoctium
550 4421 797 4500 invalescebant,
828 4443 848 4485 a
878 4441 941 4504 quo
971 4427 1115 4502 tempore
1148 4416 1378 4496 decrescentes,

278 4530 448 4606 appetente
464 4523 599 4587 solstitio
614 4524 742 4602 aestivo,
757 4530 816 4588 aut
831 4543 898 4592 non
913 4521 971 4584 din
985 4527 1067 4604 post,
1080 4539 1251 4584 evanuere.

326 4625 387 4709 [2.]
415 4626 557 4704 Curatis,
569 4647 644 4690 cum
658 4628 749 4690 nulla
762 4626 862 4690 ferme
874 4626 909 4688 in
920 4645 955 4688 re
971 4623 1010 4686 ab
1026 4623 1081 4688 illa
1092 4623 1219 4686 differat
1235 4645 1328 4707 quarn
1343 4624 1379 4685 in

312 4783 324 4806 ¹⁸
335 4782 433 4842 quinque
443 4782 478 4826 vel
485 4777 536 4840 ser]
546 4781 720 4841 triaquotuoroe
728 4779 818 4829 ed'l'b.
885 4786 896 4817 Ρ
914 4779 990 4826 Deest
1000 4779 1046 4826 hoc
1058 4793 1109 4841 cap.
1121 4777 1148 4825 in
1159 4778 1212 4825 edd.
1224 4779 1272 4835 bo,
1284 4779 1331 4824 ¹68.

313 4849 325 4870 ⁰
341 4843 538 4904 qoam-oppett.]
551 4857 598 4890 om.
610 4845 645 4893 ed.
658 4847 707 4895 ³76.
886 4851 897 4883 t
914 4848 970 4892 orriri
985 4843 1060 4906 1674]
1072 4859 1119 4892 orn.
1131 4844 1168 4891 ed.
1181 4844 1227 4892 ’ta

810 4925 860 4988 rf
