<?xml version="1.0" encoding="UTF-8"?>
<!DOCTYPE html PUBLIC "-//W3C//DTD XHTML 1.0 Transitional//EN"
    "http://www.w3.org/TR/xhtml1/DTD/xhtml1-transitional.dtd">
<html xmlns="http://www.w3.org/1999/xhtml" xml:lang="en" lang="en">
 <head>
  <title>
</title>
<meta http-equiv="Content-Type" content="text/html;charset=utf-8" />
  <meta name='ocr-system' content='tesseract 3.04.00' />
  <meta name='ocr-capabilities' content='ocr_page ocr_carea ocr_par ocr_line ocrx_word'/>
</head>
<body>
  <div class='ocr_page' id='page_1' title='image "./thomaesydenhamm00greegoog_0246.png"; bbox 0 0 3825 5759; ppageno 0'>
   <div class='ocr_carea' id='block_1_1' title="bbox 493 649 1288 717">
    <p class='ocr_par' dir='ltr' id='par_1_1' title="bbox 493 649 1288 717">
     <span class='ocr_line' id='line_1_1' title="bbox 493 649 1288 717; baseline -0.001 -2"><span class='ocrx_word' id='word_1_1' title='bbox 493 651 560 716; x_wconf 79' lang='lat'><strong>214</strong></span> <span class='ocrx_word' id='word_1_2' title='bbox 805 651 1001 717; x_wconf 77' lang='lat' dir='ltr'><strong>THOMAE</strong></span> <span class='ocrx_word' id='word_1_3' title='bbox 1025 649 1288 715; x_wconf 80' lang='lat' dir='ltr'><strong>SYDENHAM</strong></span> 
     </span>
    </p>
   </div>
   <div class='ocr_carea' id='block_1_2' title="bbox 342 809 1603 4670">
    <p class='ocr_par' dir='ltr' id='par_1_2' title="bbox 366 809 1596 896">
     <span class='ocr_line' id='line_1_2' title="bbox 366 809 1596 896; baseline 0.003 -26"><span class='ocrx_word' id='word_1_4' title='bbox 366 822 465 872; x_wconf 70' lang='lat' dir='ltr'><strong>rosan</strong></span> <span class='ocrx_word' id='word_1_5' title='bbox 494 834 553 896; x_wconf 90' lang='lat' dir='ltr'><strong>por</strong></span> <span class='ocrx_word' id='word_1_6' title='bbox 566 833 681 896; x_wconf 90' lang='lat' dir='ltr'><strong>pueros</strong></span> <span class='ocrx_word' id='word_1_7' title='bbox 695 813 843 892; x_wconf 83' lang='lat' dir='ltr'><strong>maxime,</strong></span> <span class='ocrx_word' id='word_1_8' title='bbox 859 821 955 896; x_wconf 90' lang='lat' dir='ltr'><strong>atque</strong></span> <span class='ocrx_word' id='word_1_9' title='bbox 973 835 1027 878; x_wconf 90' lang='lat' dir='ltr'><strong>eos</strong></span> <span class='ocrx_word' id='word_1_10' title='bbox 1044 812 1100 896; x_wconf 92' lang='lat' dir='ltr'><strong>qui</strong></span> <span class='ocrx_word' id='word_1_11' title='bbox 1117 833 1156 875; x_wconf 87' lang='lat' dir='ltr'><strong>ex</strong></span> <span class='ocrx_word' id='word_1_12' title='bbox 1171 811 1302 894; x_wconf 88' lang='lat' dir='ltr'><strong>ephebis</strong></span> <span class='ocrx_word' id='word_1_13' title='bbox 1316 809 1369 874; x_wconf 83' lang='lat' dir='ltr'><strong>vix</strong></span> <span class='ocrx_word' id='word_1_14' title='bbox 1383 817 1596 890; x_wconf 74' lang='lat' dir='ltr'><strong>excesserant,</strong></span> 
     </span>
    </p>

    <p class='ocr_par' dir='ltr' id='par_1_3' title="bbox 342 888 1596 1000">
     <span class='ocr_line' id='line_1_3' title="bbox 342 888 1596 1000; baseline -0.002 -22"><span class='ocrx_word' id='word_1_15' title='bbox 342 888 482 1000; x_wconf 52' lang='lat' dir='ltr'><strong>Acfflffl</strong></span> <span class='ocrx_word' id='word_1_16' title='bbox 496 915 632 979; x_wconf 84' lang='lat' dir='ltr'><strong>subinde</strong></span> <span class='ocrx_word' id='word_1_17' title='bbox 655 915 835 995; x_wconf 80' lang='lat' dir='ltr'><strong>invadebat,</strong></span> <span class='ocrx_word' id='word_1_18' title='bbox 856 916 911 980; x_wconf 90' lang='lat' dir='ltr'><strong>sed</strong></span> <span class='ocrx_word' id='word_1_19' title='bbox 934 937 995 979; x_wconf 90' lang='lat' dir='ltr'><strong>nec</strong></span> <span class='ocrx_word' id='word_1_20' title='bbox 1018 915 1065 979; x_wconf 89' lang='lat' dir='ltr'><strong>ita</strong></span> <span class='ocrx_word' id='word_1_21' title='bbox 1086 914 1276 997; x_wconf 88' lang='lat' dir='ltr'><strong>profundus,</strong></span> <span class='ocrx_word' id='word_1_22' title='bbox 1291 934 1352 977; x_wconf 89' lang='lat' dir='ltr'><strong>nec</strong></span> <span class='ocrx_word' id='word_1_23' title='bbox 1371 913 1505 996; x_wconf 83' lang='lat' dir='ltr'>perinde</span> <span class='ocrx_word' id='word_1_24' title='bbox 1527 914 1596 996; x_wconf 88' lang='lat' dir='ltr'><strong>epi·</strong></span> 
     </span>
    </p>

    <p class='ocr_par' dir='ltr' id='par_1_4' title="bbox 363 1015 1595 1100">
     <span class='ocr_line' id='line_1_4' title="bbox 363 1015 1595 1100; baseline 0.001 -21"><span class='ocrx_word' id='word_1_25' title='bbox 363 1016 467 1066; x_wconf 80' lang='lat'><strong>⁹⁷³·&#39;⁷⁵·</strong></span> <span class='ocrx_word' id='word_1_26' title='bbox 496 1015 648 1094; x_wconf 80' lang='lat' dir='ltr'>demicus,</span> <span class='ocrx_word' id='word_1_27' title='bbox 659 1025 756 1100; x_wconf 90' lang='lat' dir='ltr'><strong>atque</strong></span> <span class='ocrx_word' id='word_1_28' title='bbox 770 1023 838 1082; x_wconf 90' lang='lat' dir='ltr'><strong>erat</strong></span> <span class='ocrx_word' id='word_1_29' title='bbox 853 1017 880 1080; x_wconf 93' lang='lat' dir='ltr'><strong>is</strong></span> <span class='ocrx_word' id='word_1_30' title='bbox 896 1018 951 1100; x_wconf 89' lang='lat' dir='ltr'><strong>qui</strong></span> <span class='ocrx_word' id='word_1_31' title='bbox 965 1018 1049 1080; x_wconf 90' lang='lat' dir='ltr'><strong>hanc</strong></span> <span class='ocrx_word' id='word_1_32' title='bbox 1063 1016 1201 1080; x_wconf 81' lang='lat' dir='ltr'><strong>Febrem</strong></span> <span class='ocrx_word' id='word_1_33' title='bbox 1215 1015 1439 1080; x_wconf 90' lang='lat' dir='ltr'><strong>comitabatur.</strong></span> <span class='ocrx_word' id='word_1_34' title='bbox 1477 1016 1595 1098; x_wconf 85' lang='lat' dir='ltr'><strong>Neque</strong></span> 
     </span>
    </p>

    <p class='ocr_par' dir='ltr' id='par_1_5' title="bbox 495 1117 1598 1198">
     <span class='ocr_line' id='line_1_5' title="bbox 495 1117 1598 1198; baseline 0.001 -17"><span class='ocrx_word' id='word_1_35' title='bbox 495 1127 606 1182; x_wconf 89' lang='lat' dir='ltr'><strong>tamen</strong></span> <span class='ocrx_word' id='word_1_36' title='bbox 627 1119 728 1198; x_wconf 92' lang='lat' dir='ltr'><strong>illum,</strong></span> <span class='ocrx_word' id='word_1_37' title='bbox 751 1120 825 1183; x_wconf 88' lang='lat' dir='ltr'><strong>licet</strong></span> <span class='ocrx_word' id='word_1_38' title='bbox 848 1119 925 1184; x_wconf 89' lang='lat' dir='ltr'><strong>huie</strong></span> <span class='ocrx_word' id='word_1_39' title='bbox 946 1119 1139 1196; x_wconf 92' lang='lat' dir='ltr'><strong>inferiorem,</strong></span> <span class='ocrx_word' id='word_1_40' title='bbox 1161 1118 1265 1182; x_wconf 92' lang='lat' dir='ltr'><strong>multo</strong></span> <span class='ocrx_word' id='word_1_41' title='bbox 1286 1119 1395 1182; x_wconf 93' lang='lat' dir='ltr'><strong>minus</strong></span> <span class='ocrx_word' id='word_1_42' title='bbox 1416 1117 1515 1197; x_wconf 89' lang='lat' dir='ltr'><strong>hunc,</strong></span> <span class='ocrx_word' id='word_1_43' title='bbox 1536 1118 1598 1182; x_wconf 90' lang='lat' dir='ltr'><strong>ubi</strong></span> 
     </span>
    </p>

    <p class='ocr_par' dir='ltr' id='par_1_6' title="bbox 495 1219 1596 1304">
     <span class='ocr_line' id='line_1_6' title="bbox 495 1219 1596 1304; baseline 0.001 -21"><span class='ocrx_word' id='word_1_44' title='bbox 495 1221 636 1304; x_wconf 92' lang='lat' dir='ltr'><strong>primum</strong></span> <span class='ocrx_word' id='word_1_45' title='bbox 659 1221 882 1302; x_wconf 82' lang='lat' dir='ltr'><strong>ingrederetur</strong></span> <span class='ocrx_word' id='word_1_46' title='bbox 900 1220 1042 1298; x_wconf 88' lang='lat' dir='ltr'><strong>morbus,</strong></span> <span class='ocrx_word' id='word_1_47' title='bbox 1061 1220 1210 1284; x_wconf 90' lang='lat' dir='ltr'><strong>edomare</strong></span> <span class='ocrx_word' id='word_1_48' title='bbox 1230 1220 1341 1302; x_wconf 77' lang='lat' dir='ltr'><strong>potni3</strong></span> <span class='ocrx_word' id='word_1_49' title='bbox 1371 1219 1446 1283; x_wconf 91' lang='lat' dir='ltr'><strong>lieet</strong></span> <span class='ocrx_word' id='word_1_50' title='bbox 1467 1219 1596 1284; x_wconf 91' lang='lat' dir='ltr'><strong>nullum</strong></span> 
     </span>
    </p>

    <p class='ocr_par' dir='ltr' id='par_1_7' title="bbox 495 1321 1599 1406">
     <span class='ocr_line' id='line_1_7' title="bbox 495 1321 1599 1406; baseline -0.002 -20"><span class='ocrx_word' id='word_1_51' title='bbox 495 1344 563 1386; x_wconf 89' lang='lat' dir='ltr'><strong>non</strong></span> <span class='ocrx_word' id='word_1_52' title='bbox 591 1322 731 1406; x_wconf 83' lang='lat' dir='ltr'><strong>lapidem</strong></span> <span class='ocrx_word' id='word_1_53' title='bbox 759 1344 929 1401; x_wconf 87' lang='lat' dir='ltr'><strong>moverem,</strong></span> <span class='ocrx_word' id='word_1_54' title='bbox 952 1322 1096 1406; x_wconf 88' lang='lat' dir='ltr'><strong>repetitis</strong></span> <span class='ocrx_word' id='word_1_55' title='bbox 1121 1321 1441 1400; x_wconf 89' lang='lat' dir='ltr'><strong>venae-sectionibus,</strong></span> <span class='ocrx_word' id='word_1_56' title='bbox 1464 1342 1532 1384; x_wconf 92' lang='lat' dir='ltr'><strong>non</strong></span> <span class='ocrx_word' id='word_1_57' title='bbox 1559 1322 1599 1384; x_wconf 88' lang='lat' dir='ltr'><strong>in</strong></span> 
     </span>
    </p>

    <p class='ocr_par' dir='ltr' id='par_1_8' title="bbox 495 1423 1596 1506">
     <span class='ocr_line' id='line_1_8' title="bbox 495 1423 1596 1506; baseline -0.003 -18"><span class='ocrx_word' id='word_1_58' title='bbox 495 1424 634 1489; x_wconf 86' lang='lat' dir='ltr'><strong>brachiis</strong></span> <span class='ocrx_word' id='word_1_59' title='bbox 662 1431 801 1504; x_wconf 89' lang='lat' dir='ltr'><strong>tantum,</strong></span> <span class='ocrx_word' id='word_1_60' title='bbox 825 1425 882 1489; x_wconf 92' lang='lat' dir='ltr'><strong>sed</strong></span> <span class='ocrx_word' id='word_1_61' title='bbox 910 1425 1031 1489; x_wconf 87' lang='lat' dir='ltr'><strong>cervice</strong></span> <span class='ocrx_word' id='word_1_62' title='bbox 1059 1423 1158 1488; x_wconf 90' lang='lat' dir='ltr'><strong>etiam</strong></span> <span class='ocrx_word' id='word_1_63' title='bbox 1186 1431 1220 1490; x_wconf 89' lang='lat' dir='ltr'><strong>et</strong></span> <span class='ocrx_word' id='word_1_64' title='bbox 1247 1423 1393 1506; x_wconf 85' lang='lat' dir='ltr'><strong>pedibus,</strong></span> <span class='ocrx_word' id='word_1_65' title='bbox 1416 1423 1596 1506; x_wconf 84' lang='lat' dir='ltr'><strong>emplastris</strong></span> 
     </span>
    </p>

    <p class='ocr_par' dir='ltr' id='par_1_9' title="bbox 495 1525 1598 1609">
     <span class='ocr_line' id='line_1_9' title="bbox 495 1525 1598 1609; baseline -0.001 -19"><span class='ocrx_word' id='word_1_66' title='bbox 495 1527 698 1608; x_wconf 88' lang='lat' dir='ltr'><strong>vesieatoriis,</strong></span> <span class='ocrx_word' id='word_1_67' title='bbox 714 1528 932 1607; x_wconf 81' lang='lat' dir='ltr'><strong>cucurbitulis,</strong></span> <span class='ocrx_word' id='word_1_68' title='bbox 952 1527 1119 1606; x_wconf 90' lang='lat' dir='ltr'><strong>enematis,</strong></span> <span class='ocrx_word' id='word_1_69' title='bbox 1135 1526 1358 1609; x_wconf 89' lang='lat' dir='ltr'><strong>diaphoreticis</strong></span> <span class='ocrx_word' id='word_1_70' title='bbox 1376 1525 1481 1590; x_wconf 91' lang='lat' dir='ltr'><strong>omnis</strong></span> <span class='ocrx_word' id='word_1_71' title='bbox 1499 1546 1598 1608; x_wconf 85' lang='lat' dir='ltr'><strong>gene-</strong></span> 
     </span>
    </p>

    <p class='ocr_par' dir='ltr' id='par_1_10' title="bbox 346 1628 1597 1713">
     <span class='ocr_line' id='line_1_10' title="bbox 346 1628 1597 1713; baseline 0.005 -27"><span class='ocrx_word' id='word_1_72' title='bbox 346 1639 403 1689; x_wconf 80' lang='lat' dir='ltr'><strong>Quo</strong></span> <span class='ocrx_word' id='word_1_73' title='bbox 414 1643 485 1702; x_wconf 75' lang='lat' dir='ltr'><strong>paeto</strong></span> <span class='ocrx_word' id='word_1_74' title='bbox 496 1629 550 1708; x_wconf 89' lang='lat' dir='ltr'><strong>ris,</strong></span> <span class='ocrx_word' id='word_1_75' title='bbox 569 1637 640 1709; x_wconf 81' lang='lat' dir='ltr'><strong>etc,</strong></span> <span class='ocrx_word' id='word_1_76' title='bbox 656 1631 691 1694; x_wconf 90' lang='lat' dir='ltr'><strong>in</strong></span> <span class='ocrx_word' id='word_1_77' title='bbox 710 1637 817 1713; x_wconf 88' lang='lat' dir='ltr'><strong>partes</strong></span> <span class='ocrx_word' id='word_1_78' title='bbox 838 1629 978 1695; x_wconf 82' lang='lat' dir='ltr'><strong>adscitis.</strong></span> <span class='ocrx_word' id='word_1_79' title='bbox 1023 1629 1169 1694; x_wconf 80' lang='lat' dir='ltr'><strong>Tandem</strong></span> <span class='ocrx_word' id='word_1_80' title='bbox 1187 1629 1295 1708; x_wconf 89' lang='lat' dir='ltr'><strong>statui,</strong></span> <span class='ocrx_word' id='word_1_81' title='bbox 1311 1635 1383 1712; x_wconf 92' lang='lat' dir='ltr'><strong>post</strong></span> <span class='ocrx_word' id='word_1_82' title='bbox 1404 1628 1597 1712; x_wconf 89' lang='lat' dir='ltr'><strong>sanguinem</strong></span> 
     </span>
    </p>

    <p class='ocr_par' dir='ltr' id='par_1_11' title="bbox 344 1711 1597 1816">
     <span class='ocr_line' id='line_1_11' title="bbox 344 1711 1597 1816; baseline -0.001 -20"><span class='ocrx_word' id='word_1_83' title='bbox 344 1711 516 1815; x_wconf 57' lang='lat' dir='ltr'><strong>fflffime</strong></span> <span class='ocrx_word' id='word_1_84' title='bbox 540 1731 671 1797; x_wconf 87' lang='lat' dir='ltr'><strong>brachio</strong></span> <span class='ocrx_word' id='word_1_85' title='bbox 696 1733 859 1812; x_wconf 87' lang='lat' dir='ltr'><strong>eductum,</strong></span> <span class='ocrx_word' id='word_1_86' title='bbox 883 1732 1108 1816; x_wconf 91' lang='lat' dir='ltr'><strong>epispasticum</strong></span> <span class='ocrx_word' id='word_1_87' title='bbox 1133 1731 1247 1795; x_wconf 87' lang='lat' dir='ltr'><strong>cervici</strong></span> <span class='ocrx_word' id='word_1_88' title='bbox 1272 1731 1476 1814; x_wconf 87' lang='lat' dir='ltr'><strong>applicatum,</strong></span> <span class='ocrx_word' id='word_1_89' title='bbox 1499 1737 1597 1815; x_wconf 91' lang='lat' dir='ltr'><strong>atque</strong></span> 
     </span>
    </p>

    <p class='ocr_par' dir='ltr' id='par_1_12' title="bbox 346 1832 1597 1917">
     <span class='ocr_line' id='line_1_12' title="bbox 346 1832 1597 1917; baseline -0.002 -19"><span class='ocrx_word' id='word_1_90' title='bbox 346 1832 452 1882; x_wconf 79' lang='lat' dir='ltr'><strong>sebatur.</strong></span> <span class='ocrx_word' id='word_1_91' title='bbox 498 1842 646 1898; x_wconf 89' lang='lat' dir='ltr'><strong>enemata</strong></span> <span class='ocrx_word' id='word_1_92' title='bbox 660 1835 725 1899; x_wconf 90' lang='lat' dir='ltr'><strong>dno</strong></span> <span class='ocrx_word' id='word_1_93' title='bbox 739 1835 789 1898; x_wconf 92' lang='lat' dir='ltr'><strong>vel</strong></span> <span class='ocrx_word' id='word_1_94' title='bbox 802 1836 866 1898; x_wconf 90' lang='lat' dir='ltr'><strong>tria</strong></span> <span class='ocrx_word' id='word_1_95' title='bbox 884 1856 902 1900; x_wconf 87' lang='lat' dir='ltr'><strong>e</strong></span> <span class='ocrx_word' id='word_1_96' title='bbox 917 1835 1000 1898; x_wconf 90' lang='lat' dir='ltr'><strong>lacte</strong></span> <span class='ocrx_word' id='word_1_97' title='bbox 1014 1842 1047 1898; x_wconf 92' lang='lat' dir='ltr'><strong>et</strong></span> <span class='ocrx_word' id='word_1_98' title='bbox 1066 1833 1216 1898; x_wconf 90' lang='lat' dir='ltr'><strong>saccharo</strong></span> <span class='ocrx_word' id='word_1_99' title='bbox 1230 1833 1350 1917; x_wconf 85' lang='lat' dir='ltr'><strong>injecta</strong></span> <span class='ocrx_word' id='word_1_100' title='bbox 1362 1833 1474 1915; x_wconf 91' lang='lat' dir='ltr'><strong>primis</strong></span> <span class='ocrx_word' id='word_1_101' title='bbox 1491 1833 1597 1896; x_wconf 88' lang='lat' dir='ltr'><strong>morbi</strong></span> 
     </span>
    </p>

    <p class='ocr_par' dir='ltr' id='par_1_13' title="bbox 498 1934 1598 2019">
     <span class='ocr_line' id='line_1_13' title="bbox 498 1934 1598 2019; baseline 0 -20"><span class='ocrx_word' id='word_1_102' title='bbox 498 1935 621 2013; x_wconf 87' lang='lat' dir='ltr'><strong>diebus,</strong></span> <span class='ocrx_word' id='word_1_103' title='bbox 636 1936 719 1999; x_wconf 92' lang='lat' dir='ltr'><strong>nihil</strong></span> <span class='ocrx_word' id='word_1_104' title='bbox 734 1937 904 2019; x_wconf 91' lang='lat' dir='ltr'><strong>quicquam</strong></span> <span class='ocrx_word' id='word_1_105' title='bbox 919 1936 1056 2018; x_wconf 91' lang='lat' dir='ltr'><strong>amplius</strong></span> <span class='ocrx_word' id='word_1_106' title='bbox 1073 1936 1188 2015; x_wconf 86' lang='lat' dir='ltr'><strong>moliri,</strong></span> <span class='ocrx_word' id='word_1_107' title='bbox 1203 1935 1268 1999; x_wconf 91' lang='lat' dir='ltr'><strong>nisi</strong></span> <span class='ocrx_word' id='word_1_108' title='bbox 1282 1934 1368 2017; x_wconf 91' lang='lat' dir='ltr'><strong>quod</strong></span> <span class='ocrx_word' id='word_1_109' title='bbox 1382 1955 1516 2017; x_wconf 89' lang='lat' dir='ltr'><strong>aegrum</strong></span> <span class='ocrx_word' id='word_1_110' title='bbox 1528 1941 1563 1998; x_wconf 88' lang='lat' dir='ltr'><strong>et</strong></span> <span class='ocrx_word' id='word_1_111' title='bbox 1577 1956 1598 1999; x_wconf 92' lang='lat' dir='ltr'><strong>a</strong></span> 
     </span>
    </p>

    <p class='ocr_par' dir='ltr' id='par_1_14' title="bbox 499 2038 1597 2123">
     <span class='ocr_line' id='line_1_14' title="bbox 499 2038 1597 2123; baseline 0 -22"><span class='ocrx_word' id='word_1_112' title='bbox 499 2038 648 2102; x_wconf 90' lang='lat' dir='ltr'><strong>carnibus</strong></span> <span class='ocrx_word' id='word_1_113' title='bbox 675 2047 708 2103; x_wconf 88' lang='lat' dir='ltr'><strong>et</strong></span> <span class='ocrx_word' id='word_1_114' title='bbox 730 2061 750 2102; x_wconf 92' lang='lat' dir='ltr'><strong>a</strong></span> <span class='ocrx_word' id='word_1_115' title='bbox 774 2039 951 2122; x_wconf 83' lang='lat' dir='ltr'><strong>liquoribus</strong></span> <span class='ocrx_word' id='word_1_116' title='bbox 977 2039 1156 2123; x_wconf 88' lang='lat' dir='ltr'><strong>spirituosis</strong></span> <span class='ocrx_word' id='word_1_117' title='bbox 1175 2039 1420 2121; x_wconf 82' lang='lat' dir='ltr'><strong>quibuscunque</strong></span> <span class='ocrx_word' id='word_1_118' title='bbox 1441 2058 1597 2116; x_wconf 67' lang='lat' dir='ltr'><strong>arcerem</strong></span> 
     </span>
    </p>

    <p class='ocr_par' dir='ltr' id='par_1_15' title="bbox 499 2140 1598 2223">
     <span class='ocr_line' id='line_1_15' title="bbox 499 2140 1598 2223; baseline 0.001 -20"><span class='ocrx_word' id='word_1_119' title='bbox 499 2140 541 2203; x_wconf 89' lang='lat' dir='ltr'><strong>ad</strong></span> <span class='ocrx_word' id='word_1_120' title='bbox 562 2141 707 2206; x_wconf 87' lang='lat' dir='ltr'><strong>Naturae</strong></span> <span class='ocrx_word' id='word_1_121' title='bbox 728 2141 918 2205; x_wconf 90' lang='lat' dir='ltr'><strong>methodum</strong></span> <span class='ocrx_word' id='word_1_122' title='bbox 946 2141 1077 2206; x_wconf 90' lang='lat' dir='ltr'><strong>interim</strong></span> <span class='ocrx_word' id='word_1_123' title='bbox 1096 2140 1312 2218; x_wconf 89' lang='lat' dir='ltr'><strong>attendebam,</strong></span> <span class='ocrx_word' id='word_1_124' title='bbox 1336 2141 1427 2223; x_wconf 88' lang='lat' dir='ltr'><strong>cujus</strong></span> <span class='ocrx_word' id='word_1_125' title='bbox 1448 2161 1509 2222; x_wconf 88' lang='lat' dir='ltr'><strong>ego</strong></span> <span class='ocrx_word' id='word_1_126' title='bbox 1527 2161 1598 2204; x_wconf 83' lang='lat' dir='ltr'><strong>ves·</strong></span> 
     </span>
    </p>

    <p class='ocr_par' dir='ltr' id='par_1_16' title="bbox 499 2241 1598 2327">
     <span class='ocr_line' id='line_1_16' title="bbox 499 2241 1598 2327; baseline 0.003 -22"><span class='ocrx_word' id='word_1_127' title='bbox 499 2241 587 2325; x_wconf 90' lang='lat' dir='ltr'><strong>tigiis</strong></span> <span class='ocrx_word' id='word_1_128' title='bbox 613 2241 793 2322; x_wconf 84' lang='lat' dir='ltr'><strong>inhaerens,</strong></span> <span class='ocrx_word' id='word_1_129' title='bbox 810 2250 992 2327; x_wconf 87' lang='lat' dir='ltr'><strong>symptoma</strong></span> <span class='ocrx_word' id='word_1_130' title='bbox 1015 2243 1077 2307; x_wconf 91' lang='lat' dir='ltr'><strong>hoc</strong></span> <span class='ocrx_word' id='word_1_131' title='bbox 1099 2263 1247 2326; x_wconf 89' lang='lat' dir='ltr'><strong>superare</strong></span> <span class='ocrx_word' id='word_1_132' title='bbox 1271 2241 1405 2306; x_wconf 89' lang='lat' dir='ltr'><strong>tandem</strong></span> <span class='ocrx_word' id='word_1_133' title='bbox 1430 2241 1598 2309; x_wconf 85' lang='lat' dir='ltr'><strong>discerem.</strong></span> 
     </span>
    </p>

    <p class='ocr_par' dir='ltr' id='par_1_17' title="bbox 499 2343 1598 2428">
     <span class='ocr_line' id='line_1_17' title="bbox 499 2343 1598 2428; baseline 0 -20"><span class='ocrx_word' id='word_1_134' title='bbox 499 2343 638 2408; x_wconf 90' lang='lat' dir='ltr'><strong>Morbus</strong></span> <span class='ocrx_word' id='word_1_135' title='bbox 662 2345 792 2408; x_wconf 89' lang='lat' dir='ltr'><strong>interim</strong></span> <span class='ocrx_word' id='word_1_136' title='bbox 814 2346 867 2408; x_wconf 89' lang='lat' dir='ltr'><strong>cui</strong></span> <span class='ocrx_word' id='word_1_137' title='bbox 891 2345 1108 2428; x_wconf 89' lang='lat' dir='ltr'><strong>invigilabam,</strong></span> <span class='ocrx_word' id='word_1_138' title='bbox 1128 2350 1201 2409; x_wconf 91' lang='lat' dir='ltr'><strong>tuto</strong></span> <span class='ocrx_word' id='word_1_139' title='bbox 1222 2344 1297 2408; x_wconf 87' lang='lat' dir='ltr'><strong>lieet</strong></span> <span class='ocrx_word' id='word_1_140' title='bbox 1321 2343 1413 2408; x_wconf 89' lang='lat' dir='ltr'><strong>tarde</strong></span> <span class='ocrx_word' id='word_1_141' title='bbox 1434 2344 1598 2424; x_wconf 85' lang='lat' dir='ltr'><strong>recedens,</strong></span> 
     </span>
    </p>

    <p class='ocr_par' dir='ltr' id='par_1_18' title="bbox 499 2444 1598 2531">
     <span class='ocr_line' id='line_1_18' title="bbox 499 2444 1598 2531; baseline 0.003 -23"><span class='ocrx_word' id='word_1_142' title='bbox 499 2444 632 2509; x_wconf 89' lang='lat' dir='ltr'><strong>tandem</strong></span> <span class='ocrx_word' id='word_1_143' title='bbox 647 2448 787 2512; x_wconf 80' lang='lat' dir='ltr'><strong>evanuit</strong></span> <span class='ocrx_word' id='word_1_144' title='bbox 822 2447 909 2512; x_wconf 89' lang='lat' dir='ltr'><strong>Huic</strong></span> <span class='ocrx_word' id='word_1_145' title='bbox 920 2449 1029 2531; x_wconf 90' lang='lat' dir='ltr'><strong>itaque</strong></span> <span class='ocrx_word' id='word_1_146' title='bbox 1042 2446 1196 2510; x_wconf 90' lang='lat' dir='ltr'><strong>methodo</strong></span> <span class='ocrx_word' id='word_1_147' title='bbox 1205 2446 1420 2510; x_wconf 86' lang='lat' dir='ltr'><strong>insistendum</strong></span> <span class='ocrx_word' id='word_1_148' title='bbox 1433 2447 1514 2510; x_wconf 91' lang='lat' dir='ltr'><strong>mihi</strong></span> <span class='ocrx_word' id='word_1_149' title='bbox 1528 2469 1598 2511; x_wconf 89' lang='lat' dir='ltr'><strong>esse</strong></span> 
     </span>
    </p>

    <p class='ocr_par' dir='ltr' id='par_1_19' title="bbox 501 2546 1597 2632">
     <span class='ocr_line' id='line_1_19' title="bbox 501 2546 1597 2632; baseline 0.001 -21"><span class='ocrx_word' id='word_1_150' title='bbox 501 2546 578 2611; x_wconf 84' lang='lat' dir='ltr'><strong>duxi</strong></span> <span class='ocrx_word' id='word_1_151' title='bbox 588 2547 624 2611; x_wconf 92' lang='lat' dir='ltr'><strong>in</strong></span> <span class='ocrx_word' id='word_1_152' title='bbox 634 2548 776 2612; x_wconf 85' lang='lat' dir='ltr'><strong>febribus</strong></span> <span class='ocrx_word' id='word_1_153' title='bbox 788 2570 865 2631; x_wconf 90' lang='lat' dir='ltr'><strong>quas</strong></span> <span class='ocrx_word' id='word_1_154' title='bbox 877 2549 1026 2632; x_wconf 89' lang='lat' dir='ltr'><strong>deinceps</strong></span> <span class='ocrx_word' id='word_1_155' title='bbox 1033 2548 1168 2613; x_wconf 90' lang='lat' dir='ltr'><strong>tractavi</strong></span> <span class='ocrx_word' id='word_1_156' title='bbox 1178 2548 1333 2611; x_wconf 89' lang='lat' dir='ltr'><strong>universis</strong></span> <span class='ocrx_word' id='word_1_157' title='bbox 1336 2574 1347 2627; x_wconf 79' lang='lat'>3</span> <span class='ocrx_word' id='word_1_158' title='bbox 1362 2548 1597 2632; x_wconf 82' lang='lat' dir='ltr'><strong>quodquidam,</strong></span> 
     </span>
    </p>

    <p class='ocr_par' dir='ltr' id='par_1_20' title="bbox 500 2650 1597 2836">
     <span class='ocr_line' id='line_1_20' title="bbox 500 2650 1597 2738; baseline 0 -24"><span class='ocrx_word' id='word_1_159' title='bbox 500 2650 529 2714; x_wconf 90' lang='lat' dir='ltr'><strong>si</strong></span> <span class='ocrx_word' id='word_1_160' title='bbox 552 2657 585 2716; x_wconf 93' lang='lat' dir='ltr'><strong>et</strong></span> <span class='ocrx_word' id='word_1_161' title='bbox 609 2651 832 2736; x_wconf 84' lang='lat' dir='ltr'><strong>symptomatis</strong></span> <span class='ocrx_word' id='word_1_162' title='bbox 855 2651 1124 2738; x_wconf 84' lang='lat' dir='ltr'><strong>magnitudinem,</strong></span> <span class='ocrx_word' id='word_1_163' title='bbox 1142 2658 1176 2715; x_wconf 90' lang='lat' dir='ltr'><strong>et</strong></span> <span class='ocrx_word' id='word_1_164' title='bbox 1198 2657 1349 2715; x_wconf 90' lang='lat' dir='ltr'><strong>eventum</strong></span> <span class='ocrx_word' id='word_1_165' title='bbox 1373 2650 1494 2735; x_wconf 90' lang='lat' dir='ltr'><strong>ubique</strong></span> <span class='ocrx_word' id='word_1_166' title='bbox 1515 2651 1597 2715; x_wconf 92' lang='lat' dir='ltr'><strong>votis</strong></span> 
     </span>
     <span class='ocr_line' id='line_1_21' title="bbox 500 2751 1575 2836; baseline 0.002 -21"><span class='ocrx_word' id='word_1_167' title='bbox 500 2753 758 2835; x_wconf 89' lang='lat' dir='ltr'><strong>respondentem,</strong></span> <span class='ocrx_word' id='word_1_168' title='bbox 771 2759 962 2836; x_wconf 90' lang='lat' dir='ltr'><strong>spectamus,</strong></span> <span class='ocrx_word' id='word_1_169' title='bbox 972 2752 1060 2816; x_wconf 87' lang='lat' dir='ltr'><strong>haud</strong></span> <span class='ocrx_word' id='word_1_170' title='bbox 1073 2751 1163 2836; x_wconf 91' lang='lat' dir='ltr'><strong>parvi</strong></span> <span class='ocrx_word' id='word_1_171' title='bbox 1176 2754 1334 2818; x_wconf 88' lang='lat' dir='ltr'><strong>momenti</strong></span> <span class='ocrx_word' id='word_1_172' title='bbox 1344 2753 1425 2817; x_wconf 90' lang='lat' dir='ltr'><strong>mihi</strong></span> <span class='ocrx_word' id='word_1_173' title='bbox 1438 2754 1575 2818; x_wconf 86' lang='lat' dir='ltr'><strong>videtur.</strong></span> 
     </span>
    </p>

    <p class='ocr_par' dir='ltr' id='par_1_21' title="bbox 348 2855 1598 2940">
     <span class='ocr_line' id='line_1_22' title="bbox 348 2855 1598 2940; baseline 0 -20"><span class='ocrx_word' id='word_1_174' title='bbox 348 2886 380 2934; x_wconf 82' lang='lat' dir='ltr'><strong>1n</strong></span> <span class='ocrx_word' id='word_1_175' title='bbox 392 2885 488 2933; x_wconf 70' lang='lat' dir='ltr'><strong>morsa</strong></span> <span class='ocrx_word' id='word_1_176' title='bbox 550 2857 632 2940; x_wconf 91' lang='grc'>[19.]</span> <span class='ocrx_word' id='word_1_177' title='bbox 659 2857 703 2920; x_wconf 87' lang='lat' dir='ltr'><strong>Et</strong></span> <span class='ocrx_word' id='word_1_178' title='bbox 725 2877 803 2920; x_wconf 91' lang='lat' dir='ltr'><strong>sane</strong></span> <span class='ocrx_word' id='word_1_179' title='bbox 825 2855 906 2919; x_wconf 91' lang='lat' dir='ltr'><strong>mihi</strong></span> <span class='ocrx_word' id='word_1_180' title='bbox 927 2877 1163 2939; x_wconf 89' lang='lat' dir='ltr'><strong>nonnunquam</strong></span> <span class='ocrx_word' id='word_1_181' title='bbox 1185 2856 1284 2920; x_wconf 90' lang='lat' dir='ltr'><strong>subiit</strong></span> <span class='ocrx_word' id='word_1_182' title='bbox 1306 2855 1456 2940; x_wconf 88' lang='lat' dir='ltr'><strong>cogitare,</strong></span> <span class='ocrx_word' id='word_1_183' title='bbox 1480 2877 1540 2921; x_wconf 91' lang='lat' dir='ltr'><strong>nos</strong></span> <span class='ocrx_word' id='word_1_184' title='bbox 1561 2857 1598 2920; x_wconf 92' lang='lat' dir='ltr'><strong>in</strong></span> 
     </span>
    </p>

    <p class='ocr_par' dir='ltr' id='par_1_22' title="bbox 347 2957 1598 3062">
     <span class='ocr_line' id='line_1_23' title="bbox 347 2957 1598 3062; baseline 0 -40"><span class='ocrx_word' id='word_1_185' title='bbox 347 2965 491 3062; x_wconf 45' lang='lat' dir='ltr'>3¹3¹th</span> <span class='ocrx_word' id='word_1_186' title='bbox 501 2959 621 3023; x_wconf 87' lang='lat' dir='ltr'><strong>morbis</strong></span> <span class='ocrx_word' id='word_1_187' title='bbox 633 2959 829 3043; x_wconf 90' lang='lat' dir='ltr'><strong>depellendis</strong></span> <span class='ocrx_word' id='word_1_188' title='bbox 844 2957 933 3022; x_wconf 90' lang='lat' dir='ltr'><strong>haud</strong></span> <span class='ocrx_word' id='word_1_189' title='bbox 947 2959 1025 3023; x_wconf 90' lang='lat' dir='ltr'><strong>satis</strong></span> <span class='ocrx_word' id='word_1_190' title='bbox 1043 2959 1159 3022; x_wconf 88' lang='lat' dir='ltr'><strong>“lente</strong></span> <span class='ocrx_word' id='word_1_191' title='bbox 1172 2957 1368 3036; x_wconf 64' lang='lat' dir='ltr'><strong>festinmJJ‘</strong></span> <span class='ocrx_word' id='word_1_192' title='bbox 1384 2957 1509 3022; x_wconf 88' lang='lat' dir='ltr'><strong>tardius</strong></span> <span class='ocrx_word' id='word_1_193' title='bbox 1523 2979 1598 3022; x_wconf 90' lang='lat' dir='ltr'><strong>vero</strong></span> 
     </span>
    </p>

    <p class='ocr_par' dir='ltr' id='par_1_23' title="bbox 347 3059 1599 3144">
     <span class='ocr_line' id='line_1_24' title="bbox 347 3059 1599 3144; baseline -0.002 -20"><span class='ocrx_word' id='word_1_194' title='bbox 347 3079 492 3140; x_wconf 75' lang='lat' dir='ltr'><strong>quandoque</strong></span> <span class='ocrx_word' id='word_1_195' title='bbox 503 3061 594 3125; x_wconf 93' lang='lat' dir='ltr'><strong>nobis</strong></span> <span class='ocrx_word' id='word_1_196' title='bbox 613 3082 681 3125; x_wconf 90' lang='lat' dir='ltr'><strong>esse</strong></span> <span class='ocrx_word' id='word_1_197' title='bbox 699 3060 949 3144; x_wconf 89' lang='lat' dir='ltr'><strong>procedendum,</strong></span> <span class='ocrx_word' id='word_1_198' title='bbox 963 3065 997 3124; x_wconf 90' lang='lat' dir='ltr'><strong>et</strong></span> <span class='ocrx_word' id='word_1_199' title='bbox 1010 3059 1084 3142; x_wconf 92' lang='lat' dir='ltr'><strong>plns</strong></span> <span class='ocrx_word' id='word_1_200' title='bbox 1098 3059 1245 3122; x_wconf 84' lang='lat' dir='ltr'><strong>Naturae</strong></span> <span class='ocrx_word' id='word_1_201' title='bbox 1264 3079 1493 3141; x_wconf 88' lang='lat' dir='ltr'><strong>saepenumero</strong></span> <span class='ocrx_word' id='word_1_202' title='bbox 1510 3080 1599 3124; x_wconf 88' lang='lat' dir='ltr'><strong>com·</strong></span> 
     </span>
    </p>

    <p class='ocr_par' dir='ltr' id='par_1_24' title="bbox 346 3141 1599 3244">
     <span class='ocr_line' id='line_1_25' title="bbox 346 3141 1599 3244; baseline -0.003 -18"><span class='ocrx_word' id='word_1_203' title='bbox 346 3141 475 3191; x_wconf 53' lang='lat' dir='ltr'><strong>mmm</strong></span> <span class='ocrx_word' id='word_1_204' title='bbox 501 3163 708 3240; x_wconf 90' lang='lat' dir='ltr'><strong>mittendum,</strong></span> <span class='ocrx_word' id='word_1_205' title='bbox 739 3183 835 3244; x_wconf 91' lang='lat' dir='ltr'><strong>qnam</strong></span> <span class='ocrx_word' id='word_1_206' title='bbox 861 3182 931 3224; x_wconf 90' lang='lat' dir='ltr'><strong>mos</strong></span> <span class='ocrx_word' id='word_1_207' title='bbox 961 3159 1057 3224; x_wconf 91' lang='lat' dir='ltr'><strong>hodie</strong></span> <span class='ocrx_word' id='word_1_208' title='bbox 1086 3159 1239 3223; x_wconf 84' lang='lat' dir='ltr'><strong>obtinuit.</strong></span> <span class='ocrx_word' id='word_1_209' title='bbox 1282 3158 1380 3221; x_wconf 85' lang='lat' dir='ltr'><strong>Errat</strong></span> <span class='ocrx_word' id='word_1_210' title='bbox 1409 3159 1497 3222; x_wconf 92' lang='lat' dir='ltr'><strong>enim</strong></span> <span class='ocrx_word' id='word_1_211' title='bbox 1529 3158 1599 3240; x_wconf 91' lang='lat' dir='ltr'><strong>(sed</strong></span> 
     </span>
    </p>

    <p class='ocr_par' dir='ltr' id='par_1_25' title="bbox 501 3259 1598 3344">
     <span class='ocr_line' id='line_1_26' title="bbox 501 3259 1598 3344; baseline -0.002 -18"><span class='ocrx_word' id='word_1_212' title='bbox 501 3283 606 3344; x_wconf 89' lang='lat' dir='ltr'><strong>neque</strong></span> <span class='ocrx_word' id='word_1_213' title='bbox 622 3282 728 3325; x_wconf 88' lang='lat' dir='ltr'><strong>errore</strong></span> <span class='ocrx_word' id='word_1_214' title='bbox 744 3261 892 3342; x_wconf 69' lang='lat' dir='ltr'><strong>erudito)</strong></span> <span class='ocrx_word' id='word_1_215' title='bbox 912 3260 968 3342; x_wconf 90' lang='lat' dir='ltr'><strong>qui</strong></span> <span class='ocrx_word' id='word_1_216' title='bbox 981 3260 1145 3323; x_wconf 87' lang='lat' dir='ltr'><strong>Naturam</strong></span> <span class='ocrx_word' id='word_1_217' title='bbox 1162 3259 1241 3323; x_wconf 90' lang='lat' dir='ltr'><strong>artis</strong></span> <span class='ocrx_word' id='word_1_218' title='bbox 1263 3259 1458 3324; x_wconf 88' lang='lat' dir='ltr'><strong>adminiculo</strong></span> <span class='ocrx_word' id='word_1_219' title='bbox 1477 3259 1598 3342; x_wconf 88' lang='lat' dir='ltr'><strong>ubique</strong></span> 
     </span>
    </p>

    <p class='ocr_par' dir='ltr' id='par_1_26' title="bbox 501 3361 1600 3447">
     <span class='ocr_line' id='line_1_27' title="bbox 501 3361 1600 3447; baseline -0.003 -20"><span class='ocrx_word' id='word_1_220' title='bbox 501 3363 646 3445; x_wconf 86' lang='lat' dir='ltr'><strong>indigere</strong></span> <span class='ocrx_word' id='word_1_221' title='bbox 671 3363 842 3426; x_wconf 81' lang='lat' dir='ltr'><strong>existimat.</strong></span> <span class='ocrx_word' id='word_1_222' title='bbox 887 3363 1039 3447; x_wconf 90' lang='lat' dir='ltr'><strong>Namque</strong></span> <span class='ocrx_word' id='word_1_223' title='bbox 1064 3362 1098 3425; x_wconf 93' lang='lat' dir='ltr'><strong>id</strong></span> <span class='ocrx_word' id='word_1_224' title='bbox 1124 3362 1152 3426; x_wconf 90' lang='lat' dir='ltr'><strong>si</strong></span> <span class='ocrx_word' id='word_1_225' title='bbox 1176 3362 1278 3440; x_wconf 88' lang='lat' dir='ltr'><strong>fieret,</strong></span> <span class='ocrx_word' id='word_1_226' title='bbox 1299 3361 1427 3444; x_wconf 73' lang='lat' dir='ltr'><strong>parcius</strong></span> <span class='ocrx_word' id='word_1_227' title='bbox 1454 3361 1600 3426; x_wconf 89' lang='lat' dir='ltr'><strong>humano</strong></span> 
     </span>
    </p>

    <p class='ocr_par' dir='ltr' id='par_1_27' title="bbox 502 3463 1599 3548">
     <span class='ocr_line' id='line_1_28' title="bbox 502 3463 1599 3548; baseline -0.002 -20"><span class='ocrx_word' id='word_1_228' title='bbox 502 3465 613 3548; x_wconf 90' lang='lat' dir='ltr'><strong>generi</strong></span> <span class='ocrx_word' id='word_1_229' title='bbox 642 3485 680 3528; x_wconf 90' lang='lat' dir='ltr'><strong>ea</strong></span> <span class='ocrx_word' id='word_1_230' title='bbox 704 3464 927 3547; x_wconf 86' lang='lat' dir='ltr'><strong>prospexisset,</strong></span> <span class='ocrx_word' id='word_1_231' title='bbox 951 3485 1048 3546; x_wconf 89' lang='lat' dir='ltr'><strong>quam</strong></span> <span class='ocrx_word' id='word_1_232' title='bbox 1072 3463 1357 3548; x_wconf 81' lang='lat' dir='ltr'><strong>postulat-speciei</strong></span> <span class='ocrx_word' id='word_1_233' title='bbox 1381 3463 1599 3540; x_wconf 67' lang='lat' dir='ltr'><strong>conservatio,</strong></span> 
     </span>
    </p>

    <p class='ocr_par' dir='ltr' id='par_1_28' title="bbox 502 3564 1599 3648">
     <span class='ocr_line' id='line_1_29' title="bbox 502 3564 1599 3648; baseline -0.002 -18"><span class='ocrx_word' id='word_1_234' title='bbox 502 3587 577 3630; x_wconf 89' lang='lat' dir='ltr'><strong>cnm</strong></span> <span class='ocrx_word' id='word_1_235' title='bbox 598 3586 642 3628; x_wconf 93' lang='lat' dir='ltr'><strong>ne</strong></span> <span class='ocrx_word' id='word_1_236' title='bbox 662 3564 798 3628; x_wconf 92' lang='lat' dir='ltr'><strong>minima</strong></span> <span class='ocrx_word' id='word_1_237' title='bbox 819 3565 861 3627; x_wconf 91' lang='lat' dir='ltr'><strong>sit</strong></span> <span class='ocrx_word' id='word_1_238' title='bbox 880 3564 1043 3648; x_wconf 91' lang='lat' dir='ltr'><strong>proportio</strong></span> <span class='ocrx_word' id='word_1_239' title='bbox 1064 3564 1151 3628; x_wconf 89' lang='lat' dir='ltr'><strong>inter</strong></span> <span class='ocrx_word' id='word_1_240' title='bbox 1168 3564 1355 3628; x_wconf 91' lang='lat' dir='ltr'><strong>morborum</strong></span> <span class='ocrx_word' id='word_1_241' title='bbox 1374 3565 1599 3648; x_wconf 88' lang='lat' dir='ltr'><strong>ingruentium</strong></span> 
     </span>
    </p>

    <p class='ocr_par' dir='ltr' id='par_1_29' title="bbox 502 3665 1600 3750">
     <span class='ocr_line' id='line_1_30' title="bbox 502 3665 1600 3750; baseline 0 -20"><span class='ocrx_word' id='word_1_242' title='bbox 502 3668 726 3750; x_wconf 84' lang='lat' dir='ltr'><strong>frequentiam,</strong></span> <span class='ocrx_word' id='word_1_243' title='bbox 742 3673 775 3730; x_wconf 89' lang='lat' dir='ltr'><strong>et</strong></span> <span class='ocrx_word' id='word_1_244' title='bbox 789 3665 960 3729; x_wconf 85' lang='lat' dir='ltr'><strong>facultates</strong></span> <span class='ocrx_word' id='word_1_245' title='bbox 975 3665 1092 3748; x_wconf 91' lang='lat' dir='ltr'><strong>quibus</strong></span> <span class='ocrx_word' id='word_1_246' title='bbox 1110 3666 1234 3748; x_wconf 91' lang='lat' dir='ltr'><strong>pollent</strong></span> <span class='ocrx_word' id='word_1_247' title='bbox 1248 3666 1395 3731; x_wconf 90' lang='lat' dir='ltr'><strong>homines</strong></span> <span class='ocrx_word' id='word_1_248' title='bbox 1413 3667 1455 3730; x_wconf 87' lang='lat' dir='ltr'><strong>ad</strong></span> <span class='ocrx_word' id='word_1_249' title='bbox 1469 3667 1600 3730; x_wconf 86' lang='lat' dir='ltr'><strong>eosdem</strong></span> 
     </span>
    </p>

    <p class='ocr_par' dir='ltr' id='par_1_30' title="bbox 502 3767 1598 3852">
     <span class='ocr_line' id='line_1_31' title="bbox 502 3767 1598 3852; baseline 0.001 -21"><span class='ocrx_word' id='word_1_250' title='bbox 502 3768 671 3851; x_wconf 88' lang='lat' dir='ltr'><strong>fugandos,</strong></span> <span class='ocrx_word' id='word_1_251' title='bbox 686 3768 735 3832; x_wconf 91' lang='lat' dir='ltr'><strong>vel</strong></span> <span class='ocrx_word' id='word_1_252' title='bbox 754 3768 794 3831; x_wconf 93' lang='lat' dir='ltr'><strong>iis</strong></span> <span class='ocrx_word' id='word_1_253' title='bbox 813 3767 947 3832; x_wconf 89' lang='lat' dir='ltr'><strong>saeculis</strong></span> <span class='ocrx_word' id='word_1_254' title='bbox 963 3767 1080 3850; x_wconf 90' lang='lat' dir='ltr'><strong>quibus</strong></span> <span class='ocrx_word' id='word_1_255' title='bbox 1095 3767 1251 3832; x_wconf 90' lang='lat' dir='ltr'><strong>Medendi</strong></span> <span class='ocrx_word' id='word_1_256' title='bbox 1267 3769 1332 3832; x_wconf 89' lang='lat' dir='ltr'><strong>Ars</strong></span> <span class='ocrx_word' id='word_1_257' title='bbox 1345 3768 1484 3832; x_wconf 82' lang='lat' dir='ltr'><strong>maxime</strong></span> <span class='ocrx_word' id='word_1_258' title='bbox 1501 3774 1598 3852; x_wconf 88' lang='lat' dir='ltr'><strong>caput</strong></span> 
     </span>
    </p>

    <p class='ocr_par' dir='ltr' id='par_1_31' title="bbox 503 3868 1600 3955">
     <span class='ocr_line' id='line_1_32' title="bbox 503 3868 1600 3955; baseline -0.001 -20"><span class='ocrx_word' id='word_1_259' title='bbox 503 3871 627 3951; x_wconf 82' lang='lat' dir='ltr'><strong>extulit,</strong></span> <span class='ocrx_word' id='word_1_260' title='bbox 643 3877 676 3934; x_wconf 91' lang='lat' dir='ltr'><strong>et</strong></span> <span class='ocrx_word' id='word_1_261' title='bbox 691 3892 711 3933; x_wconf 98' lang='lat' dir='ltr'><strong>a</strong></span> <span class='ocrx_word' id='word_1_262' title='bbox 724 3868 969 3953; x_wconf 87' lang='lat' dir='ltr'><strong>quampluribus</strong></span> <span class='ocrx_word' id='word_1_263' title='bbox 983 3872 1111 3934; x_wconf 80' lang='lat' dir='ltr'><strong>exculta</strong></span> <span class='ocrx_word' id='word_1_264' title='bbox 1125 3878 1184 3936; x_wconf 89' lang='lat' dir='ltr'><strong>est.</strong></span> <span class='ocrx_word' id='word_1_265' title='bbox 1228 3872 1312 3936; x_wconf 90' lang='lat' dir='ltr'><strong>Aliis</strong></span> <span class='ocrx_word' id='word_1_266' title='bbox 1330 3873 1367 3935; x_wconf 95' lang='lat' dir='ltr'><strong>in</strong></span> <span class='ocrx_word' id='word_1_267' title='bbox 1383 3872 1503 3936; x_wconf 85' lang='lat' dir='ltr'><strong>morbis</strong></span> <span class='ocrx_word' id='word_1_268' title='bbox 1521 3870 1600 3955; x_wconf 90' lang='lat' dir='ltr'><strong>qnid</strong></span> 
     </span>
    </p>

    <p class='ocr_par' dir='ltr' id='par_1_32' title="bbox 502 3973 1600 4058">
     <span class='ocr_line' id='line_1_33' title="bbox 502 3973 1600 4058; baseline -0.001 -21"><span class='ocrx_word' id='word_1_269' title='bbox 502 3974 563 4037; x_wconf 91' lang='lat' dir='ltr'><strong>hoo</strong></span> <span class='ocrx_word' id='word_1_270' title='bbox 576 3973 745 4057; x_wconf 87' lang='lat' dir='ltr'><strong>profecerit</strong></span> <span class='ocrx_word' id='word_1_271' title='bbox 755 3974 880 4037; x_wconf 90' lang='lat' dir='ltr'><strong>neseio:</strong></span> <span class='ocrx_word' id='word_1_272' title='bbox 903 3973 985 4038; x_wconf 91' lang='lat' dir='ltr'><strong>illud</strong></span> <span class='ocrx_word' id='word_1_273' title='bbox 996 3973 1073 4036; x_wconf 91' lang='lat' dir='ltr'><strong>satis</strong></span> <span class='ocrx_word' id='word_1_274' title='bbox 1089 3973 1155 4038; x_wconf 88' lang='lat' dir='ltr'><strong>seio</strong></span> <span class='ocrx_word' id='word_1_275' title='bbox 1169 3995 1208 4037; x_wconf 82' lang='lat' dir='ltr'><strong>ex</strong></span> <span class='ocrx_word' id='word_1_276' title='bbox 1220 3973 1368 4058; x_wconf 88' lang='lat' dir='ltr'><strong>diligenti</strong></span> <span class='ocrx_word' id='word_1_277' title='bbox 1378 3974 1600 4038; x_wconf 87' lang='lat' dir='ltr'><strong>observatione</strong></span> 
     </span>
    </p>

    <p class='ocr_par' dir='ltr' id='par_1_33' title="bbox 502 4075 1602 4161">
     <span class='ocr_line' id='line_1_34' title="bbox 502 4075 1602 4161; baseline 0 -21"><span class='ocrx_word' id='word_1_278' title='bbox 502 4077 582 4140; x_wconf 91' lang='lat' dir='ltr'><strong>mihi</strong></span> <span class='ocrx_word' id='word_1_279' title='bbox 597 4076 801 4158; x_wconf 86' lang='lat' dir='ltr'><strong>astipulante,</strong></span> <span class='ocrx_word' id='word_1_280' title='bbox 818 4075 903 4161; x_wconf 90' lang='lat' dir='ltr'><strong>quod</strong></span> <span class='ocrx_word' id='word_1_281' title='bbox 921 4076 957 4139; x_wconf 92' lang='lat' dir='ltr'><strong>in</strong></span> <span class='ocrx_word' id='word_1_282' title='bbox 972 4075 1075 4140; x_wconf 82' lang='lat' dir='ltr'><strong>Febre</strong></span> <span class='ocrx_word' id='word_1_283' title='bbox 1095 4075 1135 4140; x_wconf 91' lang='lat' dir='ltr'><strong>de</strong></span> <span class='ocrx_word' id='word_1_284' title='bbox 1154 4097 1218 4158; x_wconf 91' lang='lat' dir='ltr'><strong>qua</strong></span> <span class='ocrx_word' id='word_1_285' title='bbox 1233 4077 1303 4160; x_wconf 88' lang='lat' dir='ltr'><strong>jam</strong></span> <span class='ocrx_word' id='word_1_286' title='bbox 1323 4077 1458 4160; x_wconf 89' lang='lat' dir='ltr'><strong>agimus,</strong></span> <span class='ocrx_word' id='word_1_287' title='bbox 1475 4076 1602 4140; x_wconf 90' lang='lat' dir='ltr'><strong>dictum</strong></span> 
     </span>
    </p>

    <p class='ocr_par' dir='ltr' id='par_1_34' title="bbox 502 4177 1600 4264">
     <span class='ocr_line' id='line_1_35' title="bbox 502 4177 1600 4264; baseline 0 -22"><span class='ocrx_word' id='word_1_288' title='bbox 502 4187 686 4264; x_wconf 85' lang='lat' dir='ltr'><strong>symptoma</strong></span> <span class='ocrx_word' id='word_1_289' title='bbox 703 4185 777 4262; x_wconf 90' lang='lat' dir='ltr'><strong>post</strong></span> <span class='ocrx_word' id='word_1_290' title='bbox 792 4184 964 4261; x_wconf 88' lang='lat' dir='ltr'><strong>usurpatas</strong></span> <span class='ocrx_word' id='word_1_291' title='bbox 982 4177 1206 4242; x_wconf 89' lang='lat' dir='ltr'><strong>evacuationes</strong></span> <span class='ocrx_word' id='word_1_292' title='bbox 1221 4179 1385 4260; x_wconf 86' lang='lat' dir='ltr'><strong>generales</strong></span> <span class='ocrx_word' id='word_1_293' title='bbox 1407 4179 1600 4262; x_wconf 87' lang='lat' dir='ltr'><strong>(venae-sec·</strong></span> 
     </span>
    </p>

    <p class='ocr_par' dir='ltr' id='par_1_35' title="bbox 501 4279 1601 4362">
     <span class='ocr_line' id='line_1_36' title="bbox 501 4279 1601 4362; baseline -0.002 -16"><span class='ocrx_word' id='word_1_294' title='bbox 501 4283 624 4346; x_wconf 90' lang='lat' dir='ltr'><strong>tionem</strong></span> <span class='ocrx_word' id='word_1_295' title='bbox 637 4281 719 4360; x_wconf 91' lang='lat' dir='ltr'><strong>dico,</strong></span> <span class='ocrx_word' id='word_1_296' title='bbox 735 4287 769 4344; x_wconf 89' lang='lat' dir='ltr'><strong>et</strong></span> <span class='ocrx_word' id='word_1_297' title='bbox 784 4281 954 4362; x_wconf 89' lang='lat' dir='ltr'><strong>enemata,)</strong></span> <span class='ocrx_word' id='word_1_298' title='bbox 973 4279 1042 4344; x_wconf 92' lang='lat' dir='ltr'><strong>solo</strong></span> <span class='ocrx_word' id='word_1_299' title='bbox 1054 4286 1200 4361; x_wconf 90' lang='lat' dir='ltr'><strong>tempore</strong></span> <span class='ocrx_word' id='word_1_300' title='bbox 1213 4279 1350 4344; x_wconf 86' lang='lat' dir='ltr'><strong>feliciter</strong></span> <span class='ocrx_word' id='word_1_301' title='bbox 1364 4280 1488 4344; x_wconf 88' lang='lat' dir='ltr'><strong>solebat</strong></span> <span class='ocrx_word' id='word_1_302' title='bbox 1503 4280 1601 4344; x_wconf 88' lang='lat' dir='ltr'><strong>vinei.</strong></span> 
     </span>
    </p>

    <p class='ocr_par' dir='ltr' id='par_1_36' title="bbox 550 4381 1603 4468">
     <span class='ocr_line' id='line_1_37' title="bbox 550 4381 1603 4468; baseline -0.001 -21"><span class='ocrx_word' id='word_1_303' title='bbox 550 4383 633 4466; x_wconf 81' lang='lat'><strong>[20.]</strong></span> <span class='ocrx_word' id='word_1_304' title='bbox 659 4383 769 4447; x_wconf 88' lang='lat' dir='ltr'><strong>Antea</strong></span> <span class='ocrx_word' id='word_1_305' title='bbox 788 4383 843 4468; x_wconf 63' lang='lat' dir='ltr'><strong>[tq</strong></span> <span class='ocrx_word' id='word_1_306' title='bbox 855 4383 886 4460; x_wconf 81' lang='lat'><strong>3,</strong></span> <span class='ocrx_word' id='word_1_307' title='bbox 898 4381 944 4465; x_wconf 81' lang='lat'><strong>4.]</strong></span> <span class='ocrx_word' id='word_1_308' title='bbox 965 4381 1104 4444; x_wconf 82' lang='lat' dir='ltr'><strong>diximus</strong></span> <span class='ocrx_word' id='word_1_309' title='bbox 1118 4381 1391 4446; x_wconf 84' lang='lat' dir='ltr'><strong>convalescentiae</strong></span> <span class='ocrx_word' id='word_1_310' title='bbox 1405 4381 1603 4465; x_wconf 88' lang='lat' dir='ltr'><strong>praenuncia</strong></span> 
     </span>
    </p>

    <p class='ocr_par' dir='ltr' id='par_1_37' title="bbox 502 4483 1601 4567">
     <span class='ocr_line' id='line_1_38' title="bbox 502 4483 1601 4567; baseline 0.001 -20"><span class='ocrx_word' id='word_1_311' title='bbox 502 4485 595 4566; x_wconf 90' lang='lat' dir='ltr'><strong>signa</strong></span> <span class='ocrx_word' id='word_1_312' title='bbox 608 4492 646 4548; x_wconf 89' lang='lat' dir='ltr'><strong>ut</strong></span> <span class='ocrx_word' id='word_1_313' title='bbox 660 4485 836 4567; x_wconf 90' lang='lat' dir='ltr'><strong>plurimum</strong></span> <span class='ocrx_word' id='word_1_314' title='bbox 851 4483 892 4548; x_wconf 92' lang='lat' dir='ltr'><strong>ad</strong></span> <span class='ocrx_word' id='word_1_315' title='bbox 912 4483 999 4546; x_wconf 91' lang='lat' dir='ltr'><strong>diem</strong></span> <span class='ocrx_word' id='word_1_316' title='bbox 1017 4504 1120 4566; x_wconf 89' lang='lat' dir='ltr'><strong>usque</strong></span> <span class='ocrx_word' id='word_1_317' title='bbox 1136 4483 1335 4547; x_wconf 90' lang='lat' dir='ltr'><strong>tricesimum</strong></span> <span class='ocrx_word' id='word_1_318' title='bbox 1350 4483 1472 4548; x_wconf 81' lang='lat' dir='ltr'><strong>differri</strong></span> <span class='ocrx_word' id='word_1_319' title='bbox 1489 4484 1601 4563; x_wconf 84' lang='lat' dir='ltr'><strong>solere,</strong></span> 
     </span>
    </p>

    <p class='ocr_par' dir='ltr' id='par_1_38' title="bbox 505 4585 1600 4670">
     <span class='ocr_line' id='line_1_39' title="bbox 505 4585 1600 4670; baseline 0.003 -22"><span class='ocrx_word' id='word_1_320' title='bbox 505 4585 552 4666; x_wconf 84' lang='lat' dir='ltr'><strong>(in</strong></span> <span class='ocrx_word' id='word_1_321' title='bbox 572 4593 701 4668; x_wconf 89' lang='lat' dir='ltr'><strong>stupore</strong></span> <span class='ocrx_word' id='word_1_322' title='bbox 721 4586 841 4650; x_wconf 83' lang='lat' dir='ltr'><strong>seilicet</strong></span> <span class='ocrx_word' id='word_1_323' title='bbox 861 4586 956 4669; x_wconf 90' lang='lat' dir='ltr'><strong>paulo</strong></span> <span class='ocrx_word' id='word_1_324' title='bbox 976 4585 1232 4670; x_wconf 80' lang='lat' dir='ltr'><strong>confirmation,)</strong></span> <span class='ocrx_word' id='word_1_325' title='bbox 1251 4606 1348 4669; x_wconf 87' lang='lat' dir='ltr'><strong>aegro</strong></span> <span class='ocrx_word' id='word_1_326' title='bbox 1365 4606 1600 4670; x_wconf 89' lang='lat' dir='ltr'><strong>nonnunquam</strong></span> 
     </span>
    </p>
   </div>
   <div class='ocr_carea' id='block_1_3' title="bbox 350 4685 1603 4774">
    <p class='ocr_par' dir='ltr' id='par_1_39' title="bbox 350 4685 1603 4774">
     <span class='ocr_line' id='line_1_40' title="bbox 350 4685 1603 4774; baseline 0.006 -25"><span class='ocrx_word' id='word_1_327' title='bbox 350 4703 432 4750; x_wconf 73' lang='lat' dir='ltr'><strong>Etiam</strong></span> <span class='ocrx_word' id='word_1_328' title='bbox 443 4702 480 4750; x_wconf 85' lang='lat' dir='ltr'><strong>in-</strong></span> <span class='ocrx_word' id='word_1_329' title='bbox 503 4685 601 4752; x_wconf 86' lang='lat' dir='ltr'><strong>etiam</strong></span> <span class='ocrx_word' id='word_1_330' title='bbox 619 4686 758 4770; x_wconf 91' lang='lat' dir='ltr'><strong>aphonia</strong></span> <span class='ocrx_word' id='word_1_331' title='bbox 774 4693 939 4770; x_wconf 78' lang='lat' dir='ltr'><strong>corrept03</strong></span> <span class='ocrx_word' id='word_1_332' title='bbox 966 4686 1083 4768; x_wconf 90' lang='lat' dir='ltr'><strong>quibus</strong></span> <span class='ocrx_word' id='word_1_333' title='bbox 1098 4687 1224 4771; x_wconf 90' lang='lat' dir='ltr'><strong>elapsis,</strong></span> <span class='ocrx_word' id='word_1_334' title='bbox 1238 4688 1455 4773; x_wconf 88' lang='lat' dir='ltr'><strong>incongruum</strong></span> <span class='ocrx_word' id='word_1_335' title='bbox 1471 4689 1603 4774; x_wconf 89' lang='lat' dir='ltr'><strong>aliquod</strong></span> 
     </span>
    </p>
   </div>
   <div class='ocr_carea' id='block_1_4' title="bbox 350 4783 1448 4880">
    <p class='ocr_par' dir='ltr' id='par_1_40' title="bbox 350 4783 1448 4880">
     <span class='ocr_line' id='line_1_41' title="bbox 350 4783 1448 4880; baseline 0.036 -44"><span class='ocrx_word' id='word_1_336' title='bbox 350 4783 456 4830; x_wconf 68' lang='lat'><strong>⁰⁰¹¹3¹¹⁸⁸</strong></span> <span class='ocrx_word' id='word_1_337' title='bbox 643 4809 652 4850; x_wconf 77' lang='lat' dir='ltr'><strong>l</strong></span> <span class='ocrx_word' id='word_1_338' title='bbox 667 4813 756 4862; x_wconf 61' lang='lat'><strong>2215&amp;</strong></span> <span class='ocrx_word' id='word_1_339' title='bbox 768 4810 879 4874; x_wconf 68' lang='grc' dir='ltr'><strong>βραδέως,</strong></span> <span class='ocrx_word' id='word_1_340' title='bbox 892 4815 987 4862; x_wconf 74' lang='lat' dir='ltr'><strong>Festina</strong></span> <span class='ocrx_word' id='word_1_341' title='bbox 998 4815 1065 4862; x_wconf 72' lang='lat' dir='ltr'><strong>bate.</strong></span> <span class='ocrx_word' id='word_1_342' title='bbox 1098 4813 1136 4863; x_wconf 89' lang='lat' dir='ltr'><strong>Cf.</strong></span> <span class='ocrx_word' id='word_1_343' title='bbox 1149 4813 1247 4864; x_wconf 78' lang='lat' dir='ltr'><strong>Erasini</strong></span> <span class='ocrx_word' id='word_1_344' title='bbox 1259 4819 1337 4880; x_wconf 73' lang='lat' dir='ltr'><strong>Aaag.</strong></span> <span class='ocrx_word' id='word_1_345' title='bbox 1349 4817 1373 4866; x_wconf 73' lang='lat' dir='ltr'><strong>if·</strong></span> <span class='ocrx_word' id='word_1_346' title='bbox 1388 4819 1409 4866; x_wconf 85' lang='lat' dir='ltr'><strong>l·</strong></span> <span class='ocrx_word' id='word_1_347' title='bbox 1424 4819 1448 4868; x_wconf 81' lang='lat' dir='ltr'><strong>l·</strong></span> 
     </span>
    </p>
   </div>
   <div class='ocr_carea' id='block_1_5' title="bbox 0 0 1926 5759">
    <p class='ocr_par' dir='ltr' id='par_1_41' title="bbox 0 0 1926 5759">
     <span class='ocr_line' id='line_1_42' title="bbox 0 0 1926 5759; baseline 0 0"><span class='ocrx_word' id='word_1_348' title='bbox 0 0 1926 5759; x_wconf 95' lang='lat' dir='ltr'><strong> </strong></span> 
     </span>
    </p>
   </div>
  </div>
 </body>
</html>
