3825 5759
529 652 775 718 SCHEDULA
797 652 1063 717 MONITORIA
1086 651 1151 718 III.
1327 654 1391 716 523

293 817 459 900 ingratum
472 814 648 881 redderem.
694 815 747 879 Ab
762 814 896 900 hujusce
915 814 1049 878 remedii
1062 834 1126 878 usu
1139 814 1191 879 vix
1206 813 1270 879 dici
1284 820 1391 897 queat,

293 926 452 1002 quantum
470 938 529 1001 ego
548 918 714 983 levaminis
732 917 816 981 circa
840 920 971 983 Renum
992 917 1158 1001 regionem
1176 916 1372 1000 perceperim
1380 941 1390 994 ;

292 1022 368 1085 licet
383 1021 470 1084 enim
489 1028 585 1088 antea
600 1042 667 1085 non
684 1040 810 1103 semper
832 1020 977 1085 dolerent
993 1021 1110 1100 Renes,
1126 1026 1237 1083 tamen
1251 1019 1393 1103 pondere

293 1122 432 1205 quodam
447 1121 608 1204 gravativo
623 1130 656 1185 et
670 1122 806 1185 molesto
820 1142 917 1185 sensu
931 1122 1161 1185 afficiebantur.
1207 1120 1304 1186 Quod
1317 1142 1394 1185 cum

293 1224 340 1288 ita
353 1223 488 1288 feliciter
507 1224 587 1287 mihi
607 1224 711 1302 cessit,
726 1224 813 1287 idem
830 1224 1044 1287 catharticum
1065 1223 1199 1305 singulis
1218 1222 1393 1287 hebdoma-

294 1325 343 1389 dis
366 1332 451 1389 stato
467 1326 602 1409 quodam
628 1326 678 1389 die
701 1326 743 1389 ad
760 1346 887 1390 menses
909 1326 1031 1407 aliquot
1053 1326 1223 1389 continuos
1244 1325 1280 1388 in
1296 1346 1393 1388 nsum

294 1428 481 1493 revocabam
493 1454 503 1507 3
537 1436 570 1493 et
599 1435 671 1511 post
701 1428 845 1511 singulas
874 1428 1056 1492 catharseos
1084 1427 1169 1491 vices
1197 1427 1312 1491 melius
1340 1447 1394 1490 me

294 1530 445 1594 habuisse
459 1530 555 1613 plane
577 1552 649 1593 sum
668 1538 828 1613 expertus,
844 1528 945 1593 donoc
964 1529 1098 1593 tandem
1115 1530 1214 1593 etiam
1231 1528 1394 1592 rudiorem

296 1655 408 1698 currus
428 1634 727 1718 conquassationem
745 1635 828 1697 ferre
846 1634 1017 1717 potuerim,
1036 1632 1077 1696 ab
1096 1633 1157 1697 hoc
1179 1638 1393 1716 symptomate

295 1758 424 1819 prorsus
434 1736 589 1801 liberatus
600 1758 703 1820 usque
718 1737 759 1800 ad
773 1736 856 1799 veris
869 1744 999 1819 tempus
1006 1736 1075 1819 jam
1083 1735 1227 1819 proxime
1237 1735 1392 1818 elapsum.

296 1837 370 1902 Quo
391 1845 573 1921 appetente,
596 1858 671 1901 cum
690 1859 748 1921 per
766 1858 984 1922 praegressum
1005 1836 1156 1920 hyemem
1176 1836 1244 1900 fere
1264 1857 1395 1900 omnem

295 1939 436 2023 podagra
458 1939 662 2017 laborassem,
685 1946 718 2003 et
744 1940 943 2023 praenimia
967 1939 1108 2023 eorpons
1132 1938 1173 2003 ad
1196 1945 1324 2003 motum
1343 1939 1394 2002 in·

295 2040 464 2105 habilitate
487 2042 588 2125 quieti
610 2049 643 2106 et
665 2040 815 2128 ἅκινησίᾳ
836 2042 938 2124 magis
961 2062 1059 2124 qnam
1082 2042 1160 2105 alias
1182 2039 1324 2106 solebam
1345 2042 1395 2105 in·

296 2143 475 2222 dulsissem,
492 2144 589 2207 rediit
612 2145 719 2208 denuo
743 2143 918 2227 Sanguinis
941 2144 1075 2207 Mictus.
1121 2143 1186 2207 Hic
1208 2164 1269 2227 ego
1290 2165 1333 2207 an
1356 2144 1397 2207 ad

297 2245 459 2309 catharsin
481 2268 534 2311 me
555 2247 675 2311 iterum
697 2246 1062 2329 reciperem-haerebam
1084 2246 1221 2323 dubius;
1244 2247 1398 2329 quoniam

296 2350 426 2431 nuperis
449 2348 537 2413 hisce
563 2350 667 2427 annis,
691 2350 781 2413 omni
810 2349 949 2432 corporis
975 2349 1158 2413 substantia
1179 2350 1215 2413 in
1236 2350 1398 2432 podagrae

297 2450 405 2514 sedem
420 2457 453 2513 et
467 2450 614 2514 fomitem
636 2451 727 2533 quasi
748 2470 904 2532 perversa,
919 2451 1142 2528 catharticum,
1159 2452 1398 2533 quantumlibet

296 2552 379 2629 lene,
395 2552 559 2615 diutinum
580 2552 740 2635 podagrae
762 2573 989 2634 paroxysmum
1011 2560 1100 2615 certo
1121 2553 1239 2615 certius
1258 2573 1397 2616 accerse-

296 2653 363 2717 bat.
408 2652 553 2717 'Pandem
576 2652 685 2715 animo
707 2653 922 2729 succurrebat,
939 2652 1035 2735 quod,
1051 2654 1078 2715 si
1091 2653 1313 2735 paregorieum
1332 2655 1397 2717 sin-

298 2754 380 2836 gulis
400 2754 549 2817 noctibus
568 2761 641 2836 post
661 2754 886 2837 purgationem
906 2754 1102 2831 adhiberem,
1119 2776 1182 2836 quo
1199 2756 1360 2817 tumultus
1379 2778 1399 2819 a

297 2855 474 2919 cathartico
489 2855 646 2919 excitatus
661 2854 835 2931 sedaretur,
851 2876 943 2937 posse
957 2876 1011 2917 me
1025 2855 1194 2937 pristinam
1208 2855 1399 2919 methodum

297 2978 437 3021 mannae
451 2958 550 3021 semel
563 2957 599 3019 in
613 2956 814 3019 hebdomade
831 2956 1004 3038 capiendae
1022 2963 1095 3019 tuto
1109 2978 1281 3019 resumere.
1327 2958 1398 3021 Un-

298 3062 363 3126 eias
377 3062 486 3143 itaque
502 3060 582 3123 duas
602 3080 677 3122 eum
697 3058 827 3121 semisse
845 3059 882 3121 in
901 3059 964 3121 seri
982 3059 1074 3121 lactis
1088 3060 1178 3122 libris
1192 3059 1319 3122 duabus
1334 3058 1397 3123 dis·

298 3164 419 3227 solutas
444 3182 540 3225 mane
564 3160 667 3239 hausi,
689 3167 722 3223 et
742 3180 812 3223 sero
836 3167 946 3242 guttas
971 3160 1111 3224 sedecim
1132 3160 1264 3223 laudani
1284 3161 1398 3243 liquidi

297 3266 333 3329 in
348 3266 500 3329 cerevisia
514 3263 606 3328 tenui
621 3262 818 3327 dormiturus
833 3262 944 3346 adjeci,
957 3270 991 3325 et
1005 3284 1160 3326 mannam
1174 3269 1207 3327 et
1220 3262 1399 3326 laudunum

299 3368 385 3432 dicto
404 3368 501 3431 modo
518 3372 677 3449 repetens,
692 3365 741 3429 bis
761 3365 796 3427 in
816 3365 996 3448 septimana
1014 3366 1056 3429 ad
1075 3387 1131 3429 ser
1144 3367 1236 3430 vices.
1282 3367 1400 3431 Postea

297 3492 372 3533 vero
397 3490 519 3533 manna
544 3468 644 3531 semel
667 3468 702 3531 in
726 3468 906 3550 septimana
927 3475 1059 3531 tantum
1081 3476 1199 3547 uterer,
1225 3468 1399 3532 humorum

298 3574 406 3637 illuvie
423 3575 491 3657 jam
510 3573 558 3636 ita
580 3572 705 3654 copiose
727 3592 747 3634 a
768 3572 945 3635 cathartico
967 3571 1136 3650 subducta,
1158 3578 1197 3635 nt
1217 3593 1237 3635 a
1257 3572 1400 3655 podagra

297 3678 406 3741 minus
426 3675 637 3740 metuendum
659 3682 738 3738 erat.
784 3674 867 3738 Cum
884 3682 996 3739 tamen
1017 3696 1090 3738 mea
1105 3675 1187 3738 mihi
1207 3676 1290 3740 ratio
1304 3675 1400 3759 plane

299 3780 475 3858 dictaverit,
491 3778 587 3862 quod,
603 3778 630 3840 si
644 3778 796 3840 facultate
817 3777 932 3859 aliqua,
948 3777 1014 3840 sive
1035 3778 1238 3857 dissolvente,
1253 3777 1319 3841 sive
1337 3778 1400 3841 alio

299 3884 409 3965 quovis
433 3882 529 3946 modo
552 3878 795 3961 lithoutriptica‚
819 3879 916 3943 fuerit
938 3878 1095 3961 insignita
1115 3900 1245 3957 manna,
1268 3879 1400 3943 omnino

299 3992 348 4047 est
370 4004 500 4049 necesse
528 3989 567 4047 ut
592 3982 876 4059 medicamentum,
901 3982 994 4063 quale
1016 3990 1065 4045 est
1086 3981 1272 4057 laudunum,
1297 3980 1400 4043 vahde

300 4085 491 4165 astringens,
506 4084 649 4161 remedii,
664 4084 700 4145 in
723 4104 786 4164 quo
808 4104 898 4165 spem
920 4083 1156 4159 collocaveram,
1171 4080 1343 4144 efficaciam
1362 4101 1401 4144 ae

298 4184 364 4245 vim
393 4186 618 4266 quadantenus
643 4184 801 4265 infringat
813 4210 822 4260 ;
854 4184 954 4246 satius
985 4204 1053 4246 esse
1082 4182 1160 4245 duxi
1188 4181 1401 4264 hypnoticum

298 4285 433 4349 missum
456 4286 569 4363 iacere,
588 4306 663 4347 cum
680 4286 749 4367 jam
771 4285 869 4347 semel
891 4292 1022 4346 tantum
1040 4284 1077 4346 in
1095 4284 1274 4365 septimana
1293 4283 1401 4345 alvum

300 4388 464 4453 solverem.
513 4384 576 4470 [5.]
605 4387 648 4448 In
670 4407 734 4467 qua
749 4386 901 4449 methodo
912 4388 981 4469 jam
996 4386 1037 4449 ad
1052 4407 1178 4449 menses
1193 4386 1315 4468 aliquot
1328 4404 1400 4466 per·

300 4488 464 4569 stiterim‘,
487 4488 627 4553 eundem
650 4488 847 4570 septimanae
868 4486 954 4551 diem
974 4487 1093 4570 ubique
1112 4488 1251 4551 catharsi
1270 4486 1400 4567 dicans;

299 4614 360 4656 nec
374 4613 427 4656 me
442 4592 482 4656 ab
497 4592 559 4655 hoc
573 4610 645 4655 meo
660 4610 759 4668 more,
775 4612 814 4653 ex
837 4610 1028 4673 quacunque
1050 4590 1125 4654 data
1145 4612 1233 4669 ansa,
1249 4590 1401 4657 dimoveri

299 4692 453 4779 patererd.
499 4693 600 4772 Licet,
621 4714 640 4756 a
662 4691 765 4776 prima
787 4692 920 4755 remedii
947 4692 1044 4776 hujus
1067 4692 1146 4771 dosi,
1173 4692 1264 4757 dolor
1289 4694 1402 4777 quiin

320 4830 342 4879 ‚⁸
359 4826 444 4885 eliphat
453 4820 559 4885 perella]
572 4823 755 4884 eliquemmullos
764 4824 862 4882 persisto
874 4821 909 4871 ed.
923 4821 971 4868 'dd
1069 4818 1080 4849 ¹¹
1094 4820 1203 4885 paterer]
1211 4826 1290 4883 potior
1301 4823 1338 4872 cd.
1351 4824 1398 4872 ¹86.

1405 829 1541 878 Dnldreru

1416 894 1534 941 Sassur-

1419 972 1471 1007 aeo
1484 960 1528 1006 &c

1405 1021 1545 1032 -ι
