3825 5759
597 645 855 711 PROCESSUS
878 648 1082 715 INTEGRI.
1323 654 1388 717 573

158 844 169 881 τ’
282 805 420 884 fuerint,
437 807 572 889 congius
593 828 680 871 unus
703 809 972 890 quamcitissime
992 811 1200 895 deglutiatur,
1223 820 1257 877 et
1275 834 1388 878 enema
1409 832 1451 881 nn
1463 834 1533 882 rra.

158 948 168 987 ς
282 930 427 992 sequens
440 910 607 993 injiciatur
616 935 670 974 :—
1420 912 1527 947 oxrsuo

1512 977 1534 1010 1.

284 1045 389 1109 [Form.
405 1049 496 1113 191.]⁶
524 1044 685 1199 Rgaqqicis
695 1048 834 1201 ἕζεαι),
989 1138 995 1151 Ι
1403 963 1543 1114 ἓξὲξ..

655 1153 694 1189 crs
774 1154 803 1189 or

569 1224 704 1279 Fufiorum
717 1155 858 1292 Malvaqr'n,
870 1154 923 1191 ana
935 1155 1042 1192 unctam
1054 1159 1145 1207 unam,

586 1312 734 1382 Foliorum]
749 1314 919 1382 Parietariae,

569 1401 732 1472 [Foliorum]
746 1403 867 1457 Brancae
880 1405 1003 1472 Ursinus,

569 1488 676 1543 Florum
689 1490 880 1557 Chamaemeh,
891 1511 944 1547 ana
954 1495 1121 1565 manipulum
1134 1514 1226 1561 unum,

569 1576 707 1631 Sentinum
720 1578 790 1642 Lini,

572 1665 738 1738 [seminum]
752 1666 943 1736 Foenugraeci
955 1684 1008 1721 ana
1019 1670 1192 1722 semiunciam
1202 1691 1209 1733 ;

429 1754 521 1823 Coque
533 1752 681 1807 sufficiente
693 1755 842 1824 quantitate
853 1771 939 1825 aquae
950 1754 985 1809 ad
997 1757 1195 1826 sesquilibram

429 1840 529 1903 Misce;
548 1841 596 1894 fiat
607 1857 708 1895 enema.

333 1963 475 2046 Rejectis
490 1963 658 2027 vomitorio
672 1969 706 2026 et
721 1969 879 2042 enemate,
895 1962 1027 2027 laudaui
1047 1962 1162 2046 liquidi
1178 1964 1255 2027 satis
1270 1987 1389 2049 magna

287 2067 374 2131 dosis
403 2068 603 2151 propinetur,
633 2067 780 2131 videlicet
809 2067 851 2131 ad
880 2073 990 2149 guttas
1015 2066 1133 2150 viginti
1158 2068 1308 2151 quinque,
1339 2070 1389 2133 vel

285 2169 462 2253 pilularum
472 2170 636 2235 Matthaei
651 2191 752 2253 pana
762 2169 946 2253 quindecim
957 2170 1008 2233 vel
1023 2168 1170 2233 sedecim.
1202 2170 1244 2233 In
1259 2170 1389 2235 senibus

287 2294 373 2352 sero,
392 2281 426 2338 et
447 2274 560 2339 morbo
583 2273 738 2338 diuturno
756 2274 878 2351 hastis,
893 2280 932 2337 ut
954 2280 987 2337 et
1007 2274 1121 2337 vetulis
1140 2273 1310 2357 veperibus
1332 2274 1388 2339 ob·

287 2376 403 2455 noxiis,
423 2376 603 2460 (praecipue
619 2376 646 2439 si
662 2376 723 2440 sub
742 2376 875 2439 initium
894 2374 1077 2459 paroxysmi
1098 2376 1226 2439 urinam
1246 2396 1303 2440 eae
1316 2376 1388 2439 red-

288 2479 371 2542 dant
385 2480 513 2562 nigram
528 2486 562 2542 et
577 2479 781 2561 sabulosam,)
793 2478 1008 2542 venae-sectio
1023 2479 1193 2541 omittatur
1201 2504 1211 2556 3
1234 2486 1268 2542 at
1283 2480 1388 2562 quoad

288 2581 422 2663 reliquo,
438 2582 551 2645 cadem
566 2603 648 2665 qnae
662 2582 750 2646 dicto
764 2589 814 2645 est
827 2582 879 2645 via
893 2582 1026 2645 omnino
1040 2581 1288 2663 procedendum.

723 2860 819 2923 cal-³.
843 2860 950 2923 xxls
1022 2902 1028 2913 ·

418 3024 457 3086 Iu
471 3022 575 3085 Mota
591 3022 765 3104 Suspiriose
780 3042 801 3083 a
818 3022 942 3084 Calculo
956 3019 1093 3083 Renibus
1106 3022 1250 3103 impacto.

333 3160 465 3224 Csrrsr
496 3180 591 3242 aeger
627 3164 712 3222 stato
748 3156 887 3241 quodam
918 3156 971 3221 die
1008 3156 1143 3239 singulis
1178 3154 1387 3219 hebdomadis
1401 3174 1532 3226 cunano.

261 3240 269 3255 ⁶
291 3282 429 3326 mannae
443 3261 556 3325 uncias
571 3260 650 3323 duas
672 3280 747 3324 cum
768 3260 898 3323 semisse
917 3260 954 3323 in
974 3260 1036 3324 scri
1050 3259 1142 3324 lactis
1156 3258 1247 3323 libris
1262 3257 1387 3323 duabus

291 3365 420 3429 solutas.

333 3466 495 3531 Conducit
510 3466 682 3550 ahquando
695 3466 830 3530 haustus
845 3467 1014 3530 cerevisiae
1029 3464 1136 3530 tenuis
1151 3463 1320 3529 liberalior.

331 3568 375 3631 In
390 3568 521 3632 Calculo
537 3570 667 3632 Renum
682 3568 845 3651 grandiori
860 3568 953 3632 dolor
967 3568 1064 3632 hebes
1079 3574 1112 3631 et
1127 3567 1271 3647 obtusus,
1282 3566 1386 3632 nulla-

288 3680 382 3736 tenus
393 3679 518 3751 auctus,
528 3671 583 3735 sed
595 3672 673 3735 satis
681 3671 866 3751 tolerabilis,
877 3671 1075 3754 persentitur
1083 3698 1092 3749 ;
1108 3692 1168 3735 neo
1179 3690 1403 3756 paroxysmus·

290 3775 491 3859 nephriticns
505 3775 688 3839 comitatur.

329 3878 434 3962 Aquis
457 3877 654 3963 chalybeatis
669 3899 764 3961 aeger
783 3900 901 3942 senon
918 3884 991 3942 tuto
1010 3878 1201 3955 committet,
1216 3878 1280 3941 nisi
1297 3877 1387 3961 prius

290 3989 377 4046 certo
389 3982 478 4060 sciat,
491 3981 659 4047 Calculum
673 3982 829 4065 maj0rem
843 4003 910 4045 non
927 4001 1105 4061 essequam
1119 3986 1157 4042 ut
1171 4000 1229 4062 per
1243 3986 1387 4042 meteres

289 4086 372 4148 viam
397 4086 497 4170 possit
518 4087 680 4150 invenire:
705 4086 792 4169 quod
814 4086 876 4148 hoc
897 4092 1027 4148 tantum
1049 4084 1145 4147 modo
1169 4092 1257 4148 certo
1280 4092 1386 4166 potest

290 4187 447 4269 dignosci;
463 4188 491 4250 si
504 4208 621 4271 nempe
636 4188 706 4270 jam
721 4196 818 4250 antea
831 4206 1058 4269 paroxysmum
1075 4186 1213 4267 aliquem
1228 4184 1386 4268 nephriti-

289 4309 362 4352 cum
371 4288 470 4351 fuerit
478 4310 656 4372 perpessus,
671 4288 874 4371 (cumdolore
886 4288 1007 4351 scilicet
1019 4288 1199 4351 saevissimo
1211 4288 1246 4351 in
1257 4288 1386 4351 Renum

289 4392 451 4468 alterutro,
466 4398 702 4473 perunctarum
718 4390 834 4453 ductus
848 4395 1034 4474 propagato,
1051 4398 1083 4453 et
1098 4389 1222 4453 vomitu
1237 4391 1383 4473 enormi)

288 4516 344 4579 pro
358 4500 521 4577 comperto
536 4492 654 4558 habeat
675 4514 743 4556 non
762 4499 830 4556 tam
850 4492 1055 4576 grandiorem
1070 4492 1211 4578 aliquem
1225 4494 1385 4558 calculum

288 4597 369 4683 pelvi
388 4596 546 4675 concludi,
567 4618 664 4680 quam
681 4596 863 4679 lapillorum
885 4595 1075 4678 exiguorum
1094 4595 1287 4679 congeriem,
1306 4619 1383 4681 quo-

159 4755 163 4767 .
288 4724 359 4768 rum
380 4723 465 4764 unus
484 4700 620 4765 subinde
642 4700 678 4763 in
695 4707 857 4764 ureterem
878 4699 1032 4779 illabitur,
1049 4706 1144 4783 atque
1165 4700 1213 4765 ita
1233 4723 1386 4787 paroxyss

159 5091 161 5218 l

318 4830 333 4867 b
350 4834 387 4881 Cf.
399 4833 496 4881 forman.
508 4833 548 4887 96,
562 4831 615 4882 117.
703 4838 714 4864 ⁰
732 4830 809 4878 Deest
819 4830 865 4878 hoc
876 4844 928 4893 cap
939 4829 964 4877 in
977 4828 1013 4877 ed.
1027 4830 1082 4885 '98;
1099 4828 1130 4877 cl'.
1143 4832 1222 4881 Sched.
1236 4832 1318 4881 Morte.
1333 4832 1380 4879 111.
