3825 5759
522 652 589 741 474
835 646 1031 712 ΤΗΟΜΑΕ
1054 645 1314 711 SYDENHAM

385 822 497 872 1)er-
521 810 626 895 primo
655 808 703 873 vis
726 808 920 893 simplicium
948 809 1127 875 cathartica
1150 809 1199 873 ita
1226 808 1358 892 penitus
1386 828 1630 892 nonnunquam

369 900 676 977 Qmusculis
705 932 742 977 ac
767 912 964 977 membranis
986 912 1196 995 impingatur,
1221 917 1261 974 nt
1285 908 1443 974 excitetur
1471 908 1629 993 hyperca-

521 1014 648 1094 tharsis,
663 1015 755 1079 nulla
774 1014 989 1079 remediorum
1010 1034 1071 1098 ope
1090 1034 1237 1096 unquam
1257 1010 1419 1091 sistenda3
1440 1011 1631 1081 variatoris

367 1124 494 1203 teus-aa
522 1124 632 1183 autem
653 1116 732 1182 locis
751 1116 923 1201 praedictis
945 1117 986 1182 ab
1009 1116 1170 1201 empiricis
1193 1115 1346 1199 applicari
1365 1114 1468 1194 solita,
1487 1114 1628 1179 calorem

364 1205 481 1318 ἓξὲξ,
521 1221 703 1285 naturalem
714 1220 783 1305 jam
797 1220 898 1284 ferme
914 1220 1006 1304 aquis
1021 1219 1185 1298 obrutum,
1200 1217 1426 1283 deficientibus
1440 1218 1521 1282 item
1534 1217 1629 1300 spiri·

363 1335 435 1395 ⁸301>⁰
446 1321 484 1369 ἰη-
520 1322 608 1387 tibus
631 1322 833 1401 animalibus,
854 1322 989 1387 omnino
1012 1322 1219 1405 extinguunt,
1240 1328 1274 1385 et
1297 1341 1518 1405 gangraensm
1542 1321 1627 1405 (plns

363 1390 449 1435 ’Μ
521 1426 598 1490 satis
612 1426 648 1490 in
668 1426 730 1489 hoc
746 1446 824 1489 casu
837 1424 1052 1506 familiarem)
1069 1442 1301 1508 saepenumero
1321 1424 1482 1502 invitant,
1504 1424 1627 1488 etenim

364 1533 509 1611 Quasqu-
518 1527 637 1592 vulnus
659 1528 710 1592 vel
730 1525 927 1591 levissimum
949 1526 987 1590 iu
1008 1524 1271 1611 Hydropicorum
1299 1527 1451 1592 carnibus
1475 1527 1626 1611 (maxime

363 1598 495 1712 pppppnna
518 1631 553 1696 in
569 1630 715 1696 membro
733 1631 917 1716 pendente)
936 1638 1053 1715 saqatu
1067 1631 1292 1696 difficillimum
1310 1639 1371 1712 est,
1387 1632 1542 1717 quoniam
1556 1634 1627 1717 ipsa

363 1728 495 1843 mnyqqe
519 1736 665 1801 earnium
680 1734 862 1800 substantie
876 1734 927 1797 his
946 1734 1143 1818 inpartibus
1164 1756 1268 1819 usque
1288 1734 1369 1801 adeo
1390 1735 1514 1821 irrigua
1527 1744 1626 1804 estet

363 1808 491 1907 illidunt-
519 1850 645 1908 scatens
659 1842 765 1921 latice,
779 1848 827 1919 ut,
843 1840 920 1904 data
939 1860 1132 1923 quacunque
1151 1847 1256 1925 porta,
1271 1840 1426 1905 continuo
1440 1862 1539 1905 cursu
1552 1862 1625 1927 pro·

364 1930 482 2036 qffl,
518 1954 649 2032 rumpat
663 1948 789 2025 humor,
808 1967 906 2029 aquo
919 1945 1062 2010 mnam
1076 1946 1312 2030 conglutinatio
1325 1947 1512 2031 impeditur.
1556 1948 1626 2013 na

364 2065 442 2100 muna
520 2070 583 2133 que
598 2055 655 2115 aut
668 2048 801 2113 feliciori
817 2070 892 2112 cum
906 2054 1035 2127 eventu,
1051 2056 1110 2113 aut
1123 2050 1249 2115 minore
1263 2050 1457 2131 discrimine,
1472 2050 1627 2115 adminis-

519 2158 650 2217 trantur
676 2154 740 2235 (me
754 2152 886 2236 judice)
912 2152 978 2217 sive
999 2155 1226 2238 paracentesis,
1241 2156 1308 2221 sive
1329 2162 1586 2241 acu-puncturae
1607 2178 1628 2221 a

520 2256 687 2321 nonnullis
702 2256 891 2336 celebratae,
904 2278 1002 2341 quam
1016 2260 1232 2325 vesicatoriafl.

565 2358 649 2446 [41.]
674 2359 723 2423 Ut
737 2358 870 2423 tandem
884 2360 1017 2425 finiam:
1041 2363 1186 2446 quamvis
1207 2362 1261 2428 hic
1279 2364 1423 2445 morbus,
1437 2364 1496 2429 ubi
1506 2364 1577 2448 jam
1590 2364 1627 2428 in

520 2484 633 2527 verum
646 2462 781 2527 Asciten
796 2464 941 2542 evaserit,
957 2486 1016 2549 pro
1031 2465 1196 2550 deplorato
1213 2488 1341 2552 semper
1360 2467 1492 2533 habitus
1506 2467 1626 2545 fuerit5

521 2576 667 2635 attamen
681 2568 851 2653 constabit,
868 2569 964 2651 quod,
980 2570 1008 2633 si
1022 2570 1109 2636 dicto
1123 2572 1221 2637 modo
1235 2580 1405 2652 tractetur,
1421 2592 1522 2655 aeque
1537 2578 1627 2635 certo

520 2680 627 2757 potest
645 2672 812 2756 subjugari
829 2671 936 2755 (modo
957 2672 1080 2737 viscera
1100 2696 1121 2738 a
1142 2674 1348 2759 corruptione
1368 2674 1434 2739 sint
1447 2672 1570 2756 libera)
1587 2694 1627 2738 ae

521 2777 577 2841 alii
590 2777 744 2861 permulti
759 2777 815 2861 qui
829 2798 897 2842 non
910 2776 958 2841 ita
970 2776 1093 2842 limasti
1106 2778 1203 2862 vulgo
1218 2781 1440 2845 aestimantm.

571 2879 656 2967 [42]
679 2880 725 2945 At
741 2880 769 2943 si
780 2880 851 2964 quis
865 2880 948 2946 forte
964 2881 1107 2965 arguerit
1121 2881 1201 2945 haec
1214 2881 1366 2960 remedia,
1379 2886 1494 2965 utpote
1505 2880 1626 2963 simpli-

522 2982 650 3047 cissima
664 2990 698 3047 et
713 2983 809 3066 plane
823 2984 1047 3063 inartificialia,
1062 3004 1124 3067 ego
1140 2984 1258 3067 potiori
1271 2985 1346 3068 jure
1360 2983 1430 3068 ejus
1447 2982 1627 3066 nequitiam

523 3109 657 3172 arguam
672 3094 706 3152 et
720 3088 882 3172 improbos
894 3109 1021 3167 mores3
1044 3086 1081 3166 si,
1093 3086 1171 3151 dum
1186 3088 1337 3171 ringatur
1350 3086 1429 3151 alios
1442 3084 1629 3170 hujusmodi

521 3190 720 3276 simplicibus
734 3192 979 3256 medicamentis
993 3191 1110 3275 juvari,
1126 3212 1170 3270 se,
1185 3210 1330 3268 uxorem,
1344 3188 1395 3253 vel
1407 3188 1526 3254 liberos
1541 3209 1626 3267 suos,

521 3293 679 3378 siquando
698 3294 943 3376 aegrotaverint,
959 3294 1011 3357 vel
1024 3293 1185 3358 vilissimis
1200 3292 1243 3358 ud
1256 3293 1429 3357 sanitatem
1445 3292 1558 3356 reduci
1573 3314 1628 3357 ex·

521 3401 622 3477 optet.
645 3392 749 3472 Adde,
766 3394 852 3477 quod
866 3394 979 3458 fucum
994 3395 1055 3460 sibi
1068 3396 1147 3461 facit
1160 3397 1271 3477 morio,
1288 3396 1465 3481 “equitans
1479 3394 1516 3459 in
1530 3417 1627 3460 arun-

521 3497 597 3561 dine
618 3496 742 3579 longa”
767 3496 897 3579 [Horat.
915 3497 984 3562 Sat.
999 3497 1033 3561 ii.
1049 3501 1081 3563 3.
1097 3498 1188 3583 248]
1203 3525 1213 3578 5
1236 3498 1358 3564 etenim
1373 3498 1463 3563 Artis
1478 3498 1627 3563 Medicse

520 3620 638 3684 pompa
659 3604 693 3661 et
717 3596 858 3681 dignitas
879 3620 947 3663 non
968 3606 1038 3664 tam
1058 3600 1095 3665 in
1115 3601 1329 3667 formularum
1350 3600 1571 3666 concinnitate
1593 3609 1627 3665 et

521 3698 692 3783 elegantia,
709 3718 807 3783 quarn
820 3698 857 3764 in
871 3700 1059 3767 morborum
1073 3703 1250 3784 curatione,
1266 3704 1420 3769 cernitur.

388 3933 438 3967 osc
476 3946 487 3957 -
566 3905 651 3993 [48]
674 3908 784 3993 Atque
798 3907 879 3973 baec
893 3917 971 3974 sunt
985 3931 1068 3994 qnae
1087 3910 1129 3974 de
1148 3910 1199 3974 bis
1213 3910 1341 3975 duobus
1355 3909 1477 3975 morbis
1491 3908 1627 3974 dicenda

366 3999 415 4033 ⁸¹⁰·
519 4008 638 4089 habui,
662 4016 694 4075 et
712 4010 787 4094 (nisi
801 4010 916 4097 sallom)
934 4014 1013 4077 alios
1026 4013 1116 4078 band
1130 4012 1291 4096 attingam
1304 4034 1461 4095 unquam.
1502 4011 1624 4075 Verum

519 4112 583 4177 ista
599 4116 684 4197 quod
698 4121 822 4199 spectat
842 4138 924 4199 quae
941 4116 1099 4181 hactenus
1118 4116 1155 4180 in
1175 4115 1344 4200 publicum
1359 4115 1444 4194 dedi,
1460 4116 1488 4179 si
1503 4114 1573 4199 quis
1587 4134 1627 4179 ea

521 4216 621 4281 semel
641 4224 773 4282 tantum
793 4218 959 4303 perlegere
981 4219 1145 4302 dignetur,
1160 4225 1210 4282 est
1232 4218 1320 4303 quod
1341 4218 1469 4283 doleam
1482 4238 1536 4282 me
1549 4216 1628 4281 huic

520 4340 592 4384 eam
614 4319 771 4403 perdendi
793 4322 948 4405 temporis
968 4343 1081 4386 ansam
1101 4320 1325 4406 praebuisse⁰;
1357 4320 1492 4404 quodsi
1514 4320 1628 4385 eadem

520 4422 647 4507 saepius
668 4424 810 4506 relegere
827 4424 974 4504 voluerit,
990 4432 1024 4489 ct
1044 4425 1111 4489 alta
1132 4432 1243 4490 mente
1260 4445 1426 4509 reponere,
1441 4424 1552 4488 nullus
1567 4422 1627 4487 du·

521 4524 589 4589 bito
612 4525 691 4608 quin
709 4546 784 4589 eum
801 4524 945 4591 fructum
966 4548 1007 4591 ex
1027 4527 1068 4592 iis
1087 4527 1201 4611 capiet,
1216 4528 1273 4611 qui
1292 4535 1368 4592 voto
1384 4534 1419 4591 et
1438 4525 1566 4610 magnis
1579 4525 1627 4589 la·

522 4626 653 4691 boribus
678 4650 758 4713 quos
781 4650 842 4713 ego
864 4629 901 4694 iu
923 4630 995 4694 istis
1018 4629 1294 4695 observationibus
1314 4629 1472 4696 faciendis
1497 4648 1626 4711 compo-

520 4728 699 4815 nendisque
735 4731 845 4811 locavi,
875 4732 1080 4816 aliquatenus
1107 4732 1309 4816 respondeat.
1370 4730 1465 4798 Quae
1495 4728 1626 4814 quidem

554 4864 568 4892 ¹¹
586 4858 702 4921 Sequitur
712 4860 738 4909 in
749 4860 786 4908 ed.
799 4862 839 4909 '88
854 4860 930 4909 Truct.
944 4862 964 4907 I.
978 4863 990 4920 ς
1002 4860 1047 4914 θθς
1092 4867 1126 4907 es!
1137 4862 1258 4918 &unsre
1270 4878 1336 4924 quae,
1348 4864 1395 4909 siat
1402 4862 1510 4908 aemio
1518 4860 1575 4905 nui
1585 4873 1626 4904 sr-

521 4922 607 4971 deinde
629 4940 691 4987 quae
719 4932 971 4988 sequuntur:-atqaa
992 4927 1049 4971 hoec
1093 4928 1206 4981 riderent,
1219 4929 1266 4973 loca
1278 4929 1352 4989 magis
1362 4923 1508 4985 maluerant
1519 4924 1625 4971 duesde-

520 4996 573 5036 suas
580 5004 637 5051 ques
648 4992 685 5039 tic
694 4993 721 5039 de
732 4994 776 5039 uro
784 4992 969 5052 reassumere
977 4992 1050 5037 airam
1126 4996 1139 5023 ⁰
1156 4990 1194 5038 Cf.
1207 4993 1289 5041 Seleu.
1300 4992 1382 5039 Monta
1394 5006 1418 5053 p.
1430 4992 1487 5037 482.
