3825 5759
522 646 592 741 '574
835 642 1031 706 ΤΗΟΜΑΕ
1055 642 1316 707 SYDENHAM

372 822 511 870 Dentrem
527 826 618 867 mum
639 802 766 883 invitat,
789 803 846 886 qui
871 803 939 867 sere
961 826 1027 867 non
1051 803 1169 867 desinit
1192 804 1256 867 nisi
1281 805 1412 869 Calculo
1434 805 1471 868 in
1494 804 1637 869 vesicam

383 888 500 935 Sarsur-

381 966 443 1009 uno,
456 954 501 1000 &e

526 906 666 969 detmso.
711 906 796 969 Cum
816 906 862 969 sie
884 927 917 969 se
940 926 992 969 res
1017 906 1144 984 habeat,
1168 907 1296 970 nullum
1320 914 1370 971 est
1393 908 1498 991 magis
1524 909 1638 971 efficax

524 1010 704 1073 remedium
722 1031 820 1092 quam
839 1031 997 1093 aquarum
1017 1010 1281 1094 chalybeatarum
1301 1011 1434 1095 potatio.
1483 1010 1593 1079 Quod
1613 1010 1638 1073 si

525 1112 711 1176 calculosus
719 1111 810 1175 nullo
818 1133 963 1194 unquam
972 1132 1163 1195 paroxysmo
1172 1111 1351 1195 nephritico
1359 1111 1459 1175 fuerit
1470 1118 1637 1187 tentatus,

525 1235 599 1277 cnm
618 1215 689 1297 jam
702 1214 862 1298 majorsit
878 1214 1029 1277 Calculus
1050 1235 1149 1297 quam
1166 1214 1221 1297 qui
1239 1236 1278 1278 ex
1302 1214 1386 1297 pelvi
1407 1214 1511 1298 possit
1538 1212 1637 1289 elabi,

525 1316 715 1381 devitandae
730 1323 807 1379 sunt
822 1337 924 1399 aquae
938 1316 1072 1380 ferreae.

947 1548 1044 1611 CAP.
1068 1546 1198 1613 xxm

733 1710 783 1773 De
796 1711 994 1792 Dyseuoio,
1010 1710 1196 1788 Dimhoeo,
1212 1717 1242 1775 et
1261 1710 1414 1775 Teneamo.

440 1879 456 1910 n
468 1880 493 1911 e·
569 1846 720 1909 Rroaur‘
735 1846 933 1929 horrentque
941 1873 951 1924 ;
968 1846 1114 1930 sequitur
1125 1846 1242 1911 deinde
1256 1847 1357 1911 totius
1372 1846 1515 1931 corporis
1531 1849 1637 1926 calor,

397 1944 420 2039 r}
446 1944 474 2041 ζ’
524 1971 620 2034 quem
645 1950 734 2014 brevi
759 1950 924 2034 excipiunt
946 1950 1067 2015 ventris
1091 1952 1242 2029 tormina,
1265 1958 1299 2015 et
1324 1951 1403 2015 haec
1428 1951 1638 2036 dejectiones

523 2056 654 2119 crebrae
675 2062 709 2119 et
730 2076 881 2119 mucosae
903 2076 1025 2135 omnes,
1050 2056 1124 2139 (nisi
1147 2056 1233 2139 quod
1255 2064 1450 2119 stercorosae
1472 2077 1637 2119 nonnun-

524 2179 621 2241 quam
643 2158 914 2239 interponantur,)
932 2178 1007 2221 cum
1030 2158 1158 2241 ingenti
1178 2158 1323 2223 cruciatu
1345 2166 1378 2222 et
1399 2158 1637 2222 molestissimo

522 2261 683 2323 viscerum
702 2259 850 2322 omnium
874 2260 968 2343 quasi
987 2260 1145 2324 descensu
1167 2262 1292 2343 quoties
1313 2270 1506 2326 exoneratur
1524 2263 1634 2337 alvus,

523 2360 691 2443 sanguinis
710 2360 843 2425 interim
857 2361 1063 2427 lineamentis
1085 2363 1288 2441 intertextas,
1304 2364 1380 2427 lieet
1395 2362 1573 2447 aliquando
1589 2382 1635 2426 ne

523 2465 697 2529 minimum
712 2467 880 2549 sanguinis
894 2490 952 2552 per
971 2475 1078 2533 totum
1092 2466 1197 2532 morbi
1212 2468 1384 2532 decursum
1399 2468 1632 2533 admisceatur.

521 2570 700 2651 Progressa
722 2568 826 2633 morbi
849 2571 981 2654 sanguis
1004 2572 1147 2657 sincerus
1169 2571 1362 2655 quandoque
1384 2572 1578 2649 excernitur,
1596 2577 1632 2634 et

522 2692 708 2754 gangraena
728 2672 901 2736 insanabili
924 2674 1110 2737 afficiuntur
1131 2673 1295 2737 intestina.
1342 2674 1378 2737 Si
1400 2696 1495 2757 aeger
1516 2680 1628 2739 aetate

521 2774 643 2852 floreat,
659 2775 710 2839 vel
731 2776 884 2840 cardiacis
905 2776 1088 2855 incalescat,
1111 2775 1273 2841 febricitat
1296 2776 1470 2843 admodum
1479 2804 1489 2857 ;
1511 2778 1629 2861 lingua

521 2884 571 2940 est
595 2877 772 2955 subalbida,
798 2879 937 2962 quadam
967 2878 1161 2963 mucilagine
1191 2879 1290 2943 dense
1319 2880 1433 2959 obsita,
1457 2880 1625 2945 interdum

521 2979 616 3061 nigra
641 2988 675 3044 et
700 2980 791 3045 sicea
838 2982 1095 3047 Prostemuntur
1123 2982 1216 3061 vires,
1244 2981 1442 3065 dissipantur
1471 2982 1602 3067 spiritus
1614 3008 1624 3057 ;

522 3082 662 3165 aphthae
683 3084 816 3167 insuper
835 3086 899 3150 oris
921 3086 1052 3151 interna
1066 3085 1238 3169 faucesque
1260 3086 1420 3166 obsident,
1436 3087 1623 3171 praesertim

521 3185 579 3249 ubi
599 3187 754 3251 materiae
770 3189 934 3271 peccantis
949 3188 1114 3253 evacuatio
1130 3186 1407 3271 adstringentibus
1421 3196 1623 3273 praepostere
1640 3214 1653 3239 ο

520 3288 705 3372 impeditur,
730 3312 799 3355 non
823 3299 935 3355 exacto
962 3314 1020 3375 per
1046 3292 1223 3356 cathartica
1247 3291 1351 3355 morbi
1377 3291 1500 3356 fomite.
1553 3290 1620 3355 Ali-

521 3392 660 3474 quando,
684 3393 836 3457 exulante
857 3394 955 3474 febre,
979 3416 1095 3479 agmen
1120 3396 1244 3459 ducunt
1270 3394 1420 3474 tormina,
1443 3403 1476 3460 et
1498 3402 1620 3460 caetera

521 3494 626 3558 morbi
640 3502 860 3579 symptomata
875 3505 1064 3581 sequuntur.

505 3666 518 3689 .
569 3596 630 3680 [2.]
658 3598 701 3660 In
727 3598 907 3663 Diarrhoea
931 3598 1083 3665 humores
1110 3600 1343 3665 excrementitii
1369 3602 1439 3665 sine
1465 3600 1616 3685 sangmue

521 3705 577 3762 aut
592 3698 824 3763 intestinorum
839 3702 1076 3767 exulceratione
1091 3709 1317 3767 excernuntur.

569 3800 631 3884 [3.]
658 3802 702 3865 Ιιι
727 3802 886 3868 'Penesmo
916 3805 1045 3869 assidua
1074 3814 1123 3869 est
1153 3806 1320 3869 desidendi
1348 3804 1516 3889 cupiditas,
1541 3800 1619 3868 nihil

520 3912 631 3968 tamen
645 3913 773 3990 praeter
787 3929 955 3973 mucosum
971 3909 1132 3993 quoddam
1154 3916 1187 3971 et
1206 3909 1437 3974 subcruentum
1452 3914 1507 3970 aut
1520 3925 1616 3989 puru-

520 4007 649 4071 lentum
662 4008 817 4092 rejicitur.

369 4128 499 4177 essina
569 4108 653 4194 [4.]s
673 4110 830 4174 Mittatur
847 4113 979 4196 sanguis
995 4135 1012 4177 e
1027 4112 1158 4178 brachio
1179 4114 1428 4197 quamprimum,
1447 4112 1620 4195 eademque

521 4221 617 4281 nocte
631 4215 854 4299 paregoricum
869 4218 1059 4301 propinetur
1066 4244 1076 4297 3
1100 4225 1133 4282 et
1152 4239 1248 4281 mane
1269 4218 1416 4302 sequenti
1431 4218 1526 4281 Potio
1541 4216 1621 4281 Pur·

521 4338 602 4400 gans
614 4316 814 4396 Communis,
826 4318 1001 4402 repetenda
1016 4320 1147 4384 alternis
1157 4320 1270 4385 diebus
1285 4320 1417 4385 adduas
1433 4321 1511 4384 alias
1523 4321 1621 4398 viees;

521 4426 554 4481 et
568 4420 790 4502 paregoricum
804 4428 877 4503 post
891 4422 1109 4504 purgationes,
1126 4420 1364 4505 quamprimum
1379 4442 1438 4483 suo
1453 4420 1624 4486 defunctae

522 4526 599 4582 sunt
618 4540 771 4598 munere3
794 4542 831 4584 ao
849 4522 962 4586 diebus
982 4546 1001 4586 a
1021 4524 1212 4607 purgatione
1232 4525 1340 4588 vacuis
1362 4523 1449 4587 idem
1474 4547 1570 4591 mane
1593 4532 1624 4591 et

521 4641 593 4719 sero
608 4628 657 4683 est
671 4622 899 4687 exhibendum.

555 4744 569 4780 ‘¹
587 4747 625 4793 Cf.
639 4750 732 4797 Obstru.
744 4751 806 4798 ried.
818 4752 850 4800 iv.
862 4755 884 4799 3.
1129 4754 1137 4785 ¹
1151 4757 1188 4802 Cl'.
1202 4758 1257 4803 ibid.
1270 4756 1300 4803 iv.
1314 4758 1336 4802 3.
1351 4758 1365 4803 9
1378 4770 1411 4815 sq.

555 4819 567 4845 ²
584 4813 670 4872 argeus
682 4814 735 4875 dfe]
749 4816 786 4862 Cf.
797 4819 854 4862 ibid.
865 4817 898 4863 ir.
911 4820 933 4865 3.
946 4821 970 4864 3.
