3825 5759
534 646 601 708 464
843 638 1039 705 THOMAE
1064 635 1323 701 SYDENHAM

398 828 440 875 Da
453 826 509 874 Ηιι
535 805 673 868 Divinus
694 804 749 867 ille
773 802 888 879 Senex,
909 821 977 863 non
1002 805 1113 862 autem
1135 799 1318 881 generalem
1342 798 1482 864 fabricae
1501 798 1642 862 humani

382 896 676 991 Q'corporis
690 905 842 969 notitiam
856 923 986 986 carpere
1001 923 1038 965 ac
1053 901 1213 984 sugillare.

586 1009 668 1093 [22]
696 1010 739 1071 Et
759 1006 902 1091 profecto
922 1007 1027 1069 virum
1046 1011 1178 1069 tanturn
1196 1012 1329 1089 tamque
1349 1006 1529 1089 sapientem
1548 1004 1641 1068 nullo

535 1112 633 1176 modo
651 1110 759 1193 potuit
778 1110 889 1187 latere,
904 1110 1082 1172 humanam
1101 1130 1232 1172 omnem
1251 1108 1533 1192 investigationem
1551 1108 1642 1171 ultra

383 1234 480 1296 Majora
491 1232 522 1279 li·
537 1215 720 1298 generalem
745 1211 903 1296 ejusmodi
931 1212 1083 1275 notitiam
1111 1212 1295 1294 pertingere
1319 1233 1388 1275 non
1416 1232 1527 1294 posse:
1563 1210 1641 1273 licet

382 1306 524 1427 {ffiffn‘
538 1318 625 1381 enim
646 1316 795 1399 diligenti
816 1316 852 1379 in
873 1315 1017 1379 secandis
1037 1313 1243 1377 cadaveribus
1262 1314 1473 1398 inquisitione
1494 1334 1532 1377 ao
1551 1334 1640 1377 scru-

383 1428 515 1539 33:1¹:
536 1422 620 1485 tinio
645 1422 768 1503 majora
791 1440 914 1501 organa
938 1418 1055 1501 quibus
1077 1417 1206 1481 Natura
1228 1417 1264 1481 in
1289 1417 1480 1501 peragendis
1502 1417 1640 1501 operati-

383 1554 517 1603 rusoeulos
537 1522 654 1587 onibus
684 1520 750 1584 suis
775 1520 881 1583 utitur
905 1520 941 1583 in
963 1527 1172 1602 conspectum
1197 1520 1339 1599 veniant,
1364 1542 1503 1604 vasaque
1524 1520 1640 1583 itidem
1767 1519 1768 1532 ¹

382 1620 495 1669 acutissi-
538 1624 697 1689 nonnulla
710 1645 769 1706 per
784 1644 865 1706 quae
881 1623 968 1686 succi
982 1622 1023 1686 ab
1037 1622 1088 1685 his
1103 1622 1144 1685 ad
1158 1622 1229 1685 illas
1244 1624 1388 1706 corporis
1406 1631 1515 1707 partes
1534 1630 1640 1686 trans·

383 1683 513 1797 diirdiia
537 1730 734 1807 mittuntur3
758 1748 840 1811 quae
859 1734 971 1791 tamen
990 1726 1088 1810 hujus
1107 1732 1215 1789 motus
1238 1727 1281 1790 sit
1299 1728 1389 1809 origo
1409 1734 1443 1790 et
1460 1748 1558 1790 causa
1575 1726 1640 1809 pri·

384 1827 516 1925 ξζῗεζξῐξᾟ·
538 1833 650 1912 maria,
673 1831 759 1896 oculi
781 1830 894 1894 docere
915 1835 1094 1911 nequeunt,
1112 1849 1219 1910 neque
1239 1828 1485 1912 microscopium
1507 1830 1641 1913 quodvis

385 1942 507 1989 elaborato
538 1936 587 1999 vel
613 1932 860 2017 exquisitissime
886 1932 1087 1995 elaboratum
1109 1931 1206 1994 exiles
1227 1931 1308 1995 istos
1332 1939 1459 1996 meatus
1481 1954 1539 2016 par
1561 1956 1642 2018 quos

384 2006 504 2131 iffi„
539 2036 652 2121 chylus
670 2035 819 2118 (exempli
838 2034 964 2116 gratia)
982 2054 1021 2097 ex
1040 2033 1203 2096 intestinis
1220 2034 1256 2096 irr
1272 2055 1348 2097 vasa
1367 2035 1521 2119 abylifera
1536 2042 1643 2099 trans-

386 2149 492 2196 pmrsus.
540 2139 673 2215 coletru,
688 2138 739 2199 vel
753 2158 811 2219 per
826 2158 906 2219 quos
926 2136 1043 2199 ductus
1060 2136 1191 2219 sanguis
1204 2156 1263 2219 per
1279 2136 1413 2200 arterias
1430 2138 1592 2201 derivatim
1605 2138 1643 2201 in

539 2261 696 2303 venarum
717 2239 827 2302 oscula
852 2239 1054 2303 reducendus
1079 2240 1331 2319 transmittatur,
1353 2248 1460 2323 potest
1481 2242 1642 2325 detegere.

541 2344 698 2411 Quinimo
716 2350 793 2406 sunt
808 2350 841 2407 et
856 2344 911 2406 alii
927 2344 1012 2407 ferre
1029 2342 1203 2422 innumeri,
1217 2344 1305 2427 iique
1322 2344 1425 2426 magis
1445 2345 1551 2425 adbuc
1565 2346 1644 2410 affa-

539 2446 597 2510 bre
612 2446 808 2523 concinnati‚
824 2452 950 2509 meatrrs
968 2466 1005 2509 ac
1019 2446 1090 2529 pori
1106 2446 1142 2509 in
1158 2448 1220 2510 bac
1234 2447 1384 2511 miranda
1399 2448 1539 2511 hominis
1556 2469 1644 2511 oom-

540 2570 633 2632 page,
655 2570 734 2631 quos
756 2569 853 2612 nemo
874 2547 1045 2612 homiuum
1066 2570 1109 2612 ne
1130 2570 1189 2631 per
1208 2548 1370 2612 somnium
1392 2550 1524 2632 quidem
1545 2548 1643 2627 vidit;

389 2660 502 2723 Cognitis
541 2672 615 2715 cum
633 2652 723 2715 rudis
741 2660 774 2715 ct
788 2651 920 2715 indocta
937 2652 991 2733 (sit
1005 2651 1102 2716 verbo
1116 2651 1232 2734 venia)
1249 2651 1392 2734 cognitio
1410 2658 1523 2715 nostra
1541 2651 1577 2714 in
1593 2673 1644 2715 re·

388 2724 517 2839 imi?
541 2778 615 2819 rum
637 2756 755 2820 cortice
777 2756 883 2820 omnis
905 2756 1006 2819 ferme
1023 2762 1178 2835 versetur,
1199 2776 1237 2820 ac
1262 2754 1305 2819 ad
1329 2753 1367 2819 τὸ
1388 2753 1438 2819 dn
1460 2754 1536 2837 (siva
1557 2753 1643 2836 quod

387 2854 530 2977 :yffi
542 2880 593 2924 res
607 2858 668 2922 hoc
683 2856 779 2922 modo
795 2879 828 2921 se
843 2856 984 2939 habeat)
1001 2857 1068 2921 fere
1081 2865 1219 2932 tantum,
1228 2878 1408 2941 assurgens,
1419 2853 1457 2921 τό
1472 2852 1552 2921 δώῃ
1567 2855 1643 2938 (give

389 2984 530 3033 nullatenus
542 2985 651 3027 rerum
666 2963 800 3045 causas)
819 2963 1005 3025 nullatenus
1020 2961 1170 3045 attingat.
1203 2961 1289 3025 Utut
1304 2983 1339 3025 se
1352 2982 1404 3025 res
1418 2960 1546 3038 babeat,
1556 2958 1644 3022 haud

389 3050 499 3111 '‘⁵¹¹⁸st
544 3066 664 3129 difficili
689 3064 934 3147 investigatione
964 3064 1045 3128 scire
1069 3084 1239 3147 possumus
1265 3070 1425 3147 quantum
1448 3061 1543 3126 nobis
1568 3060 1644 3123 diri-

390 3129 498 3241 diiii?
544 3170 657 3253 gendis
687 3171 794 3253 (prout
816 3170 879 3231 fert
901 3167 948 3231 rei
973 3169 1112 3249 natura)
1141 3167 1258 3231 sufficit
1279 3168 1316 3230 irr
1340 3187 1453 3231 eorum
1478 3164 1645 3229 curatione

391 3264 457 3385 {iffi
464 3258 531 3369 32⁶
543 3272 730 3335 morborum
756 3270 813 3354 qui
838 3270 1025 3353 hujusmodi
1047 3270 1197 3352 peritiam
1223 3270 1321 3354 (quod
1345 3290 1444 3352 supra
1468 3266 1556 3348 dixi)
1585 3265 1645 3328 sibi

391 3387 506 3463 furimus,
544 3374 716 3438 vendicant
725 3400 734 3451 3
759 3372 898 3437 maxime
915 3394 991 3436 vero
1011 3382 1171 3456 quantum
1186 3396 1247 3438 nos
1266 3374 1411 3457 impellat
1428 3372 1470 3436 ad
1489 3372 1645 3436 Divinum

390 3450 521 3562 qquqqqnt
544 3480 742 3541 Aarrrrcarr
764 3497 890 3540 summa
912 3476 1013 3540 animi
1035 3478 1226 3542 demissione
1246 3478 1457 3554 adorandum,
1476 3475 1556 3539 dum
1578 3480 1644 3537 stu·

391 3578 516 3691 ffiss}
544 3579 688 3663 ΡΘῙΠῙΠῙῙ1
710 3580 790 3662 Ejus
813 3578 984 3643 artificium
1008 3582 1263 3665 contemplamur
1284 3582 1320 3645 in
1341 3581 1382 3644 iis
1404 3601 1542 3664 quorum
1562 3578 1645 3642 ratio

392 3706 509 3769 susptcu-
544 3681 638 3745 nobis
652 3680 836 3760 innotescit,
851 3690 923 3746 tum
938 3682 1020 3746 illud
1033 3684 1131 3767 longe
1145 3683 1448 3748 excellentissimum
1461 3682 1497 3745 in
1511 3680 1645 3745 caeteris

392 3770 530 3883 prppprsr-
545 3786 586 3850 ad
602 3807 683 3868 quae
697 3806 826 3869 prorsus
842 3787 1049 3851 caecutimus.

594 3887 676 3971 [23]
704 3888 747 3951 Et
770 3887 864 3951 sicuti
888 3887 1103 3973 Hippocrates
1124 3911 1179 3953 eos
1200 3888 1416 3973 reprehendit,
1432 3886 1489 3971 qui
1509 3886 1586 3950 hnic
1609 3884 1646 3947 in
1767 3925 1768 3934 ι

544 3989 695 4053 humanis
715 3990 900 4073 corporibus
923 3992 1125 4075 speculandis
1143 3992 1323 4055 curiositati
1344 3998 1378 4055 et
1394 3989 1559 4077 περιεργίᾳ
1573 3988 1646 4070 plus
1767 3973 1768 4022 Ψ

546 4093 626 4157 dant
642 4116 739 4177 quam
757 4094 1033 4159 observationibus
1050 4095 1210 4179 practicis,
1226 4116 1263 4158 ac
1276 4094 1411 4178 proinde
1431 4114 1529 4177 quam
1547 4090 1646 4173 ipsius

547 4197 693 4261 Naturae
710 4198 830 4281 judicio
839 4224 849 4277 ;
880 4198 928 4261 ita
944 4198 1015 4282 pari
1030 4198 1104 4281 jure
1123 4197 1266 4280 prudens
1282 4196 1331 4260 vir
1350 4195 1510 4279 quispiam
1527 4194 1564 4256 in
1584 4192 1647 4254 hoo

547 4308 659 4364 nostro
674 4301 801 4365 saeculo
816 4321 870 4365 eos
885 4300 1014 4383 culpare
1024 4301 1135 4383 possit,
1147 4299 1203 4382 qui
1218 4299 1404 4362 existimant
1414 4299 1530 4362 Artem
1540 4293 1647 4360 Medi·

394 4418 513 4482 coymiae
548 4422 619 4464 cam
639 4402 729 4465 nulla
746 4422 781 4465 re
801 4402 864 4465 alia
877 4402 981 4485 magis
995 4402 1173 4487 promoveri
1187 4422 1280 4485 posse
1299 4422 1397 4485 quam
1411 4398 1502 4463 novis
1516 4394 1648 4480 chymi-

393 4484 530 4596 ssssfussjn
548 4523 659 4566 corum
688 4503 838 4566 inventis.
885 4503 1081 4588 Quanquam
1114 4506 1203 4568 enim
1231 4503 1353 4586 ingrati
1384 4522 1515 4585 prorsus
1548 4497 1651 4562 animr

393 4618 419 4660 a
429 4614 493 4687 hdr?
512 4675 518 4685 ,
548 4613 641 4684 esset,
663 4628 730 4671 non
751 4607 890 4671 libenter
913 4629 1085 4692 agnoscere
1106 4608 1142 4671 id
1162 4605 1374 4671 emolumenti
1391 4603 1480 4689 quod
1494 4598 1650 4685 chymioe

394 4676 531 4788 igidi?
549 4716 717 4792 acceptum
743 4708 906 4789 debemus,
933 4732 972 4774 eo
1001 4710 1088 4794 quod
1112 4711 1207 4775 utilia
1230 4708 1389 4773 nonnulla
1413 4706 1653 4770 medicamenta

395 4804 477 4854 Μ’·
549 4818 582 4874 et
607 4810 857 4875 indicationibus
883 4812 1116 4876 satisfaciendis
1139 4832 1295 4896 perquam
1321 4806 1528 4874 accommoda
1552 4804 1652 4888 (iuter
