3825 5759
517 550 585 615 446
829 548 1026 618 'l'HOMAE
1048 550 1309 619 SYDENHAM

373 727 415 777 ιιι
418 726 498 843 eqn-
518 713 602 779 nihil
615 733 690 778 vero
705 733 807 797 aeque
826 714 909 779 'votis
926 714 1093 799 respondit
1107 736 1145 781 ae
1158 715 1228 779 vim
1216 712 1436 781 Canarensis
1449 714 1637 783 haustulus

366 864 507 875 -..
437 808 657 881 ¹¹·subinde
676 816 864 901 deglutitus,
886 817 1044 901 languore
1062 824 1169 901 atque
1182 818 1387 901 aegritudine
1407 819 1632 903 urgentibus.

364 896 450 1057 Ψ
400 808 490 1003 Λιηάι
518 940 625 1003 neque
639 918 732 983 vel'
704 940 816 983 unum
832 920 992 985 Gallicum
1007 920 1154 999 rubrum,
1164 921 1217 985 vel
1230 920 1375 985 theriaca
1387 921 1630 1001 Andromachi,

383 1012 502 1124 ἪΦ·
469 1042 625 1123 luneque
640 1021 728 1085 aliud
748 1021 913 1105 quodlibet
928 1043 947 1087 e
964 1022 1117 1087 oardiads
1138 1023 1221 1088 mihi
1238 1023 1397 1089 hactenus
1411 1024 1511 1102 notis,
1527 1046 1629 1107 pares

362 1090 462 1201 udqu
445 1074 506 1189 adli-
519 1124 660 1189 habet'
631 1144 724 1189 vires.
771 1124 836 1189 Sed
850 1146 956 1241 neque
969 1125 1083 1189 vinum
1096 1125 1206 1205 hoece,
1219 1146 1282 1191 nec
1295 1126 1517 1191 cardiacorum
1531 1126 1630 1193 aliud

361 1202 467 1329 {ff
456 1225 694 1316 ,quodlibet
710 1246 854 1311 aegrum,
878 1227 907 1291 si
930 1227 1082 1293 exercitio
1104 1248 1174 1293 non
1195 1235 1318 1309 utatur,
1337 1229 1473 1295 omnino
1493 1250 1626 1296 servare

361 1282 479 1445 fflffiioo
467 1350 610 1437 ’posse
625 1330 876 1395 existimandum
890 1336 1123 1396 est..

480 1432 673 1517 [63]
689 1434 748 1497 Sin
759 1440 870 1497 autem
881 1434 1009 1517 gravius
1023 1432 1155 1517 aliquod
1168 1440 1359 1519 symptoma,
1367 1433 1516 1499 inducias
1529 1434 1622 1501 haud

362 1466 495 1639 ἕψω
516 1534 632 1614 ferens,
648 1556 688 1601 ex
703 1542 883 1601 retrocessa
903 1536 1059 1601 materiae
1079 1536 1275 1620 Podagrieae
1296 1536 1405 1603 subito
1425 1538 1570 1620 ingruat,
1585 1546 1620 1603 et

363 1598 435 1702 duln
434 1606 494 1706 ξι
516 1646 654 1705 mortem
677 1640 765 1721 aegri
784 1638 973 1718 minitetur3
998 1660 1104 1722 neque
1125 1640 1201 1703 vino
1219 1660 1328 1725 neque
1345 1639 1498 1706 exercitio
1520 1662 1621 1724 supra

364 1741 440 1790 lnu
380 1756 480 1805 nquoe
467 1741 654 1856 ῗ-Ιιιιάιιίι
671 1741 848 1822 fidendum,
869 1762 984 1805 verum
1004 1742 1094 1807 hoc'
1084 1764 1121 1805 m
1142 1762 1220 1806 casu
1243 1741 1351 1824 (modo
1367 1764 1437 1807 non
1457 1749 1567 1825 eaput,
1583 1748 1619 1807 at

429 1808 505 1921 ιιιΙέι..
474 1824 622 1928 u'partes
644 1844 694 1909 vel
719 1844 882 1909 naturales
905 1844 956 1909 vel
980 1844 1104 1923 vitales,
1126 1844 1285 1928 ejusmodi
1307 1844 1431 1908 malum
1453 1844 1615 1927 impetat)

420 1937 504 1984 “³¹¹⁰''
477 1946 557 2010 ¹¹·ed
576 1947 753 2010 laudunum
773 1947 884 2013 statim
905 1946 1179 2031 confugiendum,
1207 1968 1325 2031 nempe
1346 1946 1480 2012 laudaui
1499 1946 1620 2062 liquidi

361 1870 479 2111 {dem
514 2054 628 2129 guttoe
653 2048 768 2131 viginti
790 2049 942 2114 haustulo
972 2070 1075 2133 aquae
1097 2049 1294 2134 epidemieae
1320 2049 1483 2114 immistae
1507 2049 1620 2134 propi·

513 2157 644 2229 nentur,
660 2156 693 2213 et
708 2150 744 2213 iu
758 2151 842 2215 lecto
856 2152 897 2215 ad
913 2152 1055 2236 quietem
1070 2174 1167 2235 aeger
1180 2173 1215 2219 se
1229 2159 1412 2237 componat.

361 2260 451 2325 laquo
462 2276 505 2311 ⁸¹¹-
564 2252 647 2337 [64]
676 2252 774 2321 Quod
797 2255 825 2319 si
850 2256 987 2321 materia
1005 2254 1187 2338 Podagram
1209 2256 1425 2332 committens,
1447 2254 1526 2338 quia
1546 2275 1618 2322 non

360 2326 500 2440 ἐξζξξιιξξο·
510 2354 579 2439 jam
593 2355 629 2419 ιι
645 2364 734 2421 mus
748 2358 847 2421 ιιιιιι
862 2358 1038 2437 eliminata,
1050 2358 1251 2423 umuoeam
1264 2357 1439 2435 ιιιιιιιιιι,
1452 2356 1562 2440 (modo
1576 2378 1620 2425 ιι

512 2459 695 2543 paroxysmi
705 2459 876 2542 singularis
888 2460 977 2523 crisis
986 2481 1053 2523 non
1063 2459 1184 2541 fuerit)
1195 2467 1229 2527 et
1238 2458 1378 2558 lauduno
1384 2459 1454 2541 jam
1461 2457 1617 2523 laudatos

513 2566 547 2623 et
556 2561 706 2626 exercitio
714 2562 919 2627 omnimodo!
931 2562 1003 2647 (hoe
1012 2562 1100 2627 enim
1108 2562 1266 2645 imprimis
1275 2560 1317 2626 ud
1326 2560 1511 2625 diarrhoeae
1519 2581 1616 2623 cura·

511 2663 635 2727 tionem
646 2664 833 2729 obeundum
842 2666 913 2748 est,)
927 2686 995 2729 uon
1005 2664 1164 2742 obstante,
1174 2664 1263 2727 alvus
1271 2662 1481 2727 nihilominus
1488 2660 1611 2727 diutim

511 2765 602 2846 duat,
618 2767 831 2851 aegritudine,
843 2767 1037 2833 torminibus
1050 2766 1180 2845 ventris,
1192 2774 1266 2846 etc,
1277 2764 1520 2841 accedentibus3
1533 2763 1609 2826 uni-

511 2888 586 2933 cum
605 2870 703 2953 (quod
717 2872 804 2955 scio,)
821 2872 1002 2936 remedium
1016 2877 1075 2948 est,
1090 2876 1130 2934 ut
1143 2869 1242 2935 sudor
1255 2876 1446 2954 provocetur
1458 2866 1610 2933 methodo

510 2978 544 3035 et
558 2974 801 3039 medicamentis
816 2975 891 3039 huie
905 2973 981 3039 usui
995 2972 1183 3037 destinatis:
1206 2970 1293 3055 quod
1307 2971 1335 3035 si
1349 2972 1407 3035 fiet
1421 2970 1463 3034 ad
1473 2970 1611 3035 biduum
1661 3034 1671 3041 ,

509 3072 694 3139 triduumve
711 3097 808 3141 mane
828 3084 861 3139 et
880 3074 1005 3159 vesperi
1022 3095 1081 3158 per
1100 3073 1181 3137 duas
1197 3080 1304 3139 tresve
1317 3073 1413 3137 horas
1427 3075 1610 3153 continuas,

508 3176 641 3243 sistetur
655 3186 693 3242 ut
707 3178 884 3262 plurimum
899 3176 1076 3255 diarrhoea,
1091 3183 1126 3241 et
1146 3176 1251 3241 morbi
1270 3176 1373 3241 fomes
1394 3198 1515 3259 magna
1527 3176 1559 3239 vi
1572 3176 1610 3241 in

354 3309 397 3357 qm
372 3295 453 3408 ιιιοι
508 3290 599 3346 artus
614 3282 791 3394 detonabit.
838 3282 911 3345 Hac
925 3301 986 3363 ego
1000 3280 1153 3345 methodo
1168 3280 1290 3364 aliquot
1305 3289 1394 3347 retro
1408 3282 1503 3347 annis
1516 3302 1610 3349 meae

353 3564 412 3601 ⁰⁰¹²*
383 3550 439 3599 Μ]
441 3553 485 3601 uir.
473 3504 1363 3671 podedqduddoearmaoommpetsdstrldgendumvdm
1373 3508 1608 3673 genensbpbdd

504 3688 625 3753 frustra
639 3690 893 3773 imploraveram.

422 3814 471 3891 ιι..
554 3791 637 3877 [65.]
664 3794 724 3857 Est
747 3800 780 3857 et
802 3793 890 3857 aliud
909 3801 1092 3879 symptoma
1104 3814 1174 3859 non
1193 3792 1328 3877 perinde
1341 3794 1490 3859 crebrum
1491 3794 1606 3880 ,quod

457 3900 616 3993 otamen
641 3897 838 3981 aliquoties'
829 3918 897 3981 ipse
916 3898 993 3977 vidi,
1014 3896 1196 3961 metastasis
1218 3896 1338 3961 scilieet
1359 3897 1514 4013 materiae
1531 3919 1603 4012 pec

348 4082 434 4201 qffi,
428 4025 622 4189 ¹⁸⁸⁵:frigore
636 4112 781 4187 tempore
795 4103 980 4189 paroxysmi
996 4108 1144 4185 suscepto
1161 4101 1330 4165 materiam
1347 4102 1469 4167 sensim
1482 4103 1518 4166 in
1531 4102 1602 4186 pul·

346 4202 477 4319 ffifflb
503 4228 615 4272 mones
644 4206 753 4286 allicit,
780 4206 915 4271 artubus
940 4204 1082 4283 interim,
1107 4202 1149 4268 ob
1179 4204 1425 4269 translationem
1449 4205 1602 4271 materiae

501 4310 717 4375 morbifieae
707 4330 743 4375 m
761 4309 857 4374 aliam
876 4308 1052 4391 regionem,
1070 4306 1120 4371 vel
1141 4306 1285 4385 omnino,
1299 4307 1351 4371 vel
1370 4314 1503 4371 tantum
1523 4328 1600 4389 nou,

500 4421 570 4478 tam
593 4434 613 4477 a
636 4412 745 4477 dolore
769 4432 866 4495 quarn
889 4432 909 4475 a
934 4418 1062 4475 tumore
1083 4407 1238 4474 liberatis.
1284 4410 1361 4474 Uno
1380 4409 1501 4475 hocin
1525 4430 1603 4477 casu

499 4514 641 4583 intentio
663 4515 807 4581 curative
826 4535 894 4579 non
914 4512 954 4577 sd
974 4514 1076 4596 ipsam
1097 4511 1280 4595 Podagrarn
1301 4510 1472 4594 dirigenda
1487 4519 1547 4591 est,
1567 4519 1601 4581 at

531 4680 544 4703 “
560 4672 617 4733 §68
629 4672 695 4720 deest
708 4672 732 4721 in
744 4673 781 4721 ed.
793 4675 841 4721 ¹88.
1102 4670 1267 4736 rosamo]
1275 4672 1315 4721 Sic
1324 4672 1379 4721 edd·
1388 4678 1487 4730 recent,
1500 4677 1599 4721 annisa

531 4744 542 4771 ⁸
559 4745 582 4789 et
594 4737 754 4801 laudumjavr
764 4737 840 4800 uua]
852 4752 901 4786 om.
911 4738 947 4787 ed.
961 4740 1008 4789 ³88.
1069 4740 1130 4787 nodi
1141 4736 1200 4800 Syd.
