<?xml version="1.0" encoding="UTF-8"?>
<!DOCTYPE html PUBLIC "-//W3C//DTD XHTML 1.0 Transitional//EN"
    "http://www.w3.org/TR/xhtml1/DTD/xhtml1-transitional.dtd">
<html xmlns="http://www.w3.org/1999/xhtml" xml:lang="en" lang="en">
 <head>
  <title>
</title>
<meta http-equiv="Content-Type" content="text/html;charset=utf-8" />
  <meta name='ocr-system' content='tesseract 3.04.00' />
  <meta name='ocr-capabilities' content='ocr_page ocr_carea ocr_par ocr_line ocrx_word'/>
</head>
<body>
  <div class='ocr_page' id='page_1' title='image "./thomaesydenhamm00greegoog_0324.png"; bbox 0 0 3825 5759; ppageno 0'>
   <div class='ocr_carea' id='block_1_1' title="bbox 510 601 1295 674">
    <p class='ocr_par' dir='ltr' id='par_1_1' title="bbox 510 601 1295 674">
     <span class='ocr_line' id='line_1_1' title="bbox 510 601 1295 674; baseline 0 -2"><span class='ocrx_word' id='word_1_1' title='bbox 510 610 574 672; x_wconf 78' lang='lat'><strong>292</strong></span> <span class='ocrx_word' id='word_1_2' title='bbox 815 603 1010 670; x_wconf 83' lang='lat' dir='ltr'>&#39;PHOMAE</span> <span class='ocrx_word' id='word_1_3' title='bbox 1035 601 1295 674; x_wconf 75' lang='lat' dir='ltr'><strong>SYDENHAM,</strong></span> 
     </span>
    </p>
   </div>
   <div class='ocr_carea' id='block_1_2' title="bbox 358 763 1624 850">
    <p class='ocr_par' dir='ltr' id='par_1_2' title="bbox 358 763 1624 850">
     <span class='ocr_line' id='line_1_2' title="bbox 358 763 1624 850; baseline -0.002 -20"><span class='ocrx_word' id='word_1_4' title='bbox 358 781 496 830; x_wconf 79' lang='lat' dir='ltr'><strong>DsMoss.</strong></span> <span class='ocrx_word' id='word_1_5' title='bbox 509 767 572 831; x_wconf 88' lang='lat' dir='ltr'><strong>ista</strong></span> <span class='ocrx_word' id='word_1_6' title='bbox 608 764 711 848; x_wconf 77' lang='grc' dir='ltr'>εὐεξία</span> <span class='ocrx_word' id='word_1_7' title='bbox 739 765 873 830; x_wconf 83' lang='lat' dir='ltr'><strong>tandem</strong></span> <span class='ocrx_word' id='word_1_8' title='bbox 910 763 1161 850; x_wconf 81' lang='lat' dir='ltr'>recuperabitur,</span> <span class='ocrx_word' id='word_1_9' title='bbox 1198 764 1368 848; x_wconf 87' lang='lat' dir='ltr'><strong>profligato</strong></span> <span class='ocrx_word' id='word_1_10' title='bbox 1403 763 1440 826; x_wconf 92' lang='lat' dir='ltr'><strong>in</strong></span> <span class='ocrx_word' id='word_1_11' title='bbox 1474 763 1624 828; x_wconf 88' lang='lat' dir='ltr'><strong>solidum</strong></span> 
     </span>
    </p>
   </div>
   <div class='ocr_carea' id='block_1_3' title="bbox 368 847 1623 962">
    <p class='ocr_par' dir='ltr' id='par_1_3' title="bbox 368 847 1623 962">
     <span class='ocr_line' id='line_1_3' title="bbox 368 847 1623 962; baseline -0.005 -26"><span class='ocrx_word' id='word_1_12' title='bbox 368 847 486 962; x_wconf 48' lang='lat'><strong>{2¹⁰3</strong></span> <span class='ocrx_word' id='word_1_13' title='bbox 510 869 633 934; x_wconf 91' lang='lat' dir='ltr'><strong>morbo.</strong></span> <span class='ocrx_word' id='word_1_14' title='bbox 697 869 760 932; x_wconf 90' lang='lat' dir='ltr'><strong>His</strong></span> <span class='ocrx_word' id='word_1_15' title='bbox 797 867 955 932; x_wconf 90' lang='lat' dir='ltr'><strong>adductus</strong></span> <span class='ocrx_word' id='word_1_16' title='bbox 991 866 1172 931; x_wconf 89' lang='lat' dir='ltr'><strong>rationibus</strong></span> <span class='ocrx_word' id='word_1_17' title='bbox 1209 867 1294 930; x_wconf 85' lang='lat' dir='ltr'><strong>hanc</strong></span> <span class='ocrx_word' id='word_1_18' title='bbox 1330 887 1391 949; x_wconf 89' lang='lat' dir='ltr'><strong>ego</strong></span> <span class='ocrx_word' id='word_1_19' title='bbox 1423 865 1623 931; x_wconf 79' lang='lat' dir='ltr'><strong>methodum</strong></span> 
     </span>
    </p>
   </div>
   <div class='ocr_carea' id='block_1_4' title="bbox 357 968 1622 2701">
    <p class='ocr_par' dir='ltr' id='par_1_4' title="bbox 359 968 1622 1674">
     <span class='ocr_line' id='line_1_4' title="bbox 359 968 1622 1054; baseline -0.005 -16"><span class='ocrx_word' id='word_1_20' title='bbox 359 982 499 992; x_wconf 80' lang='grc'><em>’“““““</em></span> <span class='ocrx_word' id='word_1_21' title='bbox 510 972 645 1038; x_wconf 87' lang='lat' dir='ltr'><strong>caeteris</strong></span> <span class='ocrx_word' id='word_1_22' title='bbox 660 980 838 1054; x_wconf 83' lang='lat' dir='ltr'><strong>antepono:</strong></span> <span class='ocrx_word' id='word_1_23' title='bbox 862 968 1034 1034; x_wconf 87' lang='lat' dir='ltr'><strong>Pcruviaui</strong></span> <span class='ocrx_word' id='word_1_24' title='bbox 1049 970 1186 1034; x_wconf 88' lang='lat' dir='ltr'><strong>Corticis</strong></span> <span class='ocrx_word' id='word_1_25' title='bbox 1205 968 1302 1032; x_wconf 84' lang='lat' dir='ltr'><strong>uncia</strong></span> <span class='ocrx_word' id='word_1_26' title='bbox 1322 991 1390 1032; x_wconf 87' lang='lat' dir='ltr'><strong>una</strong></span> <span class='ocrx_word' id='word_1_27' title='bbox 1413 990 1489 1032; x_wconf 88' lang='lat' dir='ltr'><strong>cum</strong></span> <span class='ocrx_word' id='word_1_28' title='bbox 1503 969 1622 1054; x_wconf 85' lang='lat' dir='ltr'><strong>sympi</strong></span> 
     </span>
     <span class='ocr_line' id='line_1_5' title="bbox 510 1071 1621 1154; baseline -0.004 -14"><span class='ocrx_word' id='word_1_29' title='bbox 510 1096 657 1140; x_wconf 87' lang='lat' dir='ltr'><strong>rosarum</strong></span> <span class='ocrx_word' id='word_1_30' title='bbox 685 1074 856 1138; x_wconf 87' lang='lat' dir='ltr'><strong>rubrarum</strong></span> <span class='ocrx_word' id='word_1_31' title='bbox 891 1073 996 1139; x_wconf 87' lang='lat' dir='ltr'><strong>unciis</strong></span> <span class='ocrx_word' id='word_1_32' title='bbox 1026 1072 1152 1136; x_wconf 85' lang='lat' dir='ltr'><strong>duabus</strong></span> <span class='ocrx_word' id='word_1_33' title='bbox 1184 1071 1377 1150; x_wconf 83' lang='lat' dir='ltr'><strong>misceatur3</strong></span> <span class='ocrx_word' id='word_1_34' title='bbox 1415 1093 1511 1154; x_wconf 89' lang='lat' dir='ltr'><strong>aeger</strong></span> <span class='ocrx_word' id='word_1_35' title='bbox 1538 1093 1621 1136; x_wconf 83' lang='lat' dir='ltr'><strong>vero</strong></span> 
     </span>
     <span class='ocr_line' id='line_1_6' title="bbox 512 1174 1620 1264; baseline -0.002 -23"><span class='ocrx_word' id='word_1_36' title='bbox 512 1177 728 1264; x_wconf 78' lang='lat' dir='ltr'><strong>quantitatem</strong></span> <span class='ocrx_word' id='word_1_37' title='bbox 748 1176 841 1240; x_wconf 89' lang='lat' dir='ltr'><strong>nucis</strong></span> <span class='ocrx_word' id='word_1_38' title='bbox 862 1175 1047 1240; x_wconf 76' lang='lat' dir='ltr'><strong>moechatae</strong></span> <span class='ocrx_word' id='word_1_39' title='bbox 1071 1174 1212 1259; x_wconf 86' lang='lat' dir='ltr'><strong>majoris,</strong></span> <span class='ocrx_word' id='word_1_40' title='bbox 1230 1195 1328 1238; x_wconf 85' lang='lat' dir='ltr'><strong>mnne</strong></span> <span class='ocrx_word' id='word_1_41' title='bbox 1351 1181 1385 1239; x_wconf 93' lang='lat' dir='ltr'><strong>et</strong></span> <span class='ocrx_word' id='word_1_42' title='bbox 1406 1196 1487 1254; x_wconf 89' lang='lat' dir='ltr'><strong>sero,</strong></span> <span class='ocrx_word' id='word_1_43' title='bbox 1507 1176 1620 1260; x_wconf 89' lang='lat' dir='ltr'><strong>quoti·</strong></span> 
     </span>
     <span class='ocr_line' id='line_1_7' title="bbox 513 1276 1620 1362; baseline -0.003 -18"><span class='ocrx_word' id='word_1_44' title='bbox 513 1280 564 1344; x_wconf 92' lang='lat' dir='ltr'><strong>die</strong></span> <span class='ocrx_word' id='word_1_45' title='bbox 585 1279 724 1358; x_wconf 86' lang='lat' dir='ltr'><strong>devoret,</strong></span> <span class='ocrx_word' id='word_1_46' title='bbox 741 1277 852 1342; x_wconf 89' lang='lat' dir='ltr'><strong>diebus</strong></span> <span class='ocrx_word' id='word_1_47' title='bbox 870 1301 890 1342; x_wconf 85' lang='lat' dir='ltr'><strong>s</strong></span> <span class='ocrx_word' id='word_1_48' title='bbox 910 1277 1053 1360; x_wconf 87' lang='lat' dir='ltr'><strong>genuino</strong></span> <span class='ocrx_word' id='word_1_49' title='bbox 1072 1298 1264 1362; x_wconf 84' lang='lat' dir='ltr'><strong>paroxysmo</strong></span> <span class='ocrx_word' id='word_1_50' title='bbox 1282 1277 1401 1355; x_wconf 83' lang='lat' dir='ltr'><strong>vacuis,</strong></span> <span class='ocrx_word' id='word_1_51' title='bbox 1417 1276 1519 1341; x_wconf 90' lang='lat' dir='ltr'><strong>donec</strong></span> <span class='ocrx_word' id='word_1_52' title='bbox 1539 1299 1620 1342; x_wconf 92' lang='lat' dir='ltr'><strong>con·</strong></span> 
     </span>
     <span class='ocr_line' id='line_1_8' title="bbox 511 1379 1620 1464; baseline -0.002 -18"><span class='ocrx_word' id='word_1_53' title='bbox 511 1383 685 1448; x_wconf 84' lang='lat' dir='ltr'><strong>sectionem</strong></span> <span class='ocrx_word' id='word_1_54' title='bbox 709 1401 840 1446; x_wconf 90' lang='lat' dir='ltr'><strong>omnem</strong></span> <span class='ocrx_word' id='word_1_55' title='bbox 870 1381 1095 1464; x_wconf 78' lang='lat' dir='ltr'><strong>absumpserit.</strong></span> <span class='ocrx_word' id='word_1_56' title='bbox 1153 1381 1331 1464; x_wconf 83' lang='lat' dir='ltr'><strong>Repetatm</strong></span> <span class='ocrx_word' id='word_1_57' title='bbox 1354 1400 1449 1463; x_wconf 88' lang='lat' dir='ltr'><strong>porro</strong></span> <span class='ocrx_word' id='word_1_58' title='bbox 1479 1379 1520 1443; x_wconf 89' lang='lat' dir='ltr'><strong>sd</strong></span> <span class='ocrx_word' id='word_1_59' title='bbox 1549 1388 1620 1444; x_wconf 87' lang='lat' dir='ltr'><strong>tres</strong></span> 
     </span>
     <span class='ocr_line' id='line_1_9' title="bbox 511 1484 1619 1572; baseline -0.005 -21"><span class='ocrx_word' id='word_1_60' title='bbox 511 1487 590 1551; x_wconf 85' lang='lat' dir='ltr'><strong>alias</strong></span> <span class='ocrx_word' id='word_1_61' title='bbox 600 1487 694 1565; x_wconf 82' lang='lat' dir='ltr'><strong>vices,</strong></span> <span class='ocrx_word' id='word_1_62' title='bbox 706 1485 882 1570; x_wconf 86' lang='lat' dir='ltr'><strong>interjectis</strong></span> <span class='ocrx_word' id='word_1_63' title='bbox 897 1506 1024 1569; x_wconf 88' lang='lat' dir='ltr'><strong>semper</strong></span> <span class='ocrx_word' id='word_1_64' title='bbox 1044 1485 1157 1549; x_wconf 89' lang='lat' dir='ltr'><strong>diebus</strong></span> <span class='ocrx_word' id='word_1_65' title='bbox 1177 1485 1456 1572; x_wconf 88' lang='lat' dir='ltr'><strong>quatuordecim.&#39;&#39;</strong></span> <span class='ocrx_word' id='word_1_66' title='bbox 1498 1484 1619 1569; x_wconf 85' lang='lat' dir='ltr'><strong>(Morb.</strong></span> 
     </span>
     <span class='ocr_line' id='line_1_10' title="bbox 511 1587 1175 1674; baseline -0.002 -21"><span class='ocrx_word' id='word_1_67' title='bbox 511 1591 605 1654; x_wconf 82' lang='lat' dir='ltr'><strong>Aeni.</strong></span> <span class='ocrx_word' id='word_1_68' title='bbox 621 1590 742 1654; x_wconf 81' lang='lat' dir='ltr'><strong>Hister.</strong></span> <span class='ocrx_word' id='word_1_69' title='bbox 761 1587 845 1653; x_wconf 88' lang='lat' dir='ltr'><strong>Sect.</strong></span> <span class='ocrx_word' id='word_1_70' title='bbox 861 1589 883 1652; x_wconf 93' lang='lat' dir='ltr'><strong>i.</strong></span> <span class='ocrx_word' id='word_1_71' title='bbox 899 1611 970 1673; x_wconf 85' lang='lat' dir='ltr'><strong>esp.</strong></span> <span class='ocrx_word' id='word_1_72' title='bbox 986 1592 1017 1652; x_wconf 85' lang='lat'><strong>5.</strong></span> <span class='ocrx_word' id='word_1_73' title='bbox 1040 1588 1073 1674; x_wconf 64' lang='lat' dir='ltr'><strong>[q</strong></span> <span class='ocrx_word' id='word_1_74' title='bbox 1090 1588 1175 1672; x_wconf 77' lang='lat'>34.])</span> 
     </span>
    </p>

    <p class='ocr_par' dir='ltr' id='par_1_5' title="bbox 360 1687 1620 1777">
     <span class='ocr_line' id='line_1_11' title="bbox 360 1687 1620 1777; baseline -0.003 -20"><span class='ocrx_word' id='word_1_75' title='bbox 360 1695 391 1772; x_wconf 67' lang='lat'><strong>13¹</strong></span> <span class='ocrx_word' id='word_1_76' title='bbox 403 1693 484 1743; x_wconf 70' lang='lat' dir='ltr'><strong>erus-</strong></span> <span class='ocrx_word' id='word_1_77' title='bbox 561 1693 660 1777; x_wconf 73' lang='lat'><strong>[39.]¹</strong></span> <span class='ocrx_word' id='word_1_78' title='bbox 676 1691 925 1757; x_wconf 79' lang='lat' dir='ltr'><strong>Quantumlibet</strong></span> <span class='ocrx_word' id='word_1_79' title='bbox 937 1698 1046 1756; x_wconf 89' lang='lat' dir='ltr'><strong>autem</strong></span> <span class='ocrx_word' id='word_1_80' title='bbox 1061 1691 1180 1755; x_wconf 84' lang='lat' dir='ltr'><strong>Cortex</strong></span> <span class='ocrx_word' id='word_1_81' title='bbox 1194 1711 1292 1774; x_wconf 85' lang='lat' dir='ltr'><strong>supra</strong></span> <span class='ocrx_word' id='word_1_82' title='bbox 1305 1690 1455 1754; x_wconf 86' lang='lat' dir='ltr'><strong>laudatus</strong></span> <span class='ocrx_word' id='word_1_83' title='bbox 1469 1690 1505 1753; x_wconf 92' lang='lat' dir='ltr'><strong>in</strong></span> <span class='ocrx_word' id='word_1_84' title='bbox 1519 1687 1620 1754; x_wconf 79' lang='lat' dir='ltr'><strong>febri-</strong></span> 
     </span>
    </p>

    <p class='ocr_par' dir='ltr' id='par_1_6' title="bbox 357 1775 1620 1882">
     <span class='ocr_line' id='line_1_12' title="bbox 357 1775 1620 1882; baseline -0.004 -21"><span class='ocrx_word' id='word_1_85' title='bbox 357 1775 573 1882; x_wconf 53' lang='lat' dir='ltr'><strong>hhuiiumm-bus</strong></span> <span class='ocrx_word' id='word_1_86' title='bbox 596 1795 684 1860; x_wconf 86' lang='lat' dir='ltr'><strong>hisce</strong></span> <span class='ocrx_word' id='word_1_87' title='bbox 703 1793 870 1858; x_wconf 86' lang='lat' dir='ltr'><strong>medendis</strong></span> <span class='ocrx_word' id='word_1_88' title='bbox 894 1793 1045 1858; x_wconf 90' lang='lat' dir='ltr'><strong>omnibus</strong></span> <span class='ocrx_word' id='word_1_89' title='bbox 1065 1793 1145 1871; x_wconf 87' lang='lat' dir='ltr'><strong>aliis,</strong></span> <span class='ocrx_word' id='word_1_90' title='bbox 1169 1800 1332 1878; x_wconf 89' lang='lat' dir='ltr'><strong>quotquot</strong></span> <span class='ocrx_word' id='word_1_91' title='bbox 1354 1793 1460 1856; x_wconf 84' lang='lat' dir='ltr'><strong>adhuc</strong></span> <span class='ocrx_word' id='word_1_92' title='bbox 1482 1794 1620 1856; x_wconf 82' lang='lat' dir='ltr'><strong>inventa</strong></span> 
     </span>
    </p>

    <p class='ocr_par' dir='ltr' id='par_1_7' title="bbox 359 1895 1620 2082">
     <span class='ocr_line' id='line_1_13' title="bbox 359 1895 1620 2001; baseline -0.003 -40"><span class='ocrx_word' id='word_1_93' title='bbox 359 1897 497 2001; x_wconf 54' lang='grc' dir='ltr'><strong>ξξὲἪ</strong></span> <span class='ocrx_word' id='word_1_94' title='bbox 511 1897 655 1975; x_wconf 77' lang='lat' dir='ltr'><strong>fuerumt,</strong></span> <span class='ocrx_word' id='word_1_95' title='bbox 678 1897 818 1980; x_wconf 82' lang='lat' dir='ltr'><strong>palmam</strong></span> <span class='ocrx_word' id='word_1_96' title='bbox 836 1897 928 1960; x_wconf 86' lang='lat' dir='ltr'><strong>facile</strong></span> <span class='ocrx_word' id='word_1_97' title='bbox 949 1895 1133 1980; x_wconf 85' lang='lat' dir='ltr'><strong>praeripiat,</strong></span> <span class='ocrx_word' id='word_1_98' title='bbox 1154 1903 1300 1959; x_wconf 86' lang='lat' dir='ltr'><strong>attamen</strong></span> <span class='ocrx_word' id='word_1_99' title='bbox 1317 1895 1354 1958; x_wconf 91' lang='lat' dir='ltr'><strong>in</strong></span> <span class='ocrx_word' id='word_1_100' title='bbox 1374 1895 1524 1960; x_wconf 83' lang='lat' dir='ltr'><strong>tertianis</strong></span> <span class='ocrx_word' id='word_1_101' title='bbox 1546 1916 1620 1958; x_wconf 84' lang='lat' dir='ltr'><strong>ver·</strong></span> 
     </span>
     <span class='ocr_line' id='line_1_14' title="bbox 360 1969 1620 2082; baseline -0.003 -17"><span class='ocrx_word' id='word_1_102' title='bbox 360 1969 500 2065; x_wconf 57' lang='lat' dir='ltr'><strong>etdbiens</strong></span> <span class='ocrx_word' id='word_1_103' title='bbox 514 2000 651 2079; x_wconf 85' lang='lat' dir='ltr'><strong>nalibus,</strong></span> <span class='ocrx_word' id='word_1_104' title='bbox 674 2000 701 2063; x_wconf 93' lang='lat' dir='ltr'><strong>si</strong></span> <span class='ocrx_word' id='word_1_105' title='bbox 727 1999 823 2064; x_wconf 91' lang='lat' dir='ltr'><strong>modo</strong></span> <span class='ocrx_word' id='word_1_106' title='bbox 845 2019 940 2082; x_wconf 83' lang='lat' dir='ltr'><strong>aeger</strong></span> <span class='ocrx_word' id='word_1_107' title='bbox 965 1998 1144 2081; x_wconf 88' lang='lat' dir='ltr'><strong>sanguineo</strong></span> <span class='ocrx_word' id='word_1_108' title='bbox 1172 2005 1428 2081; x_wconf 89' lang='lat' dir='ltr'><strong>temperamento</strong></span> <span class='ocrx_word' id='word_1_109' title='bbox 1452 1998 1620 2081; x_wconf 85' lang='lat' dir='ltr'><strong>praeditus</strong></span> 
     </span>
    </p>

    <p class='ocr_par' dir='ltr' id='par_1_8' title="bbox 360 2088 1620 2207">
     <span class='ocr_line' id='line_1_15' title="bbox 360 2088 1620 2207; baseline -0.002 -41"><span class='ocrx_word' id='word_1_110' title='bbox 360 2088 481 2207; x_wconf 44' lang='lat' dir='ltr'><strong>{ffitfi</strong></span> <span class='ocrx_word' id='word_1_111' title='bbox 515 2109 728 2187; x_wconf 71' lang='lat' dir='ltr'><strong>mactatque</strong></span> <span class='ocrx_word' id='word_1_112' title='bbox 750 2101 848 2165; x_wconf 87' lang='lat' dir='ltr'><strong>etiam</strong></span> <span class='ocrx_word' id='word_1_113' title='bbox 871 2107 976 2165; x_wconf 85' lang='lat' dir='ltr'><strong>aetate</strong></span> <span class='ocrx_word' id='word_1_114' title='bbox 997 2101 1135 2180; x_wconf 88' lang='lat' dir='ltr'><strong>floreret,</strong></span> <span class='ocrx_word' id='word_1_115' title='bbox 1159 2101 1303 2164; x_wconf 88' lang='lat' dir='ltr'><strong>remedia</strong></span> <span class='ocrx_word' id='word_1_116' title='bbox 1327 2102 1498 2186; x_wconf 86' lang='lat' dir='ltr'><strong>sequentia</strong></span> <span class='ocrx_word' id='word_1_117' title='bbox 1525 2122 1620 2164; x_wconf 86' lang='lat' dir='ltr'><strong>curn·</strong></span> 
     </span>
    </p>

    <p class='ocr_par' dir='ltr' id='par_1_9' title="bbox 361 2203 1620 2701">
     <span class='ocr_line' id='line_1_16' title="bbox 361 2203 1620 2287; baseline -0.005 -15"><span class='ocrx_word' id='word_1_118' title='bbox 361 2210 475 2272; x_wconf 75' lang='lat' dir='ltr'><strong>genuum.</strong></span> <span class='ocrx_word' id='word_1_119' title='bbox 515 2203 637 2269; x_wconf 90' lang='lat' dir='ltr'><strong>tionem</strong></span> <span class='ocrx_word' id='word_1_120' title='bbox 655 2203 826 2268; x_wconf 79' lang='lat' dir='ltr'><strong>absolvisse</strong></span> <span class='ocrx_word' id='word_1_121' title='bbox 846 2203 1018 2268; x_wconf 83' lang='lat' dir='ltr'><strong>observavi.</strong></span> <span class='ocrx_word' id='word_1_122' title='bbox 1064 2204 1213 2287; x_wconf 82' lang='lat' dir='ltr'><strong>Exempli</strong></span> <span class='ocrx_word' id='word_1_123' title='bbox 1234 2203 1348 2286; x_wconf 79' lang='lat' dir='ltr'><strong>gratia,</strong></span> <span class='ocrx_word' id='word_1_124' title='bbox 1371 2203 1522 2267; x_wconf 84' lang='lat' dir='ltr'><strong>mittatur</strong></span> <span class='ocrx_word' id='word_1_125' title='bbox 1543 2225 1620 2266; x_wconf 90' lang='lat' dir='ltr'><strong>san-</strong></span> 
     </span>
     <span class='ocr_line' id='line_1_17' title="bbox 515 2305 1619 2391; baseline 0 -21"><span class='ocrx_word' id='word_1_126' title='bbox 515 2307 620 2390; x_wconf 88' lang='lat' dir='ltr'><strong>guise</strong></span> <span class='ocrx_word' id='word_1_127' title='bbox 639 2305 771 2371; x_wconf 84' lang='lat' dir='ltr'><strong>brachio</strong></span> <span class='ocrx_word' id='word_1_128' title='bbox 791 2305 843 2370; x_wconf 92' lang='lat' dir='ltr'><strong>die</strong></span> <span class='ocrx_word' id='word_1_129' title='bbox 858 2327 877 2369; x_wconf 89' lang='lat' dir='ltr'><strong>a</strong></span> <span class='ocrx_word' id='word_1_130' title='bbox 899 2327 1089 2389; x_wconf 82' lang='lat' dir='ltr'><strong>paroxysmo</strong></span> <span class='ocrx_word' id='word_1_131' title='bbox 1103 2307 1216 2385; x_wconf 89' lang='lat' dir='ltr'><strong>libero,</strong></span> <span class='ocrx_word' id='word_1_132' title='bbox 1231 2313 1265 2370; x_wconf 90' lang='lat' dir='ltr'><strong>et</strong></span> <span class='ocrx_word' id='word_1_133' title='bbox 1286 2313 1360 2390; x_wconf 92' lang='lat' dir='ltr'><strong>post</strong></span> <span class='ocrx_word' id='word_1_134' title='bbox 1381 2307 1505 2391; x_wconf 90' lang='lat' dir='ltr'><strong>aliquot</strong></span> <span class='ocrx_word' id='word_1_135' title='bbox 1522 2306 1619 2370; x_wconf 85' lang='lat' dir='ltr'><strong>horas</strong></span> 
     </span>
     <span class='ocr_line' id='line_1_18' title="bbox 516 2407 1619 2473; baseline -0.001 -1"><span class='ocrx_word' id='word_1_136' title='bbox 516 2407 630 2472; x_wconf 88' lang='lat' dir='ltr'><strong>eodem</strong></span> <span class='ocrx_word' id='word_1_137' title='bbox 651 2407 703 2471; x_wconf 91' lang='lat' dir='ltr'><strong>die</strong></span> <span class='ocrx_word' id='word_1_138' title='bbox 725 2407 915 2472; x_wconf 82' lang='lat' dir='ltr'><strong>exhibeatur</strong></span> <span class='ocrx_word' id='word_1_139' title='bbox 934 2409 1107 2473; x_wconf 90' lang='lat' dir='ltr'><strong>emeticum</strong></span> <span class='ocrx_word' id='word_1_140' title='bbox 1130 2431 1170 2472; x_wconf 83' lang='lat' dir='ltr'><strong>ex</strong></span> <span class='ocrx_word' id='word_1_141' title='bbox 1186 2409 1348 2473; x_wconf 80' lang='lat' dir='ltr'><strong>infusione</strong></span> <span class='ocrx_word' id='word_1_142' title='bbox 1367 2409 1453 2472; x_wconf 87' lang='lat' dir='ltr'><strong>croci</strong></span> <span class='ocrx_word' id='word_1_143' title='bbox 1471 2408 1619 2472; x_wconf 90' lang='lat' dir='ltr'><strong>metallo·</strong></span> 
     </span>
     <span class='ocr_line' id='line_1_19' title="bbox 517 2511 1619 2596; baseline -0.001 -20"><span class='ocrx_word' id='word_1_144' title='bbox 517 2533 600 2590; x_wconf 84' lang='lat' dir='ltr'><strong>rum,</strong></span> <span class='ocrx_word' id='word_1_145' title='bbox 616 2511 664 2576; x_wconf 84' lang='lat' dir='ltr'><strong>ita</strong></span> <span class='ocrx_word' id='word_1_146' title='bbox 684 2519 812 2594; x_wconf 87' lang='lat' dir='ltr'><strong>tempus</strong></span> <span class='ocrx_word' id='word_1_147' title='bbox 832 2511 1048 2596; x_wconf 88' lang='lat' dir='ltr'><strong>praefigendo,</strong></span> <span class='ocrx_word' id='word_1_148' title='bbox 1064 2519 1102 2575; x_wconf 92' lang='lat' dir='ltr'><strong>ut</strong></span> <span class='ocrx_word' id='word_1_149' title='bbox 1119 2511 1323 2576; x_wconf 79' lang='lat' dir='ltr'><strong>vomitorium</strong></span> <span class='ocrx_word' id='word_1_150' title='bbox 1343 2532 1424 2595; x_wconf 92' lang='lat' dir='ltr'><strong>opus</strong></span> <span class='ocrx_word' id='word_1_151' title='bbox 1444 2533 1539 2576; x_wconf 89' lang='lat' dir='ltr'><strong>suum</strong></span> <span class='ocrx_word' id='word_1_152' title='bbox 1560 2511 1619 2575; x_wconf 87' lang='lat' dir='ltr'><strong>ab·</strong></span> 
     </span>
     <span class='ocr_line' id='line_1_20' title="bbox 515 2613 1617 2701; baseline 0 -24"><span class='ocrx_word' id='word_1_153' title='bbox 515 2613 616 2678; x_wconf 81' lang='lat' dir='ltr'><strong>solvat</strong></span> <span class='ocrx_word' id='word_1_154' title='bbox 642 2621 718 2678; x_wconf 87' lang='lat' dir='ltr'><strong>ante</strong></span> <span class='ocrx_word' id='word_1_155' title='bbox 740 2613 937 2677; x_wconf 87' lang='lat' dir='ltr'><strong>invasionem</strong></span> <span class='ocrx_word' id='word_1_156' title='bbox 959 2614 1142 2699; x_wconf 84' lang='lat' dir='ltr'><strong>paroxysmi</strong></span> <span class='ocrx_word' id='word_1_157' title='bbox 1167 2614 1367 2699; x_wconf 89' lang='lat' dir='ltr'><strong>insequentis</strong></span> <span class='ocrx_word' id='word_1_158' title='bbox 1376 2640 1386 2692; x_wconf 76' lang='lat'>3</span> <span class='ocrx_word' id='word_1_159' title='bbox 1421 2636 1487 2701; x_wconf 92' lang='lat' dir='ltr'><strong>quo</strong></span> <span class='ocrx_word' id='word_1_160' title='bbox 1508 2614 1617 2698; x_wconf 89' lang='lat' dir='ltr'><strong>elapso</strong></span> 
     </span>
    </p>
   </div>
   <div class='ocr_carea' id='block_1_5' title="bbox 515 2715 1320 2803">
    <p class='ocr_par' dir='ltr' id='par_1_10' title="bbox 515 2715 1320 2803">
     <span class='ocr_line' id='line_1_21' title="bbox 515 2715 1320 2803; baseline 0.002 -25"><span class='ocrx_word' id='word_1_161' title='bbox 515 2715 702 2780; x_wconf 83' lang='lat' dir='ltr'><strong>immediate</strong></span> <span class='ocrx_word' id='word_1_162' title='bbox 717 2715 924 2798; x_wconf 85' lang='lat' dir='ltr'><strong>aggrediatur</strong></span> <span class='ocrx_word' id='word_1_163' title='bbox 938 2737 1035 2780; x_wconf 87' lang='lat' dir='ltr'><strong>usum</strong></span> <span class='ocrx_word' id='word_1_164' title='bbox 1050 2716 1256 2803; x_wconf 87' lang='lat' dir='ltr'><strong>sequentium</strong></span> <span class='ocrx_word' id='word_1_165' title='bbox 1267 2741 1320 2780; x_wconf 87' lang='lat'><strong>:-</strong></span> 
     </span>
    </p>
   </div>
   <div class='ocr_carea' id='block_1_6' title="bbox 517 2884 1619 3384">
    <p class='ocr_par' dir='ltr' id='par_1_11' title="bbox 517 2884 1619 3384">
     <span class='ocr_line' id='line_1_22' title="bbox 517 2884 1073 2963; baseline 0.004 -23"><span class='ocrx_word' id='word_1_166' title='bbox 517 2887 618 2958; x_wconf 83' lang='lat' dir='ltr'><strong>[Form.</strong></span> <span class='ocrx_word' id='word_1_167' title='bbox 631 2887 688 2958; x_wconf 81' lang='grc'><strong>56.]</strong></span> <span class='ocrx_word' id='word_1_168' title='bbox 728 2884 759 2963; x_wconf 51' lang='grc' dir='ltr'><strong>Ρ,</strong></span> <span class='ocrx_word' id='word_1_169' title='bbox 780 2888 900 2942; x_wconf 85' lang='lat' dir='ltr'><strong>Extraeti</strong></span> <span class='ocrx_word' id='word_1_170' title='bbox 914 2888 1073 2952; x_wconf 84' lang='lat' dir='ltr'><strong>Gentianae,</strong></span> 
     </span>
     <span class='ocr_line' id='line_1_23' title="bbox 782 2974 1087 3044; baseline 0.003 -18"><span class='ocrx_word' id='word_1_171' title='bbox 782 2974 930 3044; x_wconf 86' lang='lat' dir='ltr'><strong>[Extracti]</strong></span> <span class='ocrx_word' id='word_1_172' title='bbox 944 2975 1087 3039; x_wconf 81' lang='lat' dir='ltr'><strong>Absinthii,</strong></span> 
     </span>
     <span class='ocr_line' id='line_1_24' title="bbox 784 3057 1540 3130; baseline 0.008 -19"><span class='ocrx_word' id='word_1_173' title='bbox 784 3057 935 3130; x_wconf 85' lang='lat' dir='ltr'><strong>[Extraoti]</strong></span> <span class='ocrx_word' id='word_1_174' title='bbox 950 3060 1090 3113; x_wconf 85' lang='lat' dir='ltr'><strong>Centaurii</strong></span> <span class='ocrx_word' id='word_1_175' title='bbox 1102 3059 1225 3126; x_wconf 86' lang='lat' dir='ltr'><strong>Minoris,</strong></span> <span class='ocrx_word' id='word_1_176' title='bbox 1236 3079 1290 3115; x_wconf 85' lang='lat' dir='ltr'><strong>ana</strong></span> <span class='ocrx_word' id='word_1_177' title='bbox 1301 3061 1443 3117; x_wconf 87' lang='lat' dir='ltr'><strong>drachmas</strong></span> <span class='ocrx_word' id='word_1_178' title='bbox 1456 3062 1523 3116; x_wconf 86' lang='lat' dir='ltr'><strong>duas</strong></span> <span class='ocrx_word' id='word_1_179' title='bbox 1533 3083 1540 3125; x_wconf 71' lang='grc' dir='ltr'><strong>ς</strong></span> 
     </span>
     <span class='ocr_line' id='line_1_25' title="bbox 658 3145 1617 3219; baseline 0.004 -21"><span class='ocrx_word' id='word_1_180' title='bbox 658 3145 833 3210; x_wconf 83' lang='lat' dir='ltr'><strong>Misceantur‚</strong></span> <span class='ocrx_word' id='word_1_181' title='bbox 845 3163 876 3200; x_wconf 86' lang='lat' dir='ltr'><strong>ac</strong></span> <span class='ocrx_word' id='word_1_182' title='bbox 889 3145 1042 3200; x_wconf 84' lang='lat' dir='ltr'><strong>dividuntur</strong></span> <span class='ocrx_word' id='word_1_183' title='bbox 1056 3147 1085 3199; x_wconf 92' lang='lat' dir='ltr'><strong>in</strong></span> <span class='ocrx_word' id='word_1_184' title='bbox 1101 3163 1196 3200; x_wconf 80' lang='lat' dir='ltr'><strong>norem</strong></span> <span class='ocrx_word' id='word_1_185' title='bbox 1211 3147 1296 3212; x_wconf 89' lang='lat' dir='ltr'><strong>doses,</strong></span> <span class='ocrx_word' id='word_1_186' title='bbox 1308 3165 1421 3218; x_wconf 86' lang='lat' dir='ltr'><strong>quarum</strong></span> <span class='ocrx_word' id='word_1_187' title='bbox 1434 3166 1516 3203; x_wconf 88' lang='lat' dir='ltr'><strong>uuam</strong></span> <span class='ocrx_word' id='word_1_188' title='bbox 1528 3149 1617 3219; x_wconf 74' lang='lat' dir='ltr'><strong>capiat</strong></span> 
     </span>
     <span class='ocr_line' id='line_1_26' title="bbox 657 3233 1619 3306; baseline 0.004 -20"><span class='ocrx_word' id='word_1_189' title='bbox 657 3241 752 3301; x_wconf 83' lang='lat' dir='ltr'><strong>quarta</strong></span> <span class='ocrx_word' id='word_1_190' title='bbox 769 3249 873 3302; x_wconf 84' lang='lat' dir='ltr'><strong>quaque</strong></span> <span class='ocrx_word' id='word_1_191' title='bbox 890 3233 964 3299; x_wconf 86' lang='lat' dir='ltr'><strong>hora,</strong></span> <span class='ocrx_word' id='word_1_192' title='bbox 980 3233 1175 3304; x_wconf 80' lang='lat' dir='ltr'><strong>superbibendo</strong></span> <span class='ocrx_word' id='word_1_193' title='bbox 1193 3233 1304 3289; x_wconf 84' lang='lat' dir='ltr'><strong>Deeocti</strong></span> <span class='ocrx_word' id='word_1_194' title='bbox 1322 3236 1412 3290; x_wconf 81' lang='lat' dir='ltr'><strong>Amasi</strong></span> <span class='ocrx_word' id='word_1_195' title='bbox 1431 3236 1489 3289; x_wconf 87' lang='lat' dir='ltr'><strong>siae</strong></span> <span class='ocrx_word' id='word_1_196' title='bbox 1505 3253 1619 3306; x_wconf 79' lang='lat' dir='ltr'><strong>purgan-</strong></span> 
     </span>
     <span class='ocr_line' id='line_1_27' title="bbox 658 3317 1165 3384; baseline 0.01 -15"><span class='ocrx_word' id='word_1_197' title='bbox 658 3318 729 3370; x_wconf 88' lang='lat' dir='ltr'><strong>tibus</strong></span> <span class='ocrx_word' id='word_1_198' title='bbox 740 3325 767 3370; x_wconf 85' lang='lat' dir='ltr'><strong>et</strong></span> <span class='ocrx_word' id='word_1_199' title='bbox 778 3317 842 3371; x_wconf 90' lang='lat' dir='ltr'><strong>Vini</strong></span> <span class='ocrx_word' id='word_1_200' title='bbox 854 3319 925 3384; x_wconf 84' lang='lat' dir='ltr'><strong>Albi,</strong></span> <span class='ocrx_word' id='word_1_201' title='bbox 937 3337 992 3373; x_wconf 85' lang='lat' dir='ltr'><strong>ana</strong></span> <span class='ocrx_word' id='word_1_202' title='bbox 1002 3320 1095 3373; x_wconf 86' lang='lat' dir='ltr'><strong>uncins</strong></span> <span class='ocrx_word' id='word_1_203' title='bbox 1106 3327 1165 3374; x_wconf 78' lang='lat' dir='ltr'><strong>tres</strong></span> 
     </span>
    </p>
   </div>
   <div class='ocr_carea' id='block_1_7' title="bbox 361 3444 1618 3644">
    <p class='ocr_par' dir='ltr' id='par_1_12' title="bbox 361 3444 1618 3644">
     <span class='ocr_line' id='line_1_28' title="bbox 364 3444 1618 3534; baseline 0.001 -22"><span class='ocrx_word' id='word_1_204' title='bbox 364 3451 496 3528; x_wconf 66' lang='lat' dir='ltr'><strong>liethertus</strong></span> <span class='ocrx_word' id='word_1_205' title='bbox 523 3445 605 3530; x_wconf 67' lang='lat'><strong>[40]</strong></span> <span class='ocrx_word' id='word_1_206' title='bbox 634 3444 693 3507; x_wconf 87' lang='lat' dir='ltr'><strong>Est</strong></span> <span class='ocrx_word' id='word_1_207' title='bbox 713 3453 747 3508; x_wconf 91' lang='lat' dir='ltr'><strong>et</strong></span> <span class='ocrx_word' id='word_1_208' title='bbox 767 3446 868 3511; x_wconf 83' lang='lat' dir='ltr'><strong>altera</strong></span> <span class='ocrx_word' id='word_1_209' title='bbox 884 3448 1056 3512; x_wconf 89' lang='lat' dir='ltr'><strong>methodus</strong></span> <span class='ocrx_word' id='word_1_210' title='bbox 1074 3450 1209 3513; x_wconf 85' lang='lat' dir='ltr'><strong>curandi</strong></span> <span class='ocrx_word' id='word_1_211' title='bbox 1226 3450 1285 3515; x_wconf 85' lang='lat' dir='ltr'><strong>has</strong></span> <span class='ocrx_word' id='word_1_212' title='bbox 1302 3451 1467 3528; x_wconf 81' lang='lat' dir='ltr'><strong>tertianas,</strong></span> <span class='ocrx_word' id='word_1_213' title='bbox 1486 3452 1522 3515; x_wconf 91' lang='lat' dir='ltr'><strong>in</strong></span> <span class='ocrx_word' id='word_1_214' title='bbox 1540 3473 1618 3534; x_wconf 88' lang='lat' dir='ltr'><strong>pau·</strong></span> 
     </span>
     <span class='ocr_line' id='line_1_29' title="bbox 361 3521 1617 3644; baseline -0.002 -30"><span class='ocrx_word' id='word_1_215' title='bbox 361 3521 504 3644; x_wconf 50' lang='lat' dir='ltr'><strong>{iffiffiff</strong></span> <span class='ocrx_word' id='word_1_216' title='bbox 517 3547 647 3631; x_wconf 88' lang='lat' dir='ltr'><strong>peribus</strong></span> <span class='ocrx_word' id='word_1_217' title='bbox 674 3547 803 3627; x_wconf 85' lang='lat' dir='ltr'><strong>scilieet,</strong></span> <span class='ocrx_word' id='word_1_218' title='bbox 826 3571 966 3634; x_wconf 90' lang='lat' dir='ltr'><strong>qnorum</strong></span> <span class='ocrx_word' id='word_1_219' title='bbox 991 3552 1127 3616; x_wconf 78' lang='lat' dir='ltr'><strong>facultas</strong></span> <span class='ocrx_word' id='word_1_220' title='bbox 1152 3554 1276 3638; x_wconf 82' lang='lat' dir='ltr'><strong>prolixo</strong></span> <span class='ocrx_word' id='word_1_221' title='bbox 1301 3555 1468 3639; x_wconf 85' lang='lat' dir='ltr'><strong>apparatui</strong></span> <span class='ocrx_word' id='word_1_222' title='bbox 1493 3554 1617 3618; x_wconf 87' lang='lat' dir='ltr'><strong>medico</strong></span> 
     </span>
    </p>
   </div>
   <div class='ocr_carea' id='block_1_8' title="bbox 517 3649 924 3731">
    <p class='ocr_par' dir='ltr' id='par_1_13' title="bbox 517 3649 924 3731">
     <span class='ocr_line' id='line_1_30' title="bbox 517 3649 924 3731; baseline 0.005 -18"><span class='ocrx_word' id='word_1_223' title='bbox 517 3649 651 3714; x_wconf 86' lang='lat' dir='ltr'><strong>ferendo</strong></span> <span class='ocrx_word' id='word_1_224' title='bbox 666 3671 732 3714; x_wconf 92' lang='lat' dir='ltr'><strong>non</strong></span> <span class='ocrx_word' id='word_1_225' title='bbox 748 3649 807 3714; x_wconf 89' lang='lat' dir='ltr'><strong>sit:</strong></span> <span class='ocrx_word' id='word_1_226' title='bbox 830 3659 924 3731; x_wconf 85' lang='lat' dir='ltr'><strong>ut,-</strong></span> 
     </span>
    </p>
   </div>
   <div class='ocr_carea' id='block_1_9' title="bbox 520 3823 1616 4164">
    <p class='ocr_par' dir='ltr' id='par_1_14' title="bbox 520 3823 1616 4164">
     <span class='ocr_line' id='line_1_31' title="bbox 520 3823 1615 3903; baseline 0.003 -25"><span class='ocrx_word' id='word_1_227' title='bbox 520 3825 622 3896; x_wconf 86' lang='lat' dir='ltr'><strong>[Form.</strong></span> <span class='ocrx_word' id='word_1_228' title='bbox 635 3825 693 3898; x_wconf 65' lang='lat'><strong>52]</strong></span> <span class='ocrx_word' id='word_1_229' title='bbox 732 3823 965 3903; x_wconf 67' lang='lat' dir='ltr'><strong>RSerpentarise</strong></span> <span class='ocrx_word' id='word_1_230' title='bbox 984 3831 1159 3903; x_wconf 82' lang='lat' dir='ltr'><strong>Virginiauae</strong></span> <span class='ocrx_word' id='word_1_231' title='bbox 1179 3834 1348 3889; x_wconf 82' lang='lat' dir='ltr'><strong>subtilissime</strong></span> <span class='ocrx_word' id='word_1_232' title='bbox 1370 3831 1522 3901; x_wconf 79' lang='lat' dir='ltr'><strong>pulveratae</strong></span> <span class='ocrx_word' id='word_1_233' title='bbox 1544 3845 1615 3882; x_wconf 84' lang='lat' dir='ltr'><strong>scru-</strong></span> 
     </span>
     <span class='ocr_line' id='line_1_32' title="bbox 817 3915 1018 3984; baseline 0.01 -16"><span class='ocrx_word' id='word_1_234' title='bbox 817 3915 911 3984; x_wconf 90' lang='lat' dir='ltr'><strong>pulum</strong></span> <span class='ocrx_word' id='word_1_235' title='bbox 925 3931 1018 3982; x_wconf 89' lang='lat' dir='ltr'><strong>unum,</strong></span> 
     </span>
     <span class='ocr_line' id='line_1_33' title="bbox 783 3999 1105 4068; baseline 0.019 -17"><span class='ocrx_word' id='word_1_236' title='bbox 783 3999 846 4054; x_wconf 91' lang='lat' dir='ltr'><strong>Vini</strong></span> <span class='ocrx_word' id='word_1_237' title='bbox 859 4001 920 4055; x_wconf 81' lang='lat' dir='ltr'><strong>Albi</strong></span> <span class='ocrx_word' id='word_1_238' title='bbox 933 4005 1026 4056; x_wconf 87' lang='lat' dir='ltr'><strong>uncias</strong></span> <span class='ocrx_word' id='word_1_239' title='bbox 1038 4013 1105 4068; x_wconf 86' lang='lat' dir='ltr'><strong>trcs;</strong></span> 
     </span>
     <span class='ocr_line' id='line_1_34' title="bbox 660 4085 1616 4164; baseline 0.002 -25"><span class='ocrx_word' id='word_1_240' title='bbox 660 4085 760 4150; x_wconf 78' lang='lat' dir='ltr'><strong>Misce3</strong></span> <span class='ocrx_word' id='word_1_241' title='bbox 778 4096 866 4140; x_wconf 85' lang='lat' dir='ltr'><strong>sumat</strong></span> <span class='ocrx_word' id='word_1_242' title='bbox 882 4087 986 4142; x_wconf 89' lang='lat' dir='ltr'><strong>duabus</strong></span> <span class='ocrx_word' id='word_1_243' title='bbox 996 4088 1068 4144; x_wconf 89' lang='lat' dir='ltr'><strong>horis</strong></span> <span class='ocrx_word' id='word_1_244' title='bbox 1079 4100 1141 4144; x_wconf 86' lang='lat' dir='ltr'><strong>ante</strong></span> <span class='ocrx_word' id='word_1_245' title='bbox 1152 4109 1356 4164; x_wconf 83' lang='lat' dir='ltr'><strong>paroxysmum;</strong></span> <span class='ocrx_word' id='word_1_246' title='bbox 1375 4100 1403 4145; x_wconf 86' lang='lat' dir='ltr'><strong>et</strong></span> <span class='ocrx_word' id='word_1_247' title='bbox 1413 4089 1539 4160; x_wconf 84' lang='lat' dir='ltr'><strong>stragulis</strong></span> <span class='ocrx_word' id='word_1_248' title='bbox 1549 4089 1616 4142; x_wconf 85' lang='lat' dir='ltr'><strong>benc</strong></span> 
     </span>
    </p>
   </div>
   <div class='ocr_carea' id='block_1_10' title="bbox 659 4173 1618 4334">
    <p class='ocr_par' dir='ltr' id='par_1_15' title="bbox 659 4173 1618 4334">
     <span class='ocr_line' id='line_1_35' title="bbox 659 4173 1618 4247; baseline 0 -19"><span class='ocrx_word' id='word_1_249' title='bbox 659 4185 797 4244; x_wconf 85' lang='lat' dir='ltr'><strong>coopertus</strong></span> <span class='ocrx_word' id='word_1_250' title='bbox 815 4173 892 4229; x_wconf 88' lang='lat' dir='ltr'><strong>sudet</strong></span> <span class='ocrx_word' id='word_1_251' title='bbox 909 4185 1019 4246; x_wconf 82' lang='lat' dir='ltr'><strong>pernes</strong></span> <span class='ocrx_word' id='word_1_252' title='bbox 1038 4179 1079 4231; x_wconf 81' lang='lat' dir='ltr'><strong>vel</strong></span> <span class='ocrx_word' id='word_1_253' title='bbox 1097 4188 1211 4247; x_wconf 82' lang='lat' dir='ltr'><strong>quatuor</strong></span> <span class='ocrx_word' id='word_1_254' title='bbox 1228 4179 1321 4233; x_wconf 79' lang='lat' dir='ltr'><strong>horas:</strong></span> <span class='ocrx_word' id='word_1_255' title='bbox 1345 4179 1418 4233; x_wconf 87' lang='lat' dir='ltr'><strong>idem</strong></span> <span class='ocrx_word' id='word_1_256' title='bbox 1430 4176 1554 4232; x_wconf 80' lang='lat' dir='ltr'><strong>iaciendo</strong></span> <span class='ocrx_word' id='word_1_257' title='bbox 1575 4193 1618 4247; x_wconf 87' lang='lat' dir='ltr'><strong>per</strong></span> 
     </span>
     <span class='ocr_line' id='line_1_36' title="bbox 660 4261 1214 4334; baseline 0.009 -20"><span class='ocrx_word' id='word_1_258' title='bbox 660 4261 725 4316; x_wconf 87' lang='lat' dir='ltr'><strong>duas</strong></span> <span class='ocrx_word' id='word_1_259' title='bbox 737 4261 803 4316; x_wconf 85' lang='lat' dir='ltr'><strong>alias</strong></span> <span class='ocrx_word' id='word_1_260' title='bbox 816 4261 885 4316; x_wconf 86' lang='lat' dir='ltr'><strong>vices</strong></span> <span class='ocrx_word' id='word_1_261' title='bbox 895 4279 1053 4333; x_wconf 81' lang='lat' dir='ltr'><strong>paroxysmo</strong></span> <span class='ocrx_word' id='word_1_262' title='bbox 1065 4266 1214 4334; x_wconf 79' lang='lat' dir='ltr'><strong>ingruente.</strong></span> 
     </span>
    </p>
   </div>
   <div class='ocr_carea' id='block_1_11' title="bbox 386 4455 1618 4583">
    <p class='ocr_par' dir='ltr' id='par_1_16' title="bbox 386 4455 1618 4583">
     <span class='ocr_line' id='line_1_37' title="bbox 386 4455 1618 4583; baseline -0.009 -35"><span class='ocrx_word' id='word_1_263' title='bbox 386 4455 482 4583; x_wconf 44' lang='lat' dir='ltr'><strong>idib</strong></span> <span class='ocrx_word' id='word_1_264' title='bbox 570 4466 652 4549; x_wconf 66' lang='lat' dir='ltr'><strong>[lh]</strong></span> <span class='ocrx_word' id='word_1_265' title='bbox 682 4467 839 4554; x_wconf 87' lang='lat' dir='ltr'><strong>Sequenti</strong></span> <span class='ocrx_word' id='word_1_266' title='bbox 860 4491 946 4533; x_wconf 89' lang='lat' dir='ltr'><strong>anno</strong></span> <span class='ocrx_word' id='word_1_267' title='bbox 967 4471 1096 4554; x_wconf 87' lang='lat' dir='ltr'><strong>(nempe</strong></span> <span class='ocrx_word' id='word_1_268' title='bbox 1118 4474 1226 4557; x_wconf 82' lang='lat'><strong>1679‚)</strong></span> <span class='ocrx_word' id='word_1_269' title='bbox 1248 4474 1309 4538; x_wconf 91' lang='lat' dir='ltr'><strong>sub</strong></span> <span class='ocrx_word' id='word_1_270' title='bbox 1332 4474 1427 4538; x_wconf 91' lang='lat' dir='ltr'><strong>initio</strong></span> <span class='ocrx_word' id='word_1_271' title='bbox 1446 4475 1527 4537; x_wconf 90' lang='lat' dir='ltr'><strong>Julii</strong></span> <span class='ocrx_word' id='word_1_272' title='bbox 1553 4496 1618 4538; x_wconf 85' lang='lat' dir='ltr'><strong>ene·</strong></span> 
     </span>
    </p>
   </div>
   <div class='ocr_carea' id='block_1_12' title="bbox 363 4567 1619 4669">
    <p class='ocr_par' dir='ltr' id='par_1_17' title="bbox 363 4567 1619 4669">
     <span class='ocr_line' id='line_1_38' title="bbox 363 4567 1619 4669; baseline -0.006 -35"><span class='ocrx_word' id='word_1_273' title='bbox 363 4603 501 4669; x_wconf 60' lang='lat' dir='ltr'><strong><em>m</em></strong></span> <span class='ocrx_word' id='word_1_274' title='bbox 522 4567 596 4630; x_wconf 89' lang='lat' dir='ltr'><strong>dem</strong></span> <span class='ocrx_word' id='word_1_275' title='bbox 610 4568 715 4633; x_wconf 86' lang='lat' dir='ltr'><strong>febres</strong></span> <span class='ocrx_word' id='word_1_276' title='bbox 731 4571 770 4633; x_wconf 89' lang='lat' dir='ltr'><strong>de</strong></span> <span class='ocrx_word' id='word_1_277' title='bbox 779 4591 862 4636; x_wconf 86' lang='lat' dir='ltr'><strong>novo</strong></span> <span class='ocrx_word' id='word_1_278' title='bbox 871 4572 952 4636; x_wconf 88' lang='lat' dir='ltr'><strong>vires</strong></span> <span class='ocrx_word' id='word_1_279' title='bbox 962 4571 1239 4658; x_wconf 78' lang='lat' dir='ltr'><strong>redintegrabunt‚</strong></span> <span class='ocrx_word' id='word_1_280' title='bbox 1252 4585 1286 4642; x_wconf 89' lang='lat' dir='ltr'><strong>et</strong></span> <span class='ocrx_word' id='word_1_281' title='bbox 1300 4579 1448 4664; x_wconf 79' lang='lat' dir='ltr'><strong>quotidie</strong></span> <span class='ocrx_word' id='word_1_282' title='bbox 1463 4579 1619 4642; x_wconf 64' lang='lat' dir='ltr'><strong>membre.</strong></span> 
     </span>
    </p>
   </div>
   <div class='ocr_carea' id='block_1_13' title="bbox 365 4673 1619 4796">
    <p class='ocr_par' dir='ltr' id='par_1_18' title="bbox 365 4673 1619 4796">
     <span class='ocr_line' id='line_1_39' title="bbox 365 4673 1619 4796; baseline 0.009 -66"><span class='ocrx_word' id='word_1_283' title='bbox 365 4683 481 4796; x_wconf 48' lang='lat' dir='ltr'><strong>ffiqim</strong></span> <span class='ocrx_word' id='word_1_284' title='bbox 521 4677 656 4748; x_wconf 84' lang='lat' dir='ltr'><strong>scentes,</strong></span> <span class='ocrx_word' id='word_1_285' title='bbox 673 4692 782 4736; x_wconf 85' lang='lat' dir='ltr'><strong>mense</strong></span> <span class='ocrx_word' id='word_1_286' title='bbox 805 4673 952 4755; x_wconf 82' lang='lat' dir='ltr'><strong>Augusto</strong></span> <span class='ocrx_word' id='word_1_287' title='bbox 971 4699 1069 4762; x_wconf 88' lang='lat' dir='ltr'><strong>quam</strong></span> <span class='ocrx_word' id='word_1_288' title='bbox 1084 4677 1315 4744; x_wconf 90' lang='lat' dir='ltr'><strong>immanissime</strong></span> <span class='ocrx_word' id='word_1_289' title='bbox 1331 4681 1619 4756; x_wconf 83' lang='lat' dir='ltr'><strong>debacclmbsntnr,</strong></span> 
     </span>
    </p>
   </div>
   <div class='ocr_carea' id='block_1_14' title="bbox 366 4802 1275 4866">
    <p class='ocr_par' dir='ltr' id='par_1_19' title="bbox 366 4802 1275 4866">
     <span class='ocr_line' id='line_1_40' title="bbox 366 4802 1275 4866; baseline 0.006 -15"><span class='ocrx_word' id='word_1_290' title='bbox 366 4813 463 4860; x_wconf 62' lang='lat' dir='ltr'><strong>medem</strong></span> <span class='ocrx_word' id='word_1_291' title='bbox 472 4812 506 4860; x_wconf 70' lang='lat' dir='ltr'><strong>se.</strong></span> <span class='ocrx_word' id='word_1_292' title='bbox 871 4807 879 4830; x_wconf 83' lang='lat'><em>¹</em></span> <span class='ocrx_word' id='word_1_293' title='bbox 898 4802 994 4852; x_wconf 86' lang='lat' dir='ltr'><strong>Desunt</strong></span> <span class='ocrx_word' id='word_1_294' title='bbox 1006 4806 1032 4866; x_wconf 59' lang='grc' dir='ltr'><strong>ἥ</strong></span> <span class='ocrx_word' id='word_1_295' title='bbox 1046 4807 1084 4862; x_wconf 79' lang='grc'><strong>39,</strong></span> <span class='ocrx_word' id='word_1_296' title='bbox 1097 4809 1128 4852; x_wconf 76' lang='grc'><strong>40</strong></span> <span class='ocrx_word' id='word_1_297' title='bbox 1140 4808 1166 4854; x_wconf 90' lang='lat' dir='ltr'><strong>in</strong></span> <span class='ocrx_word' id='word_1_298' title='bbox 1177 4809 1214 4856; x_wconf 81' lang='lat' dir='ltr'><strong>cd.</strong></span> <span class='ocrx_word' id='word_1_299' title='bbox 1227 4811 1275 4858; x_wconf 81' lang='lat'><strong>¹80.</strong></span> 
     </span>
    </p>
   </div>
   <div class='ocr_carea' id='block_1_15' title="bbox 0 0 1921 5759">
    <p class='ocr_par' dir='ltr' id='par_1_20' title="bbox 0 0 1921 5759">
     <span class='ocr_line' id='line_1_41' title="bbox 0 0 1921 5759; baseline 0 0"><span class='ocrx_word' id='word_1_300' title='bbox 0 0 1921 5759; x_wconf 95' lang='lat' dir='ltr'><strong> </strong></span> 
     </span>
    </p>
   </div>
  </div>
 </body>
</html>
