3825 5759
503 630 569 693 468
813 621 1009 689 ΤΗΟΜΑΕ
1033 623 1294 691 SYDENHAM

368 801 410 849 Da
424 800 480 848 Hr-
504 786 791 864 tumultuarentur,
817 790 930 849 venter
959 785 1098 852 maxime
1123 806 1233 851 versus
1258 790 1421 873 superiora
1449 788 1610 854 intumes-

352 878 493 946 Μ
506 890 608 967 cebat,
620 895 776 969 tanquam
791 906 873 949 novo
889 907 1045 969 aquarum
1060 895 1218 971 proventu
1229 870 1336 955 denuo
1350 892 1491 975 repletus
1505 892 1609 971 foret3

507 991 593 1075 quod
612 998 723 1054 tamen
743 988 813 1052 fieri
832 1009 899 1052 non
916 1009 1009 1071 posse
1028 989 1178 1069 sciebam,
1194 1012 1269 1055 cum
1286 992 1333 1056 ita
1349 1014 1445 1075 parce
1464 992 1610 1072 bibisset,

504 1117 544 1159 ac
558 1092 692 1178 proinde
709 1098 871 1155 tumorem
885 1090 978 1154 illum
993 1113 1013 1154 a
1026 1092 1167 1171 datibus,
1183 1114 1262 1176 quos
1276 1095 1401 1178 peperit
1415 1093 1531 1176 ἀταξία
1546 1095 1613 1158 ista

508 1220 527 1262 a
541 1195 724 1261 catharticis
738 1198 917 1278 provocata,
933 1199 1065 1257 tantum
1082 1195 1169 1259 oriri.
1214 1195 1311 1262 Quod
1327 1219 1436 1262 meum
1449 1197 1612 1282 judicium

509 1306 641 1365 eventus
664 1297 899 1383 comprobavit:
929 1297 1006 1361 licet
1028 1297 1116 1361 enim
1137 1298 1188 1361 vel
1207 1300 1359 1382 congium
1379 1320 1480 1383 aquae
1500 1320 1538 1363 eo
1557 1298 1613 1362 die

509 1424 573 1488 quo
597 1400 797 1487 purgabatur
821 1400 976 1485 ejecisset,
1000 1420 1077 1465 mox
1105 1406 1217 1465 tamen
1246 1401 1350 1487 coepit
1374 1402 1590 1467 intumescere
1600 1428 1612 1480 3

509 1528 569 1572 nec
586 1504 773 1571 remittebat
787 1512 896 1568 tumor
910 1503 975 1582 ille,
991 1503 1033 1566 ad
1047 1510 1162 1585 guttur
1179 1524 1282 1587 nsque
1301 1524 1472 1588 assurgens
1489 1511 1522 1568 et
1537 1504 1612 1588 dys.

509 1632 614 1695 pnoea
639 1608 793 1691 affligens,
815 1606 916 1671 donec
943 1628 1067 1689 corpus,
1090 1607 1338 1690 spargentium
1359 1606 1508 1671 molestia
1530 1605 1613 1669 libe·

510 1720 627 1791 ratum,
650 1716 773 1775 statum
798 1708 980 1773 naturalem
1002 1728 1040 1772 ac
1065 1709 1207 1791 quietem
1228 1710 1402 1794 reciperet3
1428 1732 1492 1794 quo
1514 1710 1613 1786 facto,

511 1822 544 1879 et
569 1823 679 1880 tumor
708 1820 740 1876 et
766 1816 892 1876 caetera
920 1816 1138 1893 symptomata
1166 1810 1339 1893 derepente
1369 1810 1613 1888 evanescebant,

512 1922 614 1985 donec
635 1940 653 1981 a
677 1915 869 1981 succedente
887 1914 1027 1979 eatharsi
1045 1913 1085 1977 de
1102 1934 1185 1979 novo
1202 1915 1417 1980 irritarentur.
1462 1914 1614 1996 Denique

512 2029 545 2086 et
567 2022 629 2085 hoc
655 2017 976 2082 animadvertendum
999 2023 1078 2095 erat,
1097 2016 1192 2101 quod,
1208 2038 1282 2081 cum
1307 2016 1451 2104 praefata
1472 2016 1616 2081 foemina

512 2144 635 2189 annum
654 2142 753 2205 agens
771 2120 1075 2203 quinquagesimum
1093 2122 1253 2204 quintam,
1269 2121 1392 2185 fluxum
1409 2128 1615 2184 menstruum

509 2230 578 2312 jam
591 2226 631 2289 ab
647 2224 741 2288 annis
756 2224 878 2307 aliquot
889 2244 957 2287 non
971 2224 1077 2287 fuerat
1087 2244 1189 2307 passa,
1202 2232 1348 2289 attamen
1357 2242 1484 2288 menses
1495 2244 1616 2306 magno

512 2328 603 2413 quasi
617 2326 751 2391 flumine
771 2326 984 2409 erumpebant
999 2326 1106 2391 denuo
1113 2353 1124 2406 3
1147 2328 1204 2411 qui
1221 2327 1388 2409 sanguinis
1402 2327 1507 2391 fluxus
1524 2324 1616 2389 debi-

511 2430 597 2495 litati
617 2436 650 2495 et
669 2428 930 2493 evacuationibus
951 2428 1144 2511 praegressis
1166 2428 1294 2493 additam
1309 2429 1425 2511 ingens
1440 2427 1617 2491 affectuum

513 2534 748 2619 hystericorum
775 2552 892 2615 agmen
923 2530 1112 2609 adducebat,
1139 2530 1282 2595 dolorem
1307 2530 1429 2594 scilicet
1454 2530 1491 2593 in
1519 2528 1616 2592 dorso

497 2646 546 2727 ⁸et
564 2639 648 2703 circa
666 2636 833 2720 regionem
853 2635 973 2719 splenis
990 2633 1224 2713 vehementem,
1240 2632 1480 2718 cephalalgism,
1496 2640 1530 2697 et
1546 2640 1618 2696 tus-

363 2754 501 2819 ·awrtpab
514 2741 574 2805 sim
604 2740 751 2804 ferinam.
796 2736 939 2817 Adhaeo,
962 2737 1102 2815 tametsi,
1125 2744 1198 2821 post
1226 2744 1295 2801 tam
1320 2736 1482 2819 insignem
1514 2754 1617 2818 aquae

361 2822 500 2871 ‘mum
515 2845 731 2928 quantitatem
759 2862 818 2927 per
841 2862 886 2920 os,
910 2840 1028 2919 sedem,
1052 2848 1085 2905 et
1109 2840 1230 2919 urinas,
1253 2839 1462 2917 eliminatam
1484 2837 1617 2903 omuino

359 2888 488 3001 {dms
515 2947 668 3012 credibile
684 2952 767 3010 esset
778 2966 845 3009 non
860 2945 1001 3008 multum
1011 2945 1048 3007 in
1062 2964 1193 3027 corpore
1206 2951 1338 3022 restare,
1350 2950 1495 3007 attamen
1503 2948 1618 3005 venter

359 3030 486 3129 «poppaea
515 3050 603 3114 haud
617 3050 725 3113 minus
740 3048 971 3132 protuberabat
986 3068 1084 3131 quam
1098 3044 1191 3108 nulla
1204 3044 1310 3125 adhuc
1324 3047 1532 3111 evacuatione
1545 3050 1617 3108 ten-

515 3160 585 3215 tata
600 3151 732 3215 solebat.
772 3149 992 3215 Quamobrem
1006 3149 1048 3213 ad
1062 3149 1121 3213 hos
1141 3154 1249 3212 motus
1263 3148 1421 3214 sedandos
1439 3148 1507 3232 (qui
1520 3146 1620 3212 etiam

517 3255 559 3319 ad
573 3255 786 3338 septimanam
801 3260 992 3336 apostrema
1005 3252 1197 3335 purgatione
1211 3252 1380 3335 negotium
1393 3249 1616 3334 facessebant)

517 3362 648 3419 coactus
671 3376 742 3417 sum
764 3353 804 3416 ad
827 3361 966 3435 quatuor
979 3360 1092 3418 noctes
1111 3354 1282 3419 continuas
1299 3354 1435 3419 diacodii
1452 3353 1620 3437 sesquiun-

518 3459 600 3521 ciam
615 3457 787 3541 propinare
795 3482 805 3533 3
828 3478 909 3538 quae
925 3456 1023 3519 etiam
1034 3457 1120 3520 dosis
1135 3469 1204 3522 erat
1215 3458 1399 3543 repetenda,
1410 3458 1474 3523 nisi
1489 3479 1622 3522 somnus

519 3560 606 3622 intra
634 3558 729 3621 horas
760 3564 824 3621 tres
853 3558 1087 3641 insequeretur.
1134 3560 1208 3625 Quo
1239 3562 1373 3626 taudem
1401 3568 1517 3645 pacata
1544 3568 1622 3625 sunt

519 3660 637 3739 omnia,
654 3668 687 3724 et
701 3666 810 3723 tumor
825 3658 991 3743 disparuit.

428 3784 459 3815 uo
569 3762 652 3845 [29]
682 3762 755 3824 Hoc
770 3760 900 3825 interim
916 3762 1078 3827 observari
1091 3764 1196 3845 velim,
1212 3766 1307 3850 quod,
1324 3768 1351 3830 si
1365 3767 1501 3831 levicuio
1515 3766 1623 3848 aliquo

367 3850 422 3945 {223
436 3848 492 3943 cpn.
520 3866 641 3929 ventris
664 3873 791 3929 tumore
818 3872 964 3929 tentetur
985 3888 1090 3950 aeger,
1112 3890 1180 3933 non
1202 3870 1250 3934 ita
1269 3878 1417 3954 prompte
1439 3870 1626 3934 educuntur

378 3978 392 4009 ⁰
427 3978 475 4071 “aa
523 3990 624 4053 aquae
647 3990 704 4052 per
726 3968 922 4033 infusionem
944 3971 1028 4035 croci
1051 3972 1265 4051 metallorum,
1286 3995 1323 4037 ac
1342 3974 1377 4036 in
1397 3974 1508 4038 Ascite
1526 3992 1620 4054 grau-

523 4070 610 4136 diore
632 4071 690 4135 ubi
712 4072 828 4155 ingens
849 4094 1005 4156 aquarum
1026 4073 1117 4156 copia
1136 4082 1269 4157 aggesta
1292 4075 1408 4139 fuerit:
1432 4074 1553 4140 etenim
1571 4071 1623 4135 vel

381 4171 420 4202 ¹¹⁶
523 4176 592 4259 ipsa
617 4194 773 4258 aquarum
799 4176 908 4253 moles,
935 4174 1014 4239 dum
1044 4176 1173 4240 emetici
1201 4178 1386 4260 operatione
1416 4178 1559 4260 agitatur
1587 4194 1624 4237 ae

524 4279 717 4357 concutitur,
739 4278 780 4341 ad
798 4278 973 4342 earundem
996 4280 1237 4342 evacuationem
1256 4281 1337 4343 mire
1360 4280 1484 4344 confert
1495 4305 1505 4358 3
1528 4286 1625 4361 atque

525 4402 596 4444 cam
611 4380 652 4443 ob
673 4402 813 4458 causam,
829 4380 892 4443 nisi
906 4388 1019 4444 venter
1033 4380 1069 4444 in
1087 4388 1250 4447 tumorem
1268 4382 1431 4467 insignem
1449 4382 1626 4458 stollam,

526 4483 658 4546 omnino
676 4484 826 4547 convenit
841 4490 878 4547 ut
893 4491 964 4549 tota
982 4507 1033 4549 res
1052 4488 1281 4552 evacuantibus
1298 4510 1355 4572 per
1372 4489 1525 4553 inferiora
1541 4506 1627 4551 com-

527 4585 686 4648 mittatur.

378 4700 511 4774 infactum
576 4686 658 4769 [30]
687 4688 745 4750 Est
757 4696 789 4751 ct
806 4690 892 4753 aliud
908 4690 1179 4756 medicamentum
1196 4695 1273 4757 satia
1284 4694 1416 4778 vidgare
1431 4715 1468 4757 ac
1483 4692 1629 4775 simplex,

372 4772 514 4876 b‘ellberrd'ce
528 4788 611 4871 quod
631 4789 817 4872 llydropcm
834 4794 902 4874 pari
922 4794 1047 4858 ratione
1063 4818 1126 4878 qua
1143 4796 1224 4860 illud
1247 4798 1287 4861 dc
1307 4820 1371 4881 quo
1389 4796 1485 4862 modo
1503 4794 1629 4879 egimus
