3825 5759
352 834 488 881 Moesiam

352 898 425 944 Asai
442 898 491 948 ’70.

505 661 568 722 ras
814 658 1009 740 uuonan
1034 657 1293 722 svnaNHAM

503 819 537 876 et
558 810 808 888 medicamentis,
832 831 913 894 quae
939 810 1016 874 satis
1037 811 1140 874 multa
1160 816 1376 894 usurpaverat,
1401 810 1606 875 calidioribus

504 915 566 978 ista
602 913 710 978 omnia
738 913 921 992 tribuerem,
952 913 1142 996 sanguinem
1166 935 1186 978 e
1213 914 1343 978 brachio
1372 913 1607 977 extrahendum

503 1017 622 1095 cunavi,
652 1024 685 1080 et
713 1016 873 1100 ptisanam
901 1017 1094 1100 pectoralem
1120 1024 1216 1099 atque
1239 1017 1484 1100 refrigerantem
1513 1037 1607 1099 saepe

505 1118 729 1184 assumendam
758 1118 954 1202 praescripsi,
985 1140 1121 1202 quorum
1150 1139 1221 1202 ope,
1250 1125 1284 1183 et
1312 1118 1478 1201 regiminis
1511 1117 1607 1181 simul

507 1221 750 1304 temperatioris,
783 1229 815 1284 et
848 1221 993 1284 maculae
1027 1229 1122 1303 atque
1153 1220 1217 1284 alis
1249 1220 1358 1284 omnia
1390 1225 1609 1304 symptomata

505 1323 705 1406 pedetentim
719 1323 961 1388 evanescebant.

555 1426 637 1510 [10.]
659 1426 759 1490 Hicce
770 1426 910 1504 morbus,
922 1447 1033 1490 mense
1045 1426 1200 1490 Januario
1211 1427 1259 1508 (ut
1280 1425 1376 1510 [61]
1397 1423 1522 1488 dictum
1532 1424 1604 1503 est,)

505 1537 611 1608 natrrs,
623 1529 664 1592 ad
678 1528 914 1612 aequinoctium
929 1549 1030 1612 usque
1043 1549 1178 1592 vernum
1192 1528 1353 1593 crescebat
1367 1527 1488 1604 indies3
1511 1547 1531 1589 a
1543 1547 1607 1609 quo

505 1638 658 1713 tempore,
668 1631 839 1694 imminuta
848 1631 1004 1714 paulatim
1016 1631 1056 1709 vi,
1066 1631 1211 1713 sequenti
1222 1632 1243 1693 J
1245 1631 1308 1694 ulio
1318 1631 1413 1714 plane
1424 1629 1518 1692 desiit
1520 1654 1531 1706 3
1545 1648 1607 1690 nec

503 1740 554 1812 est
569 1755 711 1798 reversus
725 1755 783 1818 per
793 1755 905 1798 omnes
920 1756 1023 1798 annos
1033 1735 1148 1817 quibus
1162 1735 1242 1797 baec
1253 1732 1448 1797 constitutio
1462 1730 1606 1795 domina-

506 1836 611 1914 batur,
633 1837 695 1900 nisi
718 1838 803 1920 quod
827 1837 1011 1920 insequenti
1031 1859 1104 1901 vere
1122 1836 1305 1901 nonnullibi
1321 1835 1407 1918 (licet
1430 1833 1554 1915 narina)
1571 1854 1607 1896 se

507 1938 698 2002 ostenderet.
744 1941 794 2004 De
809 1940 970 2004 Morbillis
984 1940 1064 2003 baec
1078 1939 1164 2002 dicta
1178 1945 1284 2002 sunto.

964 2218 1059 2281 CAP.
1083 2218 1161 2281 VI.e

635 2401 779 2464 Variolce
795 2401 967 2465 Anamalae
981 2401 1148 2466 annorum'
1161 2389 1257 2481 1670,
1274 2404 1368 2482 1671,
1387 2405 1482 2469 1672.

550 2563 730 2626 Moamnnr
746 2562 899 2646 praedicti
916 2563 1014 2646 (quod
1024 2564 1092 2648 jam
1107 2586 1204 2648 supra
1224 2565 1265 2648 [c.
1279 2567 1308 2627 1.
1323 2564 1400 2649 qt]
1416 2563 1606 2645 innuimus)

507 2665 709 2730 Variolarum
719 2666 856 2750 speciem
864 2666 905 2731 ab
914 2667 970 2730 illa
980 2689 1076 2750 quam
1085 2675 1314 2750 propagaverat
1322 2667 1509 2731 constitutio
1516 2687 1607 2750 prae-

506 2769 622 2833 cedens
636 2769 792 2836 diversam
809 2768 1068 2847 introducebant,
1084 2769 1197 2834 eodem
1209 2769 1277 2833 fere
1291 2789 1366 2833 cum
1380 2770 1443 2832 illis
1461 2777 1608 2852 tempore

503 2871 750 2956 ingredientem,
774 2872 878 2956 (initio
899 2872 1019 2936 scilicet
1040 2872 1197 2950 ianuarii,
1221 2872 1395 2953 1669-705)
1420 2871 1607 2954 quaelicet

504 2995 572 3038 non
586 2975 780 3058 usqueadeo
798 2975 975 3058 epidemica
993 2982 1088 3057 atque
1107 2975 1168 3057 ipsi
1185 2974 1333 3052 morbilli,
1347 2973 1476 3037 eosdem
1494 2981 1608 3037 tamen

503 3077 718 3147 comitabatur
728 3097 892 3160 peremne
906 3076 989 3140 illud
1001 3083 1129 3160 tempus
1143 3097 1205 3159 quo
1220 3075 1486 3150 dominabantur3
1509 3081 1607 3158 atque

503 3177 542 3241 iis
557 3179 657 3244 etiam
665 3179 896 3258 fatiscentibus,
908 3201 967 3262 per
980 3178 1123 3242 residuos
1136 3179 1233 3262 hujus
1244 3177 1490 3242 constitutionis
1504 3198 1608 3241 annos

504 3280 736 3362 perseverabat.
763 3281 963 3364 Dysenteriis
974 3281 1181 3345 nihilominus
1195 3281 1314 3365 primas
1328 3279 1534 3357 concedebat,
1545 3279 1607 3343 sub

505 3381 651 3465 auspiciis
671 3382 819 3446 autumni
837 3382 950 3446 iisdem
964 3382 1101 3446 faventis
1115 3390 1212 3466 atque
1226 3382 1417 3459 amicissimi,
1433 3384 1606 3465 grassami-

505 3482 584 3560 bus;
607 3483 722 3566 hyeme
736 3503 820 3560 vero,
833 3484 1023 3566 dysenteriis
1036 3485 1142 3549 aliena
1155 3493 1348 3568 tempestate
1361 3485 1487 3568 pressis,
1498 3483 1606 3548 denuo

505 3584 748 3649 recrudescebat
766 3585 845 3648 haec
860 3586 900 3650 de
915 3608 979 3669 qua
995 3587 1121 3670 agimus
1136 3588 1266 3670 species.
1309 3588 1419 3670 Atque
1439 3587 1525 3649 hunc
1540 3607 1606 3649 ser·

504 3687 624 3751 rabant
643 3686 787 3752 ordinem
801 3710 858 3772 per
878 3689 1020 3772 singulos
1034 3691 1129 3774 hujus
1147 3689 1394 3754 constitutionis
1416 3711 1529 3768 annos,
1543 3688 1607 3753 nisi

506 3789 593 3873 quod
606 3797 767 3878 postremo
782 3811 844 3874 quo
866 3791 921 3854 illa
934 3792 1062 3874 vigebat
1077 3800 1245 3870 autumno,
1261 3813 1347 3856 anno
1366 3791 1485 3856 scilicet
1509 3793 1606 3869 1672,

507 3890 742 3972 (languescente
750 3891 818 3974 jam
829 3891 892 3956 ista
900 3891 1149 3972 Constitutione,
1159 3901 1192 3957 et
1203 3892 1400 3977 dysenteriae
1406 3893 1475 3976 jam
1486 3893 1605 3956 exoles-

504 3999 614 4056 centes
629 3992 758 4075 segnius
771 3996 1001 4078 promovente)
1014 3996 1163 4060 Variolae
1176 4003 1303 4079 praeter
1313 3996 1441 4058 solitum
1455 3995 1517 4058 hoc
1528 4015 1606 4077 quo-

505 4116 565 4178 que
579 4103 723 4178 tempore
738 4096 976 4179 grassabantur,
992 4105 1089 4180 atque
1102 4099 1150 4162 ita
1162 4119 1254 4182 pares
1269 4097 1458 4179 dysenteriis
1473 4117 1606 4159 concru-

504 4197 632 4276 rebant,
648 4206 684 4261 ut
698 4199 785 4263 haud
798 4199 890 4263 facile
907 4208 991 4264 esset
1005 4201 1102 4276 dictu
1118 4201 1188 4284 quis
1202 4201 1334 4265 morbus
1350 4201 1457 4284 plures
1472 4220 1606 4282 occupa·

503 4307 570 4378 ret;
593 4301 668 4364 licet
685 4301 853 4384 (quantum
868 4324 928 4385 ego
947 4304 1157 4386 conjectando
1171 4304 1279 4385 valui)
1295 4303 1475 4386 praevalere
1489 4301 1606 4385 dysen-

502 4402 584 4466 teria
597 4403 701 4469 adhuc
716 4405 885 4470 videretur.
931 4405 1019 4470 Quin
1034 4415 1067 4469 et
1081 4407 1142 4470 bae
1156 4407 1254 4470 etiam
1268 4406 1427 4482 Variolae,
1442 4405 1484 4468 ad
1499 4425 1605 4468 exem-

502 4505 592 4585 plum
618 4505 865 4588 epidemicorum
889 4508 1025 4572 aliorum
1050 4509 1273 4591 quommlibet,
1296 4508 1401 4590 primo
1423 4505 1533 4569 statim
1556 4505 1606 4568 in-

503 4605 589 4668 sultu
619 4609 788 4673 atrociores
814 4619 916 4688 erant,
940 4618 1038 4694 atque
1066 4611 1168 4676 indies
1192 4609 1472 4675 increbrescebaut
1500 4608 1605 4673 donec

502 4706 542 4768 ad
561 4714 680 4771 statum
697 4713 924 4793 pervenissent,
940 4735 1038 4796 quem
1055 4715 1152 4778 semel
1167 4721 1393 4796 mansgressae,
1408 4720 1480 4775 tum
1498 4711 1605 4794 quoad

534 4843 543 4864 ‘
561 4835 635 4884 Dcest
646 4835 691 4884 hoc
703 4853 753 4902 cap.
767 4839 791 4886 iu
804 4841 857 4888 edd.
870 4841 918 4897 ’66,
931 4841 978 4888 aa.
1056 4838 1065 4870 l
1082 4859 1159 4891 canoa
1172 4841 1225 4904 lfa]
1238 4841 1306 4903 bajus
1319 4839 1541 4890 caussationem
1555 4837 1605 4889 ⁹76.
