3825 5759
421 674 817 740 OBSERVATIONUM
841 675 1126 739 MEDICARUM
1150 682 1173 735 1.
1192 689 1217 737 a.
1324 677 1367 740 57

263 834 366 911 enim,
388 834 491 900 Febre
515 836 654 919 vigente,
676 858 757 920 quae
780 834 966 922 ναρκώσεως
985 838 1015 899 vi
1038 835 1184 920 praedita
1205 842 1282 899 sunt
1302 858 1369 899 non
1405 842 1503 889 Fama

263 936 403 999 omnino
417 938 551 1020 prosint,
567 960 672 1023 neque
688 939 883 1003 destinatum
901 960 920 1002 a
939 938 1070 1002 Medico
1085 959 1214 1021 scopum
1231 939 1348 1001 feriant
1357 963 1367 1015 3
1387 907 1525 1017 goffia

263 1046 381 1102 tamen
408 1048 597 1123 opportune,
624 1048 657 1105 et
682 1042 717 1105 in
741 1041 954 1105 declinatione
976 1040 1080 1105 morbi
1102 1041 1256 1120 adhibita,
1278 1062 1368 1125 prae·
1400 1036 1507 1134 J⁶¹·'⁶4·

265 1141 373 1205 claros
403 1143 536 1207 effectus
565 1143 687 1207 edunt:
725 1150 822 1207 antea
848 1164 923 1208 vero
951 1143 1101 1227 prodesse
1130 1164 1197 1207 non
1225 1151 1370 1227 possunt,
1384 1126 1522 1246 fflnssffl

265 1244 389 1327 partim
414 1245 489 1327 quia
511 1245 789 1310 fermentationem
812 1246 844 1308 vi
866 1254 963 1329 atque
984 1246 1107 1329 impetu
1130 1254 1370 1329 procurrentem
1384 1255 1409 1322 αξ
1420 1248 1446 1294 in
1457 1217 1523 1322 ¹93¹·

267 1346 385 1410 sistere
399 1355 576 1431 nequeunt,
593 1348 689 1412 etiam
705 1348 741 1411 in
755 1348 895 1411 maxima
908 1348 978 1412 desi
998 1348 1150 1427 exhibita,
1165 1349 1282 1432 partim
1297 1370 1372 1412 vero
1384 1310 1492 1423 iffi

271 1448 373 1532 (quod
389 1450 515 1532 quidem
532 1450 660 1535 majoris
677 1449 781 1515 adhuc
796 1450 951 1514 momenti
967 1452 1039 1532 est,)
1057 1452 1209 1514 materiae
1224 1452 1371 1534 peccanti
1383 1440 1521 1553 ξᾶἒξξιξω·

268 1558 353 1615 tunc
389 1552 542 1635 temporis
579 1574 701 1617 massae
738 1553 933 1635 sanguineae
963 1552 1174 1635 aequabiliter
1205 1554 1370 1630 admistae,
1383 1569 1465 1619 sunna

269 1674 380 1737 neque
413 1676 522 1718 versus
556 1654 789 1738 separationem
824 1654 929 1718 adhuc
964 1655 1120 1738 vergenti,
1154 1654 1194 1719 ab
1228 1655 1372 1718 exhibito
1384 1649 1509 1762 {21¹er

270 1756 458 1839 hujusmodi
479 1756 712 1821 medicamento
734 1778 849 1821 manus
870 1756 1024 1841 injicitur,
1040 1756 1183 1837 adeoque
1205 1754 1372 1839 depuratio
1384 1777 1459 1826 utar.

270 1857 329 1921 illa
343 1866 511 1942 tantopere
532 1860 711 1943 expetenda
730 1858 914 1943 impeditur.
960 1858 1083 1922 Verum
1107 1858 1171 1922 sive
1190 1859 1270 1922 haec
1289 1858 1371 1921 ratio

271 1960 315 2023 sit
344 1960 478 2044 hujusce
508 1962 730 2046 phaenomeni,
761 1962 825 2026 sive
855 1962 918 2025 alia
947 1962 1054 2045 aliqua
1083 1960 1184 2043 magis
1214 1960 1371 2038 abstrusa,

188 2052 191 2059 ¹
267 2061 418 2145 judicent
432 2062 479 2125 illi
502 2064 618 2147 quibus
641 2065 766 2127 animus
789 2070 886 2148 atque
908 2064 1009 2128 otium
1033 2070 1082 2128 est
1105 2064 1184 2127 talia
1204 2063 1370 2148 speculari.

277 2164 362 2248 [44]
391 2164 527 2229 Interim
550 2187 590 2230 ex
612 2166 699 2230 fideli
725 2174 822 2250 atque
846 2166 964 2231 idoneo
989 2166 1246 2231 observationum
1272 2166 1371 2249 pluri-

273 2288 399 2331 marum
429 2269 595 2352 complexu
623 2290 690 2333 rem
720 2270 820 2352 ipsam
851 2268 1060 2332 certissimam
1090 2290 1158 2334 esse
1181 2268 1370 2352 pronuncio,

272 2370 460 2449 laudunum,
475 2373 525 2435 vel
543 2372 605 2436 alia
620 2374 747 2457 quaevis
767 2374 929 2437 narcotioa
949 2375 985 2437 in
1004 2373 1170 2457 principio,
1186 2379 1370 2455 augmento,

273 2474 324 2537 vel
339 2482 428 2537 statu
444 2475 541 2559 hujus
557 2474 680 2539 Febrisj
696 2476 737 2539 ad
756 2483 937 2560 symptoma
954 2475 1016 2539 hoc
1035 2475 1217 2555 levandum,
1233 2474 1283 2540 vel
1305 2498 1372 2540 non

274 2577 424 2660 prodesse
454 2578 595 2657 omnino,
621 2570 671 2642 vel
704 2578 801 2662 (quod
831 2599 924 2661 saepe
954 2578 1093 2662 accidit)
1120 2579 1217 2642 etiam
1243 2578 1372 2658 obesse,

274 2701 383 2743 verum
406 2680 442 2743 in
463 2681 606 2765 ejusdem
631 2681 733 2746 morbi
755 2680 971 2745 declinatione
994 2680 1106 2744 eadem
1130 2680 1280 2744 mediocri
1304 2682 1373 2745 desi

275 2782 420 2846 adhibita
434 2804 501 2846 non
517 2783 586 2846 sine
601 2804 749 2847 successu
769 2782 925 2865 usurpari.
973 2782 1079 2845 Semel
1099 2783 1246 2865 equidem
1261 2804 1373 2847 narco·
1387 2799 1452 2847 Ante
1461 2799 1525 2847 diem

274 2886 340 2950 tice
355 2885 407 2949 die
422 2885 525 2949 morbi
536 2885 724 2950 duodecimo
739 2907 817 2949 usus
828 2906 909 2962 sum,
922 2905 982 2947 nec
997 2885 1117 2947 frustra
1124 2910 1134 2961 ς
1157 2884 1252 2948 citius
1264 2891 1372 2948 autem
1386 2866 1471 2923 ¹²'''’

1384 2944 1399 2973 V

274 3010 441 3072 nunquam
457 3008 605 3072 prospere
620 2990 797 3053 exhibitum
811 2988 894 3051 novi.
919 2986 1043 3052 Quodsi
1058 2994 1166 3050 autem
1181 2986 1266 3049 illius
1277 3008 1370 3049 usum
1385 2929 1508 3053 lit-:pam

276 3091 316 3154 ad
342 3091 500 3155 dommum
529 3098 678 3175 quartum
702 3112 805 3175 usque
835 3089 919 3153 diem
950 3088 1122 3167 distuleris,
1147 3095 1240 3153 tanto
1270 3087 1372 3170 magis
1383 3064 1526 3170 ffiffi„

276 3193 453 3273 proficuum
476 3194 599 3271 evadet,
623 3194 823 3277 separatione
842 3212 958 3275 nempe
979 3190 1161 3275 perfectiori
1180 3197 1251 3254 tum
1278 3190 1373 3255 faeta.

276 3296 393 3379 Neque
417 3316 492 3359 vero
516 3295 596 3359 haec
624 3317 723 3375 mora,
746 3294 876 3359 tametsi
901 3294 984 3358 forte
1010 3300 1152 3357 astantes
1181 3314 1375 3377 magnopere

276 3396 512 3481 perterrefaciat
548 3396 743 3462 horrendum
777 3397 838 3462 hoc
872 3403 1061 3481 symptoma,
1092 3402 1226 3461 mortem
1265 3396 1374 3459 statim

277 3499 453 3577 subinfert3
491 3521 563 3564 cum
594 3522 687 3583 saepe
716 3499 956 3578 observaverim,
987 3499 1071 3562 hano
1100 3519 1168 3562 rem
1197 3498 1375 3582 plerunque

277 3602 423 3665 inducias
437 3602 520 3665 ferre
535 3622 627 3686 posse
642 3624 679 3665 ao
694 3602 805 3680 solere,
821 3603 923 3665 donec
946 3602 987 3665 ad
1006 3602 1169 3666 narcotioa
1183 3601 1376 3666 descendere

277 3705 374 3768 fuerit
389 3711 625 3788 opportunum
649 3705 761 3768 saltem
775 3704 802 3767 si
813 3710 964 3767 caveatur
977 3726 1020 3768 ne
1034 3704 1187 3768 cardiacis
1202 3704 1375 3787 calidisque

277 3807 519 3871 medicamentis
542 3806 694 3871 adhibitis
718 3806 924 3889 intemperies
948 3813 1063 3890 coepta
1082 3806 1277 3870 accendatur
1296 3804 1375 3869 ube·

277 3909 353 3988 rius,
369 3930 433 3993 quo
451 3930 527 3972 casu
550 3909 638 3991 aegri
659 3908 766 3971 subito
788 3914 934 3991 pereunt.
980 3908 1162 3986 Narcotiea,
1179 3908 1295 3991 quibus
1315 3926 1375 3989 ego

277 4010 326 4073 uti
346 4010 441 4089 soleo,
458 4018 535 4075 siant
549 4011 600 4074 vel
620 4010 795 4075 laudanum
811 4010 1018 4074 Londinense
1038 4009 1079 4073 ad
1099 4006 1374 4093 sesquigranumt,

278 4110 326 4175 vel
341 4134 479 4197 sequens
489 4138 542 4176 :-

280 4244 378 4312 [Form.
391 4244 430 4313 9.]
468 4244 500 4322 R,
528 4246 636 4300 Florum
650 4246 980 4317 Paralyseosmenipulum
992 4262 1092 4307 unum;

418 4333 511 4401 Coqua
522 4332 668 4386 suffioiente
680 4334 829 4402 quantitate
840 4334 935 4401 Aquae
948 4332 1106 4384 cerasorum
1119 4328 1264 4397 Nigrorum
1276 4346 1283 4388 ς

417 4418 549 4471 celaturae
561 4418 647 4471 unciis
658 4418 740 4471 tribus
751 4416 861 4471 dissolve

523 4502 618 4572 Syrupi
631 4502 664 4554 de
673 4502 798 4557 Maeonio
809 4506 983 4565 semunciam,

525 4589 604 4642 Succi
618 4584 774 4643 Limonum¹
788 4590 922 4643 cochleare
934 4584 1093 4647 dimidium

420 4658 513 4713 Misce.

311 4776 319 4815 ¹
334 4776 805 4841 lujssUFebrts]merbiedd'dd,'68,'76.
884 4774 890 4807 ¹
906 4780 973 4825 Sacri
982 4778 1041 4824 tta.
1053 4784 1114 4837 gott.
1129 4776 1172 4839 eiij
1183 4776 1220 4823 ref
1229 4788 1253 4821 x.
1265 4771 1317 4820 edd.
1330 4774 1378 4831 ⁹⁶6,

313 4839 324 4873 ¹
340 4842 464 4905 rotperga]
472 4842 535 4904 Μ’.
546 4840 598 4887 edd.
612 4839 660 4895 ⁹66,
672 4840 720 4896 ¹68,
732 4840 779 4891 ¹76.
851 4842 898 4899 ’68,
910 4844 957 4893 ’76.

823 4944 835 4985 1
