3825 5759
624 636 882 701 PROCESSUS
905 632 1109 701 INTEGRI.
1350 636 1415 701 613

363 797 424 882 [6.]
433 806 448 834 ·
466 795 628 861 Indicatio
641 794 785 859 muativa
798 795 834 858 in
848 816 887 859 eo
900 795 1048 874 vertitur,
1063 802 1102 859 nt
1116 795 1255 859 coctioni
1269 794 1415 860 consula·
1436 808 1479 859 De
1491 810 1560 860 Pon-

313 908 378 979 tnr,
392 898 662 983 indigestionibus
677 897 821 976 sublatis,
837 919 896 961 seu
914 898 952 961 fit
972 918 1029 981 per
1043 896 1224 982 pharmaca,
1241 919 1298 963 seu
1312 897 1415 961 victus
1428 888 1569 955 „Q-

312 1003 482 1081 rationem,
498 1024 556 1067 seu
570 1000 842 1077 exercitationem,
856 1022 915 1065 seu
929 1001 993 1065 alia
1007 1022 1046 1065 ex
1060 1001 1130 1065 istis
1146 1000 1316 1085 quaelibet,
1333 1022 1415 1084 quae
1429 965 1558 1015 erasmo.

313 1125 370 1168 aea
383 1125 434 1168 res
448 1103 695 1167 nou-naturales
708 1103 935 1185 indigitantur.

362 1206 423 1290 [7.]
450 1206 687 1284 Venae-sectio,
710 1205 876 1284 catharsis,
902 1225 940 1268 ac
964 1204 1169 1289 diaphoresis,
1191 1226 1324 1289 scopum
1346 1227 1415 1270 non
1427 1221 1570 1271 venereo

313 1309 495 1392 attingent3
517 1308 593 1372 lieet
613 1308 653 1371 iis
674 1309 730 1392 qui
750 1330 866 1371 renum
886 1307 983 1371 simul
1004 1308 1136 1386 calculo,
1152 1314 1186 1371 et
1207 1308 1322 1373 exinde
1344 1315 1415 1373 orto
1427 1288 1570 1411 {issjffi}

312 1411 415 1474 mictu
437 1410 625 1493 sanguineo,
647 1409 806 1487 laborant,
827 1430 895 1472 non
914 1408 972 1473 abs
994 1430 1030 1473 re
1053 1408 1116 1472 erit
1135 1410 1234 1473 semel
1257 1410 1293 1473 in
1316 1412 1414 1495 septi·
1427 1417 1543 1480 pharonis,

311 1533 410 1577 mana
438 1513 546 1576 alvum
570 1534 693 1576 manna
720 1511 909 1590 subducere,
935 1518 969 1575 et
998 1510 1134 1595 singulis
1163 1512 1313 1576 noctibus
1342 1482 1550 1598 [)οεῐῖἷ,ἰῗέἷὲ11

312 1614 539 1697 purgationem
553 1614 775 1698 paregoricum
790 1611 969 1678 exhiberel'.

361 1716 422 1800 [8.]
450 1716 691 1781 Medicamenta
706 1737 787 1800 quae
800 1716 983 1799 praedictae
998 1716 1187 1781 indicationi
1202 1715 1414 1797 satisfaciunt,
1428 1732 1538 1782 Medica-

312 1840 352 1882 ea
365 1825 443 1882 sunt
457 1840 539 1902 quae
557 1819 722 1883 moderate
741 1820 858 1897 calent,
874 1826 908 1883 et
926 1819 977 1883 vel
997 1819 1184 1898 amaricant,
1199 1819 1250 1883 vel
1268 1820 1415 1901 linguam
1427 1798 1556 1926 affin·

312 1920 431 1984 leniter
443 1919 583 1983 feriunt:
606 1919 685 1983 talia
698 1928 786 1998 aunt,
800 1920 924 1984 radices
939 1920 1112 2004 angelicae,
1128 1922 1253 2001 enulae,
1268 1922 1345 1986 folia
1360 1922 1415 1988 ab·

313 2022 435 2100 sinthii,
445 2022 604 2086 centaurii
612 2022 755 2101 minoris,
765 2022 1003 2107 chamaedryos,
1014 2022 1316 2109 chamaeptyos,ete.
1323 2050 1332 2103 ;
1345 2026 1415 2109 qui-

311 2123 374 2188 bus
385 2124 460 2188 addi
469 2130 606 2208 possunt
616 2125 872 2190 Amiscorbatico
883 2125 979 2205 dicta,
991 2132 1029 2189 ut
1039 2126 1162 2191 radices
1172 2127 1309 2211 raphani
1319 2128 1415 2193 nisti·

311 2226 395 2304 cani,
410 2216 488 2290 folia
504 2225 700 2291 cochleariae
713 2226 884 2305 hortensis,
899 2227 1053 2291 nasturtii
1067 2228 1217 2311 aquatici,
1233 2236 1310 2309 θεας
1333 2251 1415 2314 quae
1429 2246 1517 2323 §audo
1527 2246 1554 2295 in

311 2336 423 2393 tamen
436 2329 564 2413 parcius
578 2329 766 2412 usurpanda
786 2329 933 2407 veniunt,
948 2330 1025 2411 quia
1044 2330 1149 2395 morbi
1168 2331 1274 2395 fomiti
1289 2332 1415 2397 aculeos
1427 2326 1568 2425 {imm

312 2431 458 2527 subdunt
479 2438 514 2493 et
535 2431 676 2495 calorem
698 2439 829 2514 augent,
845 2452 922 2514 prae
941 2432 1013 2495 istis
1036 2432 1106 2495 aliis
1121 2454 1202 2519 quae
1220 2433 1294 2497 miti
1310 2436 1415 2499 calore

312 2540 410 2614 atque
433 2532 649 2596 amaritudine
671 2533 887 2596 venti-lordum
910 2533 1128 2597 corroborant.
1175 2536 1275 2599 Haud
1299 2536 1415 2601 inutile

313 2639 363 2697 est
378 2632 589 2696 electuarium
604 2653 740 2715 sequens
751 2659 804 2696 :-

314 2816 417 2880 [Form.
430 2816 524 2881 266.]ε
548 2812 580 2895 R,
600 2816 748 2871 Conservae
760 2816 931 2871 Cochleariae
945 2817 1087 2871 Hortensia
1097 2817 1300 2887 semiunciam,

597 2902 772 2971 [Conservae]
786 2902 919 2956 absinthii
932 2903 1057 2966 Romani,

597 2989 774 3054 [Conservae]
782 2988 934 3043 llavediuis
945 2990 1144 3054 durantiorum,
1151 3006 1203 3043 ana
1211 2992 1317 3045 unciam
1324 3009 1416 3057 unam,

596 3078 741 3147 Argolicae
754 3076 895 3141 conditae,

598 3164 685 3217 Nueia
696 3164 852 3218 Mcaehatae
864 3164 1005 3230 Conditae,
1017 3182 1070 3219 ana
1081 3166 1262 3231 semiunciam,

598 3249 743 3303 Theriaeae
754 3249 936 3305 Andromaehi
948 3251 1089 3307 drachmas
1100 3262 1161 3319 tres,

598 3336 718 3390 Pulveris
729 3339 777 3390 Ari
789 3338 935 3408 compositi
947 3337 1086 3393 drachmas
1097 3338 1172 3405 duas,

597 3440 657 3477 eum
670 3424 814 3477 sufficiente
825 3426 975 3493 quantitate
988 3424 1084 3497 Syrupi
1096 3426 1298 3491 timendorum,

457 3505 520 3560 Fiat
537 3506 716 3571 electuarium,
729 3507 762 3561 de
774 3525 826 3578 quo
838 3520 926 3563 sumat
938 3510 1079 3565 drachmas
1091 3511 1157 3565 duas
1168 3512 1209 3566 bis
1222 3514 1250 3566 in
1263 3513 1314 3579 die,
1325 3532 1414 3585 super·

456 3594 571 3647 bibendo
583 3596 716 3663 sequentia
726 3612 812 3665 aquae
824 3596 970 3652 destillatae
983 3598 1130 3654 cochlearia
1138 3602 1254 3671 quinque
1268 3605 1307 3657 vel
1317 3622 1364 3659 sex
1372 3626 1415 3659 :-

317 3773 419 3841 [Form.
431 3778 523 3843 262]d
542 3771 574 3851 R,
594 3774 703 3829 Radicis
716 3772 840 3845 Raphani
853 3774 992 3829 Rusticani
1004 3776 1105 3833 incisae
1116 3780 1208 3833 uncias
1219 3787 1279 3846 tres,

599 3860 762 3927 [Foliorum]
776 3860 945 3915 Cochleeriae
955 3860 1096 3917 Hortensia
1107 3866 1256 3935 manipulos
1268 3866 1416 3936 duodecim,

599 3947 764 4017 [Foliorum]
778 3946 909 4001 Nastnrtii
921 3948 1054 4016 aquatici,

601 4036 761 4101 [Foliorum]
775 4036 977 4107 Beeeabungae,

600 4122 761 4185 [Foliorum]
777 4121 888 4186 Salviae,

600 4207 762 4274 [Foliorum]
776 4207 914 4271 Mendae,
925 4223 978 4261 ana
990 4209 1138 4278 manipulos
1150 4220 1269 4280 quatuor,

600 4294 718 4347 cortices
730 4294 917 4346 durantiomm
929 4310 984 4358 sex,

599 4379 689 4433 Nuces
702 4377 856 4432 Moschatae
868 4387 992 4433 contusas
1005 4378 1079 4442 duas,

600 4464 750 4518 Cererisiae
762 4464 964 4518 Bruusvioensis
976 4466 1056 4519 libras
1067 4465 1206 4522 duodecim
1216 4490 1223 4533 ;

441 4534 628 4604 ‘Distillcntur
645 4550 753 4620 organis
775 4551 971 4616 communibus,
985 4550 1068 4605 donec
1086 4553 1252 4609 solummodo
1269 4556 1351 4613 librae
1369 4577 1416 4615 sex

458 4654 544 4708 aquae
555 4637 695 4691 eliciantur
705 4653 753 4707 pro
764 4651 823 4691 usu.

349 4752 363 4781 ⁸
381 4746 420 4794 cf.
436 4749 492 4797 ibid.
506 4750 518 4809 ς
530 4749 561 4796 28
574 4763 610 4810 sq.
921 4754 935 4782 ⁰
951 4748 990 4798 Cl'.
1004 4748 1074 4797 form.
1084 4752 1122 4799 94.

351 4808 366 4844 '³
384 4811 422 4859 Cf.
435 4814 516 4861 Seted.
526 4815 611 4862 Monte.
623 4813 672 4860 111.
682 4813 694 4873 5
706 4813 722 4860 4
732 4827 768 4875 sq.
920 4808 935 4845 ‘¹
952 4813 991 4860 Cf.
1004 4814 1098 4863 sormm.
1110 4818 1150 4873 42,
1162 4819 1201 4866 94.
