<?xml version="1.0" encoding="UTF-8"?>
<!DOCTYPE html PUBLIC "-//W3C//DTD XHTML 1.0 Transitional//EN"
    "http://www.w3.org/TR/xhtml1/DTD/xhtml1-transitional.dtd">
<html xmlns="http://www.w3.org/1999/xhtml" xml:lang="en" lang="en">
 <head>
  <title>
</title>
<meta http-equiv="Content-Type" content="text/html;charset=utf-8" />
  <meta name='ocr-system' content='tesseract 3.04.00' />
  <meta name='ocr-capabilities' content='ocr_page ocr_carea ocr_par ocr_line ocrx_word'/>
</head>
<body>
  <div class='ocr_page' id='page_1' title='image "./thomaesydenhamm00greegoog_0533.png"; bbox 0 0 3825 5759; ppageno 0'>
   <div class='ocr_carea' id='block_1_1' title="bbox 534 644 1401 712">
    <p class='ocr_par' dir='ltr' id='par_1_1' title="bbox 534 644 1401 712">
     <span class='ocr_line' id='line_1_1' title="bbox 534 644 1401 712; baseline 0.002 -3"><span class='ocrx_word' id='word_1_1' title='bbox 534 644 779 711; x_wconf 81' lang='lat' dir='ltr'>SCHEDULA</span> <span class='ocrx_word' id='word_1_2' title='bbox 801 645 1067 711; x_wconf 81' lang='lat' dir='ltr'><strong>MONITORIA</strong></span> <span class='ocrx_word' id='word_1_3' title='bbox 1089 645 1118 709; x_wconf 94' lang='lat' dir='ltr'><strong>I.</strong></span> <span class='ocrx_word' id='word_1_4' title='bbox 1335 650 1401 712; x_wconf 76' lang='lat'><strong>503</strong></span> 
     </span>
    </p>
   </div>
   <div class='ocr_carea' id='block_1_2' title="bbox 299 805 1553 2945">
    <p class='ocr_par' dir='ltr' id='par_1_2' title="bbox 300 805 1553 1199">
     <span class='ocr_line' id='line_1_2' title="bbox 300 805 1553 887; baseline -0.004 -15"><span class='ocrx_word' id='word_1_5' title='bbox 300 828 376 873; x_wconf 85' lang='lat' dir='ltr'><strong>vero</strong></span> <span class='ocrx_word' id='word_1_6' title='bbox 401 809 515 873; x_wconf 89' lang='lat' dir='ltr'><strong>borum</strong></span> <span class='ocrx_word' id='word_1_7' title='bbox 541 830 606 873; x_wconf 86' lang='lat' dir='ltr'><strong>usu</strong></span> <span class='ocrx_word' id='word_1_8' title='bbox 629 807 825 873; x_wconf 88' lang='lat' dir='ltr'><strong>vomituritio</strong></span> <span class='ocrx_word' id='word_1_9' title='bbox 850 828 888 872; x_wconf 90' lang='lat' dir='ltr'><strong>ao</strong></span> <span class='ocrx_word' id='word_1_10' title='bbox 908 805 1030 872; x_wconf 85' lang='lat' dir='ltr'><strong>ventris</strong></span> <span class='ocrx_word' id='word_1_11' title='bbox 1055 807 1181 871; x_wconf 85' lang='lat' dir='ltr'><strong>dolores</strong></span> <span class='ocrx_word' id='word_1_12' title='bbox 1206 805 1398 887; x_wconf 76' lang='lat' dir='ltr'><strong>remiserint,</strong></span> <span class='ocrx_word' id='word_1_13' title='bbox 1413 817 1553 867; x_wconf 70' lang='lat' dir='ltr'><strong>Dauom</strong></span> 
     </span>
     <span class='ocr_line' id='line_1_3' title="bbox 300 856 1548 996; baseline 0.002 -23"><span class='ocrx_word' id='word_1_14' title='bbox 300 916 381 973; x_wconf 89' lang='lat' dir='ltr'><strong>tunc</strong></span> <span class='ocrx_word' id='word_1_15' title='bbox 395 910 607 975; x_wconf 79' lang='lat' dir='ltr'><strong>catharticum</strong></span> <span class='ocrx_word' id='word_1_16' title='bbox 622 910 710 995; x_wconf 87' lang='lat' dir='ltr'><strong>prius</strong></span> <span class='ocrx_word' id='word_1_17' title='bbox 726 910 848 975; x_wconf 90' lang='lat' dir='ltr'><strong>dictum</strong></span> <span class='ocrx_word' id='word_1_18' title='bbox 866 910 986 975; x_wconf 87' lang='lat' dir='ltr'><strong>iterum</strong></span> <span class='ocrx_word' id='word_1_19' title='bbox 1004 910 1212 975; x_wconf 84' lang='lat' dir='ltr'><strong>exhibeatur:</strong></span> <span class='ocrx_word' id='word_1_20' title='bbox 1234 910 1296 974; x_wconf 92' lang='lat' dir='ltr'><strong>boc</strong></span> <span class='ocrx_word' id='word_1_21' title='bbox 1310 856 1548 996; x_wconf 61' lang='lat' dir='ltr'><strong>euim1,f„²,³¹¹¹⁸,</strong></span> 
     </span>
     <span class='ocr_line' id='line_1_4' title="bbox 301 1013 1552 1097; baseline 0.001 -21"><span class='ocrx_word' id='word_1_22' title='bbox 301 1018 445 1096; x_wconf 87' lang='lat' dir='ltr'><strong>tempore</strong></span> <span class='ocrx_word' id='word_1_23' title='bbox 473 1014 559 1077; x_wconf 89' lang='lat' dir='ltr'><strong>idem</strong></span> <span class='ocrx_word' id='word_1_24' title='bbox 585 1014 645 1078; x_wconf 91' lang='lat' dir='ltr'><strong>sub</strong></span> <span class='ocrx_word' id='word_1_25' title='bbox 673 1013 805 1077; x_wconf 85' lang='lat' dir='ltr'><strong>laudaui</strong></span> <span class='ocrx_word' id='word_1_26' title='bbox 834 1014 938 1077; x_wconf 88' lang='lat' dir='ltr'><strong>tutela</strong></span> <span class='ocrx_word' id='word_1_27' title='bbox 965 1020 1167 1097; x_wconf 84' lang='lat' dir='ltr'><strong>assumptum</strong></span> <span class='ocrx_word' id='word_1_28' title='bbox 1194 1013 1398 1093; x_wconf 79' lang='lat' dir='ltr'><strong>retinebitur,</strong></span> <span class='ocrx_word' id='word_1_29' title='bbox 1410 1020 1552 1029; x_wconf 76' lang='grc'><em>“”“““</em></span> 
     </span>
     <span class='ocr_line' id='line_1_5' title="bbox 301 1115 1400 1199; baseline 0.004 -22"><span class='ocrx_word' id='word_1_30' title='bbox 301 1134 339 1177; x_wconf 89' lang='lat' dir='ltr'><strong>ac</strong></span> <span class='ocrx_word' id='word_1_31' title='bbox 354 1136 412 1179; x_wconf 91' lang='lat' dir='ltr'><strong>suo</strong></span> <span class='ocrx_word' id='word_1_32' title='bbox 431 1115 564 1179; x_wconf 88' lang='lat' dir='ltr'><strong>tandem</strong></span> <span class='ocrx_word' id='word_1_33' title='bbox 579 1115 775 1199; x_wconf 81' lang='lat' dir='ltr'><strong>defungetur</strong></span> <span class='ocrx_word' id='word_1_34' title='bbox 793 1136 938 1179; x_wconf 88' lang='lat' dir='ltr'><strong>munere.</strong></span> <span class='ocrx_word' id='word_1_35' title='bbox 983 1115 1400 1199; x_wconf 84' lang='lat' dir='ltr'><strong>Verums1,anodyuorum</strong></span> 
     </span>
    </p>

    <p class='ocr_par' dir='ltr' id='par_1_3' title="bbox 301 1216 1401 1405">
     <span class='ocr_line' id='line_1_6' title="bbox 301 1216 1400 1301; baseline 0.004 -22"><span class='ocrx_word' id='word_1_36' title='bbox 301 1216 419 1281; x_wconf 81' lang='lat' dir='ltr'><strong>virtute</strong></span> <span class='ocrx_word' id='word_1_37' title='bbox 435 1238 472 1281; x_wconf 90' lang='lat' dir='ltr'><strong>ae</strong></span> <span class='ocrx_word' id='word_1_38' title='bbox 482 1218 514 1280; x_wconf 88' lang='lat' dir='ltr'><strong>vi</strong></span> <span class='ocrx_word' id='word_1_39' title='bbox 524 1218 593 1301; x_wconf 87' lang='lat' dir='ltr'><strong>jam</strong></span> <span class='ocrx_word' id='word_1_40' title='bbox 603 1218 733 1301; x_wconf 88' lang='lat' dir='ltr'><strong>penitus</strong></span> <span class='ocrx_word' id='word_1_41' title='bbox 747 1216 902 1296; x_wconf 78' lang='lat' dir='ltr'><strong>infractis,</strong></span> <span class='ocrx_word' id='word_1_42' title='bbox 913 1217 1113 1282; x_wconf 90' lang='lat' dir='ltr'><strong>vomituritio</strong></span> <span class='ocrx_word' id='word_1_43' title='bbox 1126 1238 1165 1282; x_wconf 87' lang='lat' dir='ltr'><strong>ac</strong></span> <span class='ocrx_word' id='word_1_44' title='bbox 1176 1218 1267 1283; x_wconf 91' lang='lat' dir='ltr'><strong>dolor</strong></span> <span class='ocrx_word' id='word_1_45' title='bbox 1279 1218 1400 1283; x_wconf 89' lang='lat' dir='ltr'><strong>iterum</strong></span> 
     </span>
     <span class='ocr_line' id='line_1_7' title="bbox 301 1319 1401 1405; baseline 0.005 -24"><span class='ocrx_word' id='word_1_46' title='bbox 301 1319 466 1398; x_wconf 86' lang='lat' dir='ltr'><strong>redierint,</strong></span> <span class='ocrx_word' id='word_1_47' title='bbox 489 1321 665 1385; x_wconf 89' lang='lat' dir='ltr'><strong>cathartico</strong></span> <span class='ocrx_word' id='word_1_48' title='bbox 689 1320 821 1385; x_wconf 88' lang='lat' dir='ltr'><strong>iuterim</strong></span> <span class='ocrx_word' id='word_1_49' title='bbox 842 1321 877 1384; x_wconf 90' lang='lat' dir='ltr'><strong>in</strong></span> <span class='ocrx_word' id='word_1_50' title='bbox 903 1342 1034 1405; x_wconf 90' lang='lat' dir='ltr'><strong>corpore</strong></span> <span class='ocrx_word' id='word_1_51' title='bbox 1057 1321 1247 1400; x_wconf 82' lang='lat' dir='ltr'><strong>restitante3</strong></span> <span class='ocrx_word' id='word_1_52' title='bbox 1277 1322 1314 1386; x_wconf 91' lang='lat' dir='ltr'><strong>in</strong></span> <span class='ocrx_word' id='word_1_53' title='bbox 1338 1322 1401 1387; x_wconf 91' lang='lat' dir='ltr'><strong>boc</strong></span> 
     </span>
    </p>

    <p class='ocr_par' dir='ltr' id='par_1_4' title="bbox 300 1422 1402 1715">
     <span class='ocr_line' id='line_1_8' title="bbox 301 1422 1399 1507; baseline 0.004 -22"><span class='ocrx_word' id='word_1_54' title='bbox 301 1442 388 1500; x_wconf 90' lang='lat' dir='ltr'><strong>casu,</strong></span> <span class='ocrx_word' id='word_1_55' title='bbox 400 1443 437 1487; x_wconf 89' lang='lat' dir='ltr'><strong>ex</strong></span> <span class='ocrx_word' id='word_1_56' title='bbox 454 1423 686 1507; x_wconf 83' lang='lat' dir='ltr'><strong>dejectionibus</strong></span> <span class='ocrx_word' id='word_1_57' title='bbox 700 1444 759 1507; x_wconf 87' lang='lat' dir='ltr'><strong>per</strong></span> <span class='ocrx_word' id='word_1_58' title='bbox 768 1423 920 1487; x_wconf 87' lang='lat' dir='ltr'><strong>inferiora</strong></span> <span class='ocrx_word' id='word_1_59' title='bbox 930 1444 986 1507; x_wconf 91' lang='lat' dir='ltr'><strong>spe</strong></span> <span class='ocrx_word' id='word_1_60' title='bbox 1001 1422 1090 1486; x_wconf 93' lang='lat' dir='ltr'><strong>omni</strong></span> <span class='ocrx_word' id='word_1_61' title='bbox 1100 1423 1399 1507; x_wconf 74' lang='lat' dir='ltr'><strong>impraesentiarum</strong></span> 
     </span>
     <span class='ocr_line' id='line_1_9' title="bbox 301 1523 1399 1609; baseline 0.002 -22"><span class='ocrx_word' id='word_1_62' title='bbox 301 1523 437 1607; x_wconf 87' lang='lat' dir='ltr'><strong>abjecta,</strong></span> <span class='ocrx_word' id='word_1_63' title='bbox 460 1526 500 1590; x_wconf 91' lang='lat' dir='ltr'><strong>ad</strong></span> <span class='ocrx_word' id='word_1_64' title='bbox 529 1548 625 1590; x_wconf 85' lang='lat' dir='ltr'><strong>usum</strong></span> <span class='ocrx_word' id='word_1_65' title='bbox 653 1526 830 1609; x_wconf 86' lang='lat' dir='ltr'><strong>paregorici</strong></span> <span class='ocrx_word' id='word_1_66' title='bbox 858 1546 954 1608; x_wconf 88' lang='lat' dir='ltr'><strong>supra</strong></span> <span class='ocrx_word' id='word_1_67' title='bbox 982 1524 1135 1608; x_wconf 77' lang='lat' dir='ltr'><strong>descripti</strong></span> <span class='ocrx_word' id='word_1_68' title='bbox 1161 1526 1399 1605; x_wconf 84' lang='lat' dir='ltr'><strong>revertendum,</strong></span> 
     </span>
     <span class='ocr_line' id='line_1_10' title="bbox 300 1624 1402 1715; baseline 0.007 -28"><span class='ocrx_word' id='word_1_69' title='bbox 300 1624 450 1712; x_wconf 89' lang='lat' dir='ltr'><strong>idemque</strong></span> <span class='ocrx_word' id='word_1_70' title='bbox 472 1651 611 1714; x_wconf 89' lang='lat' dir='ltr'><strong>eousque</strong></span> <span class='ocrx_word' id='word_1_71' title='bbox 628 1630 841 1714; x_wconf 88' lang='lat' dir='ltr'><strong>repetendum</strong></span> <span class='ocrx_word' id='word_1_72' title='bbox 860 1636 974 1713; x_wconf 85' lang='lat' dir='ltr'><strong>quarta</strong></span> <span class='ocrx_word' id='word_1_73' title='bbox 989 1630 1042 1694; x_wconf 84' lang='lat' dir='ltr'><strong>vel</strong></span> <span class='ocrx_word' id='word_1_74' title='bbox 1061 1636 1153 1694; x_wconf 84' lang='lat' dir='ltr'><strong>serta</strong></span> <span class='ocrx_word' id='word_1_75' title='bbox 1173 1651 1300 1715; x_wconf 89' lang='lat' dir='ltr'><strong>quaque</strong></span> <span class='ocrx_word' id='word_1_76' title='bbox 1321 1631 1402 1695; x_wconf 87' lang='lat' dir='ltr'><strong>bora</strong></span> 
     </span>
    </p>

    <p class='ocr_par' dir='ltr' id='par_1_5' title="bbox 300 1728 1400 1817">
     <span class='ocr_line' id='line_1_11' title="bbox 300 1728 1400 1817; baseline 0.006 -26"><span class='ocrx_word' id='word_1_77' title='bbox 300 1728 404 1795; x_wconf 88' lang='lat' dir='ltr'><strong>donec</strong></span> <span class='ocrx_word' id='word_1_78' title='bbox 418 1731 581 1796; x_wconf 86' lang='lat' dir='ltr'><strong>intestinis</strong></span> <span class='ocrx_word' id='word_1_79' title='bbox 596 1733 685 1817; x_wconf 89' lang='lat' dir='ltr'><strong>quies</strong></span> <span class='ocrx_word' id='word_1_80' title='bbox 700 1732 886 1797; x_wconf 90' lang='lat' dir='ltr'><strong>omnimoda</strong></span> <span class='ocrx_word' id='word_1_81' title='bbox 898 1732 1080 1811; x_wconf 87' lang='lat' dir='ltr'><strong>inducatur,</strong></span> <span class='ocrx_word' id='word_1_82' title='bbox 1092 1753 1130 1796; x_wconf 87' lang='lat' dir='ltr'><strong>ac</strong></span> <span class='ocrx_word' id='word_1_83' title='bbox 1143 1732 1278 1816; x_wconf 90' lang='lat' dir='ltr'><strong>proinde</strong></span> <span class='ocrx_word' id='word_1_84' title='bbox 1291 1740 1400 1798; x_wconf 82' lang='lat' dir='ltr'><strong>motus</strong></span> 
     </span>
    </p>

    <p class='ocr_par' dir='ltr' id='par_1_6' title="bbox 300 1834 1401 2023">
     <span class='ocr_line' id='line_1_12' title="bbox 301 1834 1401 1920; baseline 0.004 -23"><span class='ocrx_word' id='word_1_85' title='bbox 301 1854 414 1897; x_wconf 89' lang='lat' dir='ltr'><strong>corum</strong></span> <span class='ocrx_word' id='word_1_86' title='bbox 439 1836 596 1899; x_wconf 88' lang='lat' dir='ltr'><strong>naturalis</strong></span> <span class='ocrx_word' id='word_1_87' title='bbox 626 1836 775 1901; x_wconf 87' lang='lat' dir='ltr'><strong>deorsum</strong></span> <span class='ocrx_word' id='word_1_88' title='bbox 800 1858 910 1901; x_wconf 84' lang='lat' dir='ltr'><strong>versus</strong></span> <span class='ocrx_word' id='word_1_89' title='bbox 937 1836 1147 1900; x_wconf 86' lang='lat' dir='ltr'><strong>restituatur:</strong></span> <span class='ocrx_word' id='word_1_90' title='bbox 1178 1857 1243 1919; x_wconf 91' lang='lat' dir='ltr'><strong>quo</strong></span> <span class='ocrx_word' id='word_1_91' title='bbox 1268 1834 1401 1920; x_wconf 89' lang='lat' dir='ltr'><strong>quidem</strong></span> 
     </span>
     <span class='ocr_line' id='line_1_13' title="bbox 300 1938 1400 2023; baseline 0.002 -22"><span class='ocrx_word' id='word_1_92' title='bbox 300 1943 445 2021; x_wconf 90' lang='lat' dir='ltr'><strong>tempore</strong></span> <span class='ocrx_word' id='word_1_93' title='bbox 467 1938 690 2019; x_wconf 74' lang='lat' dir='ltr'><strong>catharticum,</strong></span> <span class='ocrx_word' id='word_1_94' title='bbox 709 1938 795 2023; x_wconf 92' lang='lat' dir='ltr'><strong>quod</strong></span> <span class='ocrx_word' id='word_1_95' title='bbox 816 1939 973 2004; x_wconf 86' lang='lat' dir='ltr'><strong>hactenus</strong></span> <span class='ocrx_word' id='word_1_96' title='bbox 994 1938 1036 2003; x_wconf 92' lang='lat' dir='ltr'><strong>ob</strong></span> <span class='ocrx_word' id='word_1_97' title='bbox 1056 1938 1255 2003; x_wconf 86' lang='lat' dir='ltr'><strong>contrarium</strong></span> <span class='ocrx_word' id='word_1_98' title='bbox 1272 1938 1400 2003; x_wconf 87' lang='lat' dir='ltr'><strong>intesti-</strong></span> 
     </span>
    </p>

    <p class='ocr_par' dir='ltr' id='par_1_7' title="bbox 300 2040 1401 2127">
     <span class='ocr_line' id='line_1_14' title="bbox 300 2040 1401 2127; baseline 0.003 -24"><span class='ocrx_word' id='word_1_99' title='bbox 300 2059 418 2104; x_wconf 89' lang='lat' dir='ltr'><strong>nomm</strong></span> <span class='ocrx_word' id='word_1_100' title='bbox 438 2048 565 2105; x_wconf 90' lang='lat' dir='ltr'><strong>motum</strong></span> <span class='ocrx_word' id='word_1_101' title='bbox 583 2042 619 2105; x_wconf 93' lang='lat' dir='ltr'><strong>in</strong></span> <span class='ocrx_word' id='word_1_102' title='bbox 638 2062 770 2127; x_wconf 89' lang='lat' dir='ltr'><strong>corpore</strong></span> <span class='ocrx_word' id='word_1_103' title='bbox 790 2042 966 2119; x_wconf 88' lang='lat' dir='ltr'><strong>sisteretur,</strong></span> <span class='ocrx_word' id='word_1_104' title='bbox 978 2042 1047 2126; x_wconf 86' lang='lat' dir='ltr'><strong>jam</strong></span> <span class='ocrx_word' id='word_1_105' title='bbox 1067 2040 1287 2125; x_wconf 80' lang='lat' dir='ltr'><strong>operationem</strong></span> <span class='ocrx_word' id='word_1_106' title='bbox 1307 2062 1401 2106; x_wconf 90' lang='lat' dir='ltr'><strong>suam</strong></span> 
     </span>
    </p>

    <p class='ocr_par' dir='ltr' id='par_1_8' title="bbox 300 2142 1400 2229">
     <span class='ocr_line' id='line_1_15' title="bbox 300 2142 1400 2229; baseline 0.003 -24"><span class='ocrx_word' id='word_1_107' title='bbox 300 2162 358 2224; x_wconf 88' lang='lat' dir='ltr'><strong>per</strong></span> <span class='ocrx_word' id='word_1_108' title='bbox 372 2142 463 2207; x_wconf 89' lang='lat' dir='ltr'><strong>sedes</strong></span> <span class='ocrx_word' id='word_1_109' title='bbox 478 2151 596 2223; x_wconf 83' lang='lat' dir='ltr'><strong>exeret,</strong></span> <span class='ocrx_word' id='word_1_110' title='bbox 612 2144 851 2229; x_wconf 88' lang='lat' dir='ltr'><strong>quantumlibet</strong></span> <span class='ocrx_word' id='word_1_111' title='bbox 865 2165 905 2209; x_wconf 88' lang='lat' dir='ltr'><strong>ex</strong></span> <span class='ocrx_word' id='word_1_112' title='bbox 922 2151 992 2209; x_wconf 91' lang='lat' dir='ltr'><strong>tam</strong></span> <span class='ocrx_word' id='word_1_113' title='bbox 1005 2143 1145 2227; x_wconf 88' lang='lat' dir='ltr'><strong>repetito</strong></span> <span class='ocrx_word' id='word_1_114' title='bbox 1163 2143 1400 2208; x_wconf 87' lang='lat' dir='ltr'><strong>nercoticorum</strong></span> 
     </span>
    </p>

    <p class='ocr_par' dir='ltr' id='par_1_9' title="bbox 299 2244 1399 2330">
     <span class='ocr_line' id='line_1_16' title="bbox 299 2244 1399 2330; baseline 0.001 -23"><span class='ocrx_word' id='word_1_115' title='bbox 299 2265 362 2308; x_wconf 88' lang='lat' dir='ltr'><strong>usu</strong></span> <span class='ocrx_word' id='word_1_116' title='bbox 382 2246 479 2329; x_wconf 87' lang='lat' dir='ltr'><strong>plane</strong></span> <span class='ocrx_word' id='word_1_117' title='bbox 500 2247 697 2311; x_wconf 88' lang='lat' dir='ltr'><strong>contrarium</strong></span> <span class='ocrx_word' id='word_1_118' title='bbox 719 2246 871 2311; x_wconf 86' lang='lat' dir='ltr'><strong>effectum</strong></span> <span class='ocrx_word' id='word_1_119' title='bbox 891 2246 932 2311; x_wconf 90' lang='lat' dir='ltr'><strong>iri</strong></span> <span class='ocrx_word' id='word_1_120' title='bbox 950 2246 1107 2311; x_wconf 85' lang='lat' dir='ltr'><strong>videatur.</strong></span> <span class='ocrx_word' id='word_1_121' title='bbox 1152 2244 1251 2311; x_wconf 81' lang='lat' dir='ltr'><strong>Quod</strong></span> <span class='ocrx_word' id='word_1_122' title='bbox 1268 2253 1303 2311; x_wconf 91' lang='lat' dir='ltr'><strong>et</strong></span> <span class='ocrx_word' id='word_1_123' title='bbox 1321 2245 1399 2330; x_wconf 76' lang='lat' dir='ltr'><strong>ipse,</strong></span> 
     </span>
    </p>

    <p class='ocr_par' dir='ltr' id='par_1_10' title="bbox 299 2346 1401 2536">
     <span class='ocr_line' id='line_1_17' title="bbox 299 2346 1400 2433; baseline 0.002 -22"><span class='ocrx_word' id='word_1_124' title='bbox 299 2346 380 2411; x_wconf 88' lang='lat' dir='ltr'><strong>dum</strong></span> <span class='ocrx_word' id='word_1_125' title='bbox 409 2348 489 2413; x_wconf 87' lang='lat' dir='ltr'><strong>baec</strong></span> <span class='ocrx_word' id='word_1_126' title='bbox 517 2349 697 2427; x_wconf 81' lang='lat' dir='ltr'><strong>scriberem,</strong></span> <span class='ocrx_word' id='word_1_127' title='bbox 719 2350 755 2414; x_wconf 94' lang='lat' dir='ltr'><strong>in</strong></span> <span class='ocrx_word' id='word_1_128' title='bbox 782 2370 937 2432; x_wconf 84' lang='lat' dir='ltr'><strong>generoso</strong></span> <span class='ocrx_word' id='word_1_129' title='bbox 967 2348 1106 2433; x_wconf 83' lang='lat' dir='ltr'><strong>quodam</strong></span> <span class='ocrx_word' id='word_1_130' title='bbox 1130 2348 1194 2413; x_wconf 90' lang='lat' dir='ltr'><strong>ileo</strong></span> <span class='ocrx_word' id='word_1_131' title='bbox 1219 2348 1400 2413; x_wconf 69' lang='lat' dir='ltr'><strong>saeuadmo</strong></span> 
     </span>
     <span class='ocr_line' id='line_1_18' title="bbox 299 2450 1401 2536; baseline -0.001 -22"><span class='ocrx_word' id='word_1_132' title='bbox 299 2450 467 2517; x_wconf 82' lang='lat' dir='ltr'><strong>laborante</strong></span> <span class='ocrx_word' id='word_1_133' title='bbox 486 2460 636 2536; x_wconf 82' lang='lat' dir='ltr'><strong>expertus</strong></span> <span class='ocrx_word' id='word_1_134' title='bbox 658 2474 750 2531; x_wconf 88' lang='lat' dir='ltr'><strong>sum;</strong></span> <span class='ocrx_word' id='word_1_135' title='bbox 776 2454 830 2517; x_wconf 91' lang='lat' dir='ltr'><strong>cui</strong></span> <span class='ocrx_word' id='word_1_136' title='bbox 850 2460 962 2517; x_wconf 86' lang='lat' dir='ltr'><strong>tamen</strong></span> <span class='ocrx_word' id='word_1_137' title='bbox 982 2457 1103 2535; x_wconf 78' lang='lat' dir='ltr'><strong>postea,</strong></span> <span class='ocrx_word' id='word_1_138' title='bbox 1123 2471 1163 2514; x_wconf 85' lang='lat' dir='ltr'><strong>ex</strong></span> <span class='ocrx_word' id='word_1_139' title='bbox 1183 2450 1280 2515; x_wconf 90' lang='lat' dir='ltr'><strong>nimis</strong></span> <span class='ocrx_word' id='word_1_140' title='bbox 1301 2450 1401 2533; x_wconf 81' lang='lat' dir='ltr'><strong>longa</strong></span> 
     </span>
    </p>

    <p class='ocr_par' dir='ltr' id='par_1_11' title="bbox 299 2552 1541 2740">
     <span class='ocr_line' id='line_1_19' title="bbox 300 2552 1541 2701; baseline 0.005 -85"><span class='ocrx_word' id='word_1_141' title='bbox 300 2559 369 2617; x_wconf 87' lang='lat' dir='ltr'><strong>tam</strong></span> <span class='ocrx_word' id='word_1_142' title='bbox 393 2554 568 2619; x_wconf 90' lang='lat' dir='ltr'><strong>humorum</strong></span> <span class='ocrx_word' id='word_1_143' title='bbox 592 2555 742 2619; x_wconf 90' lang='lat' dir='ltr'><strong>morbum</strong></span> <span class='ocrx_word' id='word_1_144' title='bbox 771 2554 1046 2619; x_wconf 83' lang='lat' dir='ltr'><strong>committentium</strong></span> <span class='ocrx_word' id='word_1_145' title='bbox 1075 2573 1174 2636; x_wconf 87' lang='lat' dir='ltr'><strong>quam</strong></span> <span class='ocrx_word' id='word_1_146' title='bbox 1198 2552 1321 2616; x_wconf 85' lang='lat' dir='ltr'><strong>acrium</strong></span> <span class='ocrx_word' id='word_1_147' title='bbox 1345 2574 1398 2617; x_wconf 86' lang='lat' dir='ltr'><strong>ca·</strong></span> <span class='ocrx_word' id='word_1_148' title='bbox 1384 2572 1541 2701; x_wconf 56' lang='lat' dir='ltr'><strong>nepumr</strong></span> 
     </span>
     <span class='ocr_line' id='line_1_20' title="bbox 299 2638 1458 2740; baseline 0.001 -22"><span class='ocrx_word' id='word_1_149' title='bbox 299 2655 512 2721; x_wconf 85' lang='lat' dir='ltr'><strong>thartioorum</strong></span> <span class='ocrx_word' id='word_1_150' title='bbox 533 2658 725 2735; x_wconf 79' lang='lat' dir='ltr'><strong>retentione,</strong></span> <span class='ocrx_word' id='word_1_151' title='bbox 743 2656 884 2740; x_wconf 91' lang='lat' dir='ltr'><strong>apbtbae</strong></span> <span class='ocrx_word' id='word_1_152' title='bbox 905 2676 1126 2739; x_wconf 80' lang='lat' dir='ltr'><strong>supervenere,</strong></span> <span class='ocrx_word' id='word_1_153' title='bbox 1124 2652 1202 2717; x_wconf 87' lang='lat' dir='ltr'><strong>sed</strong></span> <span class='ocrx_word' id='word_1_154' title='bbox 1221 2674 1303 2737; x_wconf 89' lang='lat' dir='ltr'><strong>quae</strong></span> <span class='ocrx_word' id='word_1_155' title='bbox 1320 2638 1458 2719; x_wconf 69' lang='grc' dir='ltr'><strong>ιιιιὶι1100</strong></span> 
     </span>
    </p>

    <p class='ocr_par' dir='ltr' id='par_1_12' title="bbox 299 2703 1534 2945">
     <span class='ocr_line' id='line_1_21' title="bbox 299 2703 1534 2839; baseline 0.002 -20"><span class='ocrx_word' id='word_1_156' title='bbox 299 2757 393 2822; x_wconf 80' lang='lat' dir='ltr'><strong>facile</strong></span> <span class='ocrx_word' id='word_1_157' title='bbox 415 2758 653 2823; x_wconf 79' lang='lat' dir='ltr'><strong>debellarentur</strong></span> <span class='ocrx_word' id='word_1_158' title='bbox 677 2780 740 2823; x_wconf 86' lang='lat' dir='ltr'><strong>usu</strong></span> <span class='ocrx_word' id='word_1_159' title='bbox 765 2758 891 2823; x_wconf 87' lang='lat' dir='ltr'><strong>corticis</strong></span> <span class='ocrx_word' id='word_1_160' title='bbox 913 2756 1084 2821; x_wconf 84' lang='lat' dir='ltr'><strong>Peruviani</strong></span> <span class='ocrx_word' id='word_1_161' title='bbox 1105 2777 1203 2839; x_wconf 89' lang='lat' dir='ltr'><strong>supra</strong></span> <span class='ocrx_word' id='word_1_162' title='bbox 1226 2703 1465 2839; x_wconf 37' lang='lat' dir='ltr'><strong>descripta.</strong></span> <span class='ocrx_word' id='word_1_163' title='bbox 1411 2781 1485 2829; x_wconf 75' lang='lat' dir='ltr'><strong>quom</strong></span> <span class='ocrx_word' id='word_1_164' title='bbox 1444 2766 1534 2814; x_wconf 76' lang='lat' dir='ltr'><strong>mnodo</strong></span> 
     </span>
     <span class='ocr_line' id='line_1_22' title="bbox 299 2837 1517 2945; baseline 0 -23"><span class='ocrx_word' id='word_1_165' title='bbox 299 2866 338 2923; x_wconf 90' lang='lat' dir='ltr'><strong>ut</strong></span> <span class='ocrx_word' id='word_1_166' title='bbox 354 2866 387 2923; x_wconf 89' lang='lat' dir='ltr'><strong>et</strong></span> <span class='ocrx_word' id='word_1_167' title='bbox 401 2880 437 2925; x_wconf 89' lang='lat' dir='ltr'><strong>os</strong></span> <span class='ocrx_word' id='word_1_168' title='bbox 451 2882 545 2945; x_wconf 88' lang='lat' dir='ltr'><strong>saepe</strong></span> <span class='ocrx_word' id='word_1_169' title='bbox 560 2860 728 2926; x_wconf 91' lang='lat' dir='ltr'><strong>colluendo</strong></span> <span class='ocrx_word' id='word_1_170' title='bbox 743 2882 818 2925; x_wconf 90' lang='lat' dir='ltr'><strong>cum</strong></span> <span class='ocrx_word' id='word_1_171' title='bbox 833 2866 988 2945; x_wconf 84' lang='lat' dir='ltr'><strong>sequente</strong></span> <span class='ocrx_word' id='word_1_172' title='bbox 1002 2857 1248 2942; x_wconf 65' lang='lat' dir='ltr'><strong>gargarismm:</strong></span> <span class='ocrx_word' id='word_1_173' title='bbox 1251 2892 1296 2905; x_wconf 91' lang='lat'><strong>-—</strong></span> <span class='ocrx_word' id='word_1_174' title='bbox 1410 2837 1517 2878; x_wconf 79' lang='lat' dir='ltr'><strong>curatae.</strong></span> 
     </span>
    </p>
   </div>
   <div class='ocr_carea' id='block_1_3' title="bbox 302 3043 1247 3307">
    <p class='ocr_par' dir='ltr' id='par_1_13' title="bbox 302 3043 1247 3307">
     <span class='ocr_line' id='line_1_23' title="bbox 302 3043 1247 3118; baseline -0.001 -19"><span class='ocrx_word' id='word_1_175' title='bbox 302 3044 403 3117; x_wconf 81' lang='lat' dir='ltr'><strong>[Form.</strong></span> <span class='ocrx_word' id='word_1_176' title='bbox 417 3047 507 3113; x_wconf 70' lang='grc' dir='ltr'><strong>113.]’ι</strong></span> <span class='ocrx_word' id='word_1_177' title='bbox 533 3044 565 3115; x_wconf 74' lang='lat' dir='ltr'>R</span> <span class='ocrx_word' id='word_1_178' title='bbox 585 3047 663 3102; x_wconf 88' lang='lat' dir='ltr'><strong>Succi</strong></span> <span class='ocrx_word' id='word_1_179' title='bbox 676 3047 819 3101; x_wconf 88' lang='lat' dir='ltr'><strong>Pomorum</strong></span> <span class='ocrx_word' id='word_1_180' title='bbox 831 3046 983 3118; x_wconf 77' lang='lat' dir='ltr'><strong>Agrestium</strong></span> <span class='ocrx_word' id='word_1_181' title='bbox 994 3044 1089 3099; x_wconf 90' lang='lat' dir='ltr'><strong>libram</strong></span> <span class='ocrx_word' id='word_1_182' title='bbox 1098 3043 1247 3109; x_wconf 86' lang='lat' dir='ltr'><strong>dimidiam,</strong></span> 
     </span>
     <span class='ocr_line' id='line_1_24' title="bbox 583 3133 1136 3205; baseline -0.002 -18"><span class='ocrx_word' id='word_1_183' title='bbox 583 3134 679 3205; x_wconf 83' lang='lat' dir='ltr'><strong>Sympi</strong></span> <span class='ocrx_word' id='word_1_184' title='bbox 691 3136 724 3189; x_wconf 88' lang='lat' dir='ltr'><strong>de</strong></span> <span class='ocrx_word' id='word_1_185' title='bbox 736 3135 814 3190; x_wconf 87' lang='lat' dir='ltr'><strong>Bubo</strong></span> <span class='ocrx_word' id='word_1_186' title='bbox 827 3133 908 3187; x_wconf 88' lang='lat' dir='ltr'><strong>Idaeo</strong></span> <span class='ocrx_word' id='word_1_187' title='bbox 919 3134 1027 3187; x_wconf 86' lang='lat' dir='ltr'><strong>unciam</strong></span> <span class='ocrx_word' id='word_1_188' title='bbox 1038 3149 1136 3196; x_wconf 73' lang='grc' dir='ltr'>ιιιιιιιιιι</span> 
     </span>
     <span class='ocr_line' id='line_1_25' title="bbox 442 3220 686 3307; baseline 0.004 -33"><span class='ocrx_word' id='word_1_189' title='bbox 442 3220 504 3276; x_wconf 87' lang='lat' dir='ltr'><strong>Fiat</strong></span> <span class='ocrx_word' id='word_1_190' title='bbox 515 3223 686 3307; x_wconf 79' lang='lat' dir='ltr'><strong>gargarisma.</strong></span> 
     </span>
    </p>
   </div>
   <div class='ocr_carea' id='block_1_4' title="bbox 297 3392 1550 4608">
    <p class='ocr_par' dir='ltr' id='par_1_14' title="bbox 298 3392 1399 4198">
     <span class='ocr_line' id='line_1_26' title="bbox 350 3392 1399 3481; baseline 0 -22"><span class='ocrx_word' id='word_1_191' title='bbox 350 3394 432 3481; x_wconf 73' lang='lat' dir='ltr'><strong>[bb]</strong></span> <span class='ocrx_word' id='word_1_192' title='bbox 459 3394 506 3460; x_wconf 81' lang='lat' dir='ltr'><strong>At</strong></span> <span class='ocrx_word' id='word_1_193' title='bbox 528 3414 603 3459; x_wconf 91' lang='lat' dir='ltr'><strong>cum</strong></span> <span class='ocrx_word' id='word_1_194' title='bbox 625 3393 694 3478; x_wconf 89' lang='lat' dir='ltr'><strong>jam</strong></span> <span class='ocrx_word' id='word_1_195' title='bbox 719 3392 837 3459; x_wconf 91' lang='lat' dir='ltr'><strong>ductus</strong></span> <span class='ocrx_word' id='word_1_196' title='bbox 857 3392 913 3458; x_wconf 93' lang='lat' dir='ltr'><strong>isti</strong></span> <span class='ocrx_word' id='word_1_197' title='bbox 938 3414 998 3479; x_wconf 91' lang='lat' dir='ltr'><strong>pro</strong></span> <span class='ocrx_word' id='word_1_198' title='bbox 1021 3392 1169 3457; x_wconf 87' lang='lat' dir='ltr'><strong>Naturae</strong></span> <span class='ocrx_word' id='word_1_199' title='bbox 1193 3392 1266 3477; x_wconf 83' lang='lat' dir='ltr'><strong>lege</strong></span> <span class='ocrx_word' id='word_1_200' title='bbox 1291 3392 1399 3459; x_wconf 90' lang='lat' dir='ltr'><strong>denuo</strong></span> 
     </span>
     <span class='ocr_line' id='line_1_27' title="bbox 299 3496 1398 3582; baseline 0 -21"><span class='ocrx_word' id='word_1_201' title='bbox 299 3504 442 3581; x_wconf 89' lang='lat' dir='ltr'><strong>pateant,</strong></span> <span class='ocrx_word' id='word_1_202' title='bbox 458 3518 554 3581; x_wconf 83' lang='lat' dir='ltr'><strong>aegro</strong></span> <span class='ocrx_word' id='word_1_203' title='bbox 571 3498 711 3562; x_wconf 90' lang='lat' dir='ltr'><strong>liberum</strong></span> <span class='ocrx_word' id='word_1_204' title='bbox 729 3503 778 3561; x_wconf 89' lang='lat' dir='ltr'><strong>est</strong></span> <span class='ocrx_word' id='word_1_205' title='bbox 793 3504 831 3561; x_wconf 93' lang='lat' dir='ltr'><strong>ut</strong></span> <span class='ocrx_word' id='word_1_206' title='bbox 846 3496 887 3561; x_wconf 89' lang='lat' dir='ltr'><strong>ad</strong></span> <span class='ocrx_word' id='word_1_207' title='bbox 906 3496 975 3561; x_wconf 87' lang='lat' dir='ltr'><strong>dies</strong></span> <span class='ocrx_word' id='word_1_208' title='bbox 994 3497 1116 3580; x_wconf 91' lang='lat' dir='ltr'><strong>aliquot</strong></span> <span class='ocrx_word' id='word_1_209' title='bbox 1136 3496 1270 3562; x_wconf 76' lang='lat' dir='ltr'><strong>ferietur</strong></span> <span class='ocrx_word' id='word_1_210' title='bbox 1284 3519 1304 3561; x_wconf 88' lang='lat' dir='ltr'><strong>a</strong></span> <span class='ocrx_word' id='word_1_211' title='bbox 1321 3518 1398 3582; x_wconf 91' lang='lat' dir='ltr'><strong>pur-</strong></span> 
     </span>
     <span class='ocr_line' id='line_1_28' title="bbox 300 3599 1398 3683; baseline 0 -19"><span class='ocrx_word' id='word_1_212' title='bbox 300 3601 558 3683; x_wconf 65' lang='lat' dir='ltr'><strong>gatione-donec</strong></span> <span class='ocrx_word' id='word_1_213' title='bbox 573 3600 692 3665; x_wconf 91' lang='lat' dir='ltr'><strong>scilicet</strong></span> <span class='ocrx_word' id='word_1_214' title='bbox 706 3601 868 3664; x_wconf 91' lang='lat' dir='ltr'><strong>tumultus</strong></span> <span class='ocrx_word' id='word_1_215' title='bbox 886 3621 992 3683; x_wconf 91' lang='lat' dir='ltr'><strong>nuper</strong></span> <span class='ocrx_word' id='word_1_216' title='bbox 1004 3600 1041 3663; x_wconf 89' lang='lat' dir='ltr'><strong>in</strong></span> <span class='ocrx_word' id='word_1_217' title='bbox 1055 3599 1227 3665; x_wconf 83' lang='lat' dir='ltr'><strong>visceribus</strong></span> <span class='ocrx_word' id='word_1_218' title='bbox 1242 3600 1398 3665; x_wconf 83' lang='lat' dir='ltr'><strong>excitatus</strong></span> 
     </span>
     <span class='ocr_line' id='line_1_29' title="bbox 300 3703 1398 3789; baseline 0.001 -22"><span class='ocrx_word' id='word_1_219' title='bbox 300 3704 432 3769; x_wconf 91' lang='lat' dir='ltr'><strong>omniuo</strong></span> <span class='ocrx_word' id='word_1_220' title='bbox 446 3704 618 3784; x_wconf 86' lang='lat' dir='ltr'><strong>resederit;</strong></span> <span class='ocrx_word' id='word_1_221' title='bbox 641 3704 728 3789; x_wconf 88' lang='lat' dir='ltr'><strong>quod</strong></span> <span class='ocrx_word' id='word_1_222' title='bbox 741 3704 894 3789; x_wconf 90' lang='lat' dir='ltr'><strong>temporis</strong></span> <span class='ocrx_word' id='word_1_223' title='bbox 909 3704 1051 3788; x_wconf 88' lang='lat' dir='ltr'><strong>spatium</strong></span> <span class='ocrx_word' id='word_1_224' title='bbox 1064 3703 1239 3768; x_wconf 88' lang='lat' dir='ltr'><strong>humorum</strong></span> <span class='ocrx_word' id='word_1_225' title='bbox 1253 3704 1351 3768; x_wconf 83' lang='lat' dir='ltr'><strong>calori</strong></span> <span class='ocrx_word' id='word_1_226' title='bbox 1365 3710 1398 3767; x_wconf 93' lang='lat' dir='ltr'><strong>et</strong></span> 
     </span>
     <span class='ocr_line' id='line_1_30' title="bbox 299 3793 1398 3892; baseline 0 -20"><span class='ocrx_word' id='word_1_227' title='bbox 299 3808 492 3873; x_wconf 85' lang='lat' dir='ltr'><strong>acrimoniae</strong></span> <span class='ocrx_word' id='word_1_228' title='bbox 513 3808 671 3873; x_wconf 87' lang='lat' dir='ltr'><strong>diluendis</strong></span> <span class='ocrx_word' id='word_1_229' title='bbox 691 3808 1033 3892; x_wconf 87' lang='lat' dir='ltr'><strong>contemperandisque</strong></span> <span class='ocrx_word' id='word_1_230' title='bbox 1052 3808 1130 3870; x_wconf 89' lang='lat' dir='ltr'><strong>satis</strong></span> <span class='ocrx_word' id='word_1_231' title='bbox 1149 3807 1316 3872; x_wconf 88' lang='lat' dir='ltr'><strong>commode</strong></span> <span class='ocrx_word' id='word_1_232' title='bbox 1337 3793 1398 3871; x_wconf 90' lang='lat' dir='ltr'><strong>im-</strong></span> 
     </span>
     <span class='ocr_line' id='line_1_31' title="bbox 299 3908 1395 3997; baseline -0.002 -21"><span class='ocrx_word' id='word_1_233' title='bbox 299 3912 411 3994; x_wconf 86' lang='lat' dir='ltr'><strong>pertiri</strong></span> <span class='ocrx_word' id='word_1_234' title='bbox 428 3919 552 3997; x_wconf 88' lang='lat' dir='ltr'><strong>potest:</strong></span> <span class='ocrx_word' id='word_1_235' title='bbox 576 3934 640 3997; x_wconf 89' lang='lat' dir='ltr'><strong>quo</strong></span> <span class='ocrx_word' id='word_1_236' title='bbox 658 3912 752 3991; x_wconf 86' lang='lat' dir='ltr'><strong>facto,</strong></span> <span class='ocrx_word' id='word_1_237' title='bbox 768 3910 907 3977; x_wconf 89' lang='lat' dir='ltr'><strong>catharsi</strong></span> <span class='ocrx_word' id='word_1_238' title='bbox 926 3910 1058 3975; x_wconf 88' lang='lat' dir='ltr'><strong>alternis</strong></span> <span class='ocrx_word' id='word_1_239' title='bbox 1076 3908 1190 3973; x_wconf 89' lang='lat' dir='ltr'><strong>diebus</strong></span> <span class='ocrx_word' id='word_1_240' title='bbox 1211 3910 1262 3990; x_wconf 87' lang='lat' dir='ltr'><strong>(ut</strong></span> <span class='ocrx_word' id='word_1_241' title='bbox 1275 3912 1395 3993; x_wconf 72' lang='lat' dir='ltr'><strong>supra)</strong></span> 
     </span>
     <span class='ocr_line' id='line_1_32' title="bbox 298 4012 1398 4097; baseline -0.002 -20"><span class='ocrx_word' id='word_1_242' title='bbox 298 4016 491 4097; x_wconf 87' lang='lat' dir='ltr'><strong>repetendae</strong></span> <span class='ocrx_word' id='word_1_243' title='bbox 506 4037 617 4081; x_wconf 87' lang='lat' dir='ltr'><strong>vacare</strong></span> <span class='ocrx_word' id='word_1_244' title='bbox 638 4016 743 4095; x_wconf 90' lang='lat' dir='ltr'><strong>debet,</strong></span> <span class='ocrx_word' id='word_1_245' title='bbox 760 4016 787 4079; x_wconf 82' lang='lat' dir='ltr'><strong>si</strong></span> <span class='ocrx_word' id='word_1_246' title='bbox 801 4016 851 4079; x_wconf 86' lang='lat' dir='ltr'><strong>vel</strong></span> <span class='ocrx_word' id='word_1_247' title='bbox 869 4014 1006 4077; x_wconf 88' lang='lat' dir='ltr'><strong>minima</strong></span> <span class='ocrx_word' id='word_1_248' title='bbox 1024 4012 1130 4076; x_wconf 85' lang='lat' dir='ltr'><strong>adhuc</strong></span> <span class='ocrx_word' id='word_1_249' title='bbox 1148 4017 1272 4075; x_wconf 85' lang='lat' dir='ltr'><strong>restent</strong></span> <span class='ocrx_word' id='word_1_250' title='bbox 1286 4012 1398 4076; x_wconf 83' lang='lat' dir='ltr'><strong>Febris</strong></span> 
     </span>
     <span class='ocr_line' id='line_1_33' title="bbox 298 4118 785 4198; baseline 0.008 -21"><span class='ocrx_word' id='word_1_251' title='bbox 298 4118 442 4198; x_wconf 83' lang='lat' dir='ltr'><strong>vestigia.</strong></span> <span class='ocrx_word' id='word_1_252' title='bbox 489 4118 553 4182; x_wconf 86' lang='lat' dir='ltr'><strong>Sed</strong></span> <span class='ocrx_word' id='word_1_253' title='bbox 568 4118 607 4181; x_wconf 90' lang='lat' dir='ltr'><strong>de</strong></span> <span class='ocrx_word' id='word_1_254' title='bbox 622 4118 683 4181; x_wconf 94' lang='lat' dir='ltr'><strong>hoc</strong></span> <span class='ocrx_word' id='word_1_255' title='bbox 698 4119 785 4182; x_wconf 90' lang='lat' dir='ltr'><strong>satis.</strong></span> 
     </span>
    </p>

    <p class='ocr_par' dir='ltr' id='par_1_15' title="bbox 297 4213 1543 4608">
     <span class='ocr_line' id='line_1_34' title="bbox 347 4213 1518 4301; baseline 0.003 -21"><span class='ocrx_word' id='word_1_256' title='bbox 347 4218 448 4301; x_wconf 84' lang='lat'><strong>[32.]¹</strong></span> <span class='ocrx_word' id='word_1_257' title='bbox 471 4220 507 4281; x_wconf 84' lang='lat' dir='ltr'><strong>Si</strong></span> <span class='ocrx_word' id='word_1_258' title='bbox 527 4220 634 4283; x_wconf 77' lang='lat' dir='ltr'><strong>infans</strong></span> <span class='ocrx_word' id='word_1_259' title='bbox 658 4220 720 4283; x_wconf 85' lang='lat' dir='ltr'><strong>bec</strong></span> <span class='ocrx_word' id='word_1_260' title='bbox 741 4220 843 4283; x_wconf 82' lang='lat' dir='ltr'><strong>Febre</strong></span> <span class='ocrx_word' id='word_1_261' title='bbox 868 4218 1002 4294; x_wconf 90' lang='lat' dir='ltr'><strong>laboret,</strong></span> <span class='ocrx_word' id='word_1_262' title='bbox 1024 4223 1096 4279; x_wconf 90' lang='lat' dir='ltr'><strong>tum</strong></span> <span class='ocrx_word' id='word_1_263' title='bbox 1120 4213 1287 4277; x_wconf 86' lang='lat' dir='ltr'><strong>hirudines</strong></span> <span class='ocrx_word' id='word_1_264' title='bbox 1312 4214 1518 4286; x_wconf 67' lang='lat' dir='ltr'><strong>duaernunta.</strong></span> 
     </span>
     <span class='ocr_line' id='line_1_35' title="bbox 298 4300 1550 4431; baseline -0.004 -48"><span class='ocrx_word' id='word_1_265' title='bbox 298 4320 451 4402; x_wconf 91' lang='lat' dir='ltr'><strong>utrinque</strong></span> <span class='ocrx_word' id='word_1_266' title='bbox 471 4340 555 4403; x_wconf 88' lang='lat' dir='ltr'><strong>pone</strong></span> <span class='ocrx_word' id='word_1_267' title='bbox 577 4340 670 4383; x_wconf 81' lang='lat' dir='ltr'><strong>aures</strong></span> <span class='ocrx_word' id='word_1_268' title='bbox 689 4320 909 4403; x_wconf 89' lang='lat' dir='ltr'><strong>applicentur,</strong></span> <span class='ocrx_word' id='word_1_269' title='bbox 932 4318 1008 4381; x_wconf 91' lang='lat' dir='ltr'><strong>dein</strong></span> <span class='ocrx_word' id='word_1_270' title='bbox 1027 4316 1237 4431; x_wconf 83' lang='lat' dir='ltr'><strong>emplastrum</strong></span> <span class='ocrx_word' id='word_1_271' title='bbox 1254 4316 1395 4399; x_wconf 82' lang='lat' dir='ltr'><strong>epispas·</strong></span> <span class='ocrx_word' id='word_1_272' title='bbox 1406 4300 1505 4413; x_wconf 44' lang='lat' dir='ltr'><strong>mh</strong></span> <span class='ocrx_word' id='word_1_273' title='bbox 1499 4303 1550 4425; x_wconf 52' lang='lat'><strong>¹2:</strong></span> 
     </span>
     <span class='ocr_line' id='line_1_36' title="bbox 297 4416 1518 4544; baseline -0.009 -57"><span class='ocrx_word' id='word_1_274' title='bbox 297 4422 400 4487; x_wconf 87' lang='lat' dir='ltr'><strong>ticum</strong></span> <span class='ocrx_word' id='word_1_275' title='bbox 414 4422 581 4505; x_wconf 88' lang='lat' dir='ltr'><strong>posteriori</strong></span> <span class='ocrx_word' id='word_1_276' title='bbox 597 4421 711 4485; x_wconf 88' lang='lat' dir='ltr'><strong>cervici</strong></span> <span class='ocrx_word' id='word_1_277' title='bbox 731 4421 956 4497; x_wconf 87' lang='lat' dir='ltr'><strong>admoveatur,</strong></span> <span class='ocrx_word' id='word_1_278' title='bbox 979 4439 1054 4482; x_wconf 88' lang='lat' dir='ltr'><strong>cum</strong></span> <span class='ocrx_word' id='word_1_279' title='bbox 1068 4416 1227 4495; x_wconf 85' lang='lat' dir='ltr'><strong>cerevisia,</strong></span> <span class='ocrx_word' id='word_1_280' title='bbox 1244 4439 1308 4501; x_wconf 89' lang='lat' dir='ltr'><strong>qua</strong></span> <span class='ocrx_word' id='word_1_281' title='bbox 1320 4418 1395 4482; x_wconf 78' lang='lat' dir='ltr'><strong>rba·</strong></span> <span class='ocrx_word' id='word_1_282' title='bbox 1406 4444 1518 4544; x_wconf 61' lang='lat' dir='ltr'><strong>quipe</strong></span> 
     </span>
     <span class='ocr_line' id='line_1_37' title="bbox 297 4495 1522 4608; baseline -0.003 -17"><span class='ocrx_word' id='word_1_283' title='bbox 297 4526 471 4591; x_wconf 90' lang='lat' dir='ltr'><strong>barbarum</strong></span> <span class='ocrx_word' id='word_1_284' title='bbox 484 4526 582 4590; x_wconf 86' lang='lat' dir='ltr'><strong>fuerit</strong></span> <span class='ocrx_word' id='word_1_285' title='bbox 596 4524 740 4588; x_wconf 84' lang='lat' dir='ltr'><strong>infirsum</strong></span> <span class='ocrx_word' id='word_1_286' title='bbox 741 4530 928 4608; x_wconf 86' lang='lat' dir='ltr'><strong>,purgetur</strong></span> <span class='ocrx_word' id='word_1_287' title='bbox 974 4521 1010 4584; x_wconf 89' lang='lat' dir='ltr'><strong>Si</strong></span> <span class='ocrx_word' id='word_1_288' title='bbox 1025 4528 1097 4603; x_wconf 82' lang='lat' dir='ltr'><strong>post</strong></span> <span class='ocrx_word' id='word_1_289' title='bbox 1107 4520 1269 4585; x_wconf 85' lang='lat' dir='ltr'><strong>eatbarsin</strong></span> <span class='ocrx_word' id='word_1_290' title='bbox 1283 4495 1522 4607; x_wconf 66' lang='lat' dir='ltr'><strong>1⁴*ebris‘¹&#39;„„„1{&#39;cu</strong></span> 
     </span>
    </p>
   </div>
   <div class='ocr_carea' id='block_1_5' title="bbox 298 4622 1394 4712">
    <p class='ocr_par' dir='ltr' id='par_1_16' title="bbox 298 4622 1394 4712">
     <span class='ocr_line' id='line_1_38' title="bbox 298 4622 1394 4712; baseline -0.002 -19"><span class='ocrx_word' id='word_1_291' title='bbox 298 4630 513 4695; x_wconf 87' lang='lat' dir='ltr'><strong>intermittere</strong></span> <span class='ocrx_word' id='word_1_292' title='bbox 527 4629 683 4705; x_wconf 88' lang='lat' dir='ltr'><strong>videatur,</strong></span> <span class='ocrx_word' id='word_1_293' title='bbox 697 4634 770 4691; x_wconf 90' lang='lat' dir='ltr'><strong>tum</strong></span> <span class='ocrx_word' id='word_1_294' title='bbox 786 4626 972 4712; x_wconf 73' lang='lat' dir='ltr'><strong>julapium¹”</strong></span> <span class='ocrx_word' id='word_1_295' title='bbox 986 4644 1062 4689; x_wconf 89' lang='lat' dir='ltr'><strong>cum</strong></span> <span class='ocrx_word' id='word_1_296' title='bbox 1081 4622 1198 4689; x_wconf 89' lang='lat' dir='ltr'><strong>cortice</strong></span> <span class='ocrx_word' id='word_1_297' title='bbox 1213 4624 1394 4691; x_wconf 86' lang='lat' dir='ltr'><strong>Peruviano</strong></span> 
     </span>
    </p>
   </div>
   <div class='ocr_carea' id='block_1_6' title="bbox 331 4752 1332 4883">
    <p class='ocr_par' dir='ltr' id='par_1_17' title="bbox 331 4752 1332 4883">
     <span class='ocr_line' id='line_1_39' title="bbox 331 4752 1332 4810; baseline -0.003 -5"><span class='ocrx_word' id='word_1_298' title='bbox 331 4754 346 4793; x_wconf 77' lang='lat'><strong>¹¹</strong></span> <span class='ocrx_word' id='word_1_299' title='bbox 364 4758 402 4805; x_wconf 80' lang='lat' dir='ltr'><strong>ct</strong></span> <span class='ocrx_word' id='word_1_300' title='bbox 414 4758 483 4805; x_wconf 77' lang='lat' dir='ltr'><strong>form.</strong></span> <span class='ocrx_word' id='word_1_301' title='bbox 498 4758 552 4805; x_wconf 87' lang='grc'><strong>160.</strong></span> <span class='ocrx_word' id='word_1_302' title='bbox 1030 4758 1048 4782; x_wconf 81' lang='lat'><strong>¹¹</strong></span> <span class='ocrx_word' id='word_1_303' title='bbox 1066 4752 1104 4800; x_wconf 75' lang='lat' dir='ltr'><strong>Cf.</strong></span> <span class='ocrx_word' id='word_1_304' title='bbox 1115 4752 1211 4803; x_wconf 78' lang='lat' dir='ltr'><strong>sermm.</strong></span> <span class='ocrx_word' id='word_1_305' title='bbox 1223 4754 1263 4810; x_wconf 78' lang='grc'><strong>52,</strong></span> <span class='ocrx_word' id='word_1_306' title='bbox 1276 4756 1332 4803; x_wconf 79' lang='grc'><strong>155.</strong></span> 
     </span>
     <span class='ocr_line' id='line_1_40' title="bbox 331 4819 951 4883; baseline -0.005 -14"><span class='ocrx_word' id='word_1_307' title='bbox 331 4819 337 4852; x_wconf 88' lang='lat'><strong>¹</strong></span> <span class='ocrx_word' id='word_1_308' title='bbox 355 4823 431 4871; x_wconf 87' lang='lat' dir='ltr'><strong>Deest</strong></span> <span class='ocrx_word' id='word_1_309' title='bbox 441 4825 452 4883; x_wconf 70' lang='lat' dir='ltr'><strong>t</strong></span> <span class='ocrx_word' id='word_1_310' title='bbox 465 4824 496 4871; x_wconf 81' lang='lat'><strong>32</strong></span> <span class='ocrx_word' id='word_1_311' title='bbox 507 4822 532 4869; x_wconf 88' lang='lat' dir='ltr'><strong>in</strong></span> <span class='ocrx_word' id='word_1_312' title='bbox 544 4822 581 4871; x_wconf 87' lang='lat' dir='ltr'><strong>ed.</strong></span> <span class='ocrx_word' id='word_1_313' title='bbox 592 4822 641 4869; x_wconf 80' lang='lat'><strong>¹86.</strong></span> <span class='ocrx_word' id='word_1_314' title='bbox 677 4821 714 4868; x_wconf 83' lang='lat' dir='ltr'><strong>Cf.</strong></span> <span class='ocrx_word' id='word_1_315' title='bbox 726 4823 829 4869; x_wconf 70' lang='lat' dir='ltr'><strong>Proceri.</strong></span> <span class='ocrx_word' id='word_1_316' title='bbox 839 4821 885 4869; x_wconf 81' lang='grc' dir='ltr'>Ιιιι.</span> <span class='ocrx_word' id='word_1_317' title='bbox 895 4836 915 4869; x_wconf 83' lang='grc' dir='ltr'><strong>ι.</strong></span> <span class='ocrx_word' id='word_1_318' title='bbox 928 4822 951 4868; x_wconf 88' lang='grc'><strong>6.</strong></span> 
     </span>
    </p>
   </div>
   <div class='ocr_carea' id='block_1_7' title="bbox 0 0 1918 5759">
    <p class='ocr_par' dir='ltr' id='par_1_18' title="bbox 0 0 1918 5759">
     <span class='ocr_line' id='line_1_41' title="bbox 0 0 1918 5759; baseline 0 0"><span class='ocrx_word' id='word_1_319' title='bbox 0 0 1918 5759; x_wconf 95' lang='lat' dir='ltr'><strong> </strong></span> 
     </span>
    </p>
   </div>
  </div>
 </body>
</html>
