3825 5759
602 636 859 702 PROCESSUS
882 638 1084 705 INTEGRI.
1329 644 1394 708 599

726 923 822 987 ΟΑΡ.
847 924 969 988 ΧΙΝΙ.

737 1086 787 1148 De
804 1086 953 1149 Chlorosi.

339 1221 481 1283 Ansour
490 1220 600 1284 vultus
614 1227 647 1284 et
661 1220 763 1284 totius
778 1220 917 1303 corporis
929 1220 1133 1299 decoloratio,
1145 1222 1395 1287 intumescentia
1408 1239 1488 1288 Morbi
1499 1243 1541 1290 de-

295 1317 331 1381 in
350 1320 441 1399 facie,
456 1322 616 1405 palpebris
638 1328 671 1386 et
692 1323 858 1400 malleolis,
874 1323 1012 1405 gravitas
1035 1323 1135 1387 totius
1157 1325 1306 1406 corporis,
1323 1346 1394 1389 cru·
1407 1306 1513 1368 seraptis.

295 1445 370 1487 rum
396 1447 434 1489 ac
456 1427 575 1509 pedum
600 1428 726 1491 tensiva
746 1426 912 1505 lassitudo,
933 1426 1102 1510 respiratio
1123 1427 1267 1506 difficilis,
1291 1430 1395 1493 cordis

295 1526 473 1608 palpitatio,
500 1529 613 1611 capitis
639 1529 739 1607 dolor,
762 1528 875 1611 pulsus
902 1528 1035 1608 febrilis,
1062 1529 1285 1608 somnolentia,
1312 1530 1393 1613 pica,
1507 1522 1510 1529 ’

296 1636 330 1691 et
344 1630 506 1693 mensium
521 1632 711 1714 suppressio.

341 1731 457 1795 Sumat
478 1733 594 1816 pilulas
616 1733 831 1817 chalybeatas,
852 1733 904 1796 vel
923 1732 1089 1816 pulverem
1111 1732 1336 1813 chalybeatum
1359 1733 1395 1797 in
1408 1747 1539 1794 eunius.

295 1834 467 1915 Affectione
492 1836 661 1917 Hysterica
684 1834 927 1919 praescriptum,
952 1836 1026 1919 plus
1052 1836 1161 1898 minus
1185 1856 1243 1919 pro
1268 1835 1395 1900 rationo

296 1936 420 2014 aetatis,
436 1937 673 2021 superbibeudo
691 1937 846 2001 haustum
860 1937 927 2000 vini
947 1936 1119 2021 cujuslibet
1134 1936 1176 2000 ad
1189 1936 1330 2015 libitum,
1346 1938 1396 2000 vcl

295 2037 490 2102 infirsioncm
512 2039 772 2104 corroborantem
794 2058 870 2103 cnm
888 2039 996 2103 radica
1019 2039 1181 2121 angelicae
1198 2039 1320 2103 ibidem
1341 2040 1395 2103 de·-

295 2140 457 2223 scriptam.
486 2141 569 2225 [sup.
582 2162 609 2204 c.
623 2140 669 2226 1.]
720 2140 757 2203 Si
771 2163 866 2224 aegra
878 2162 947 2205 non
962 2142 1054 2205 valde
1069 2142 1182 2206 debilis
1196 2142 1304 2221 fuerit,
1319 2163 1395 2225 pur-

296 2249 392 2325 getur
406 2244 505 2308 semel
518 2244 569 2308 vel
582 2243 633 2307 bis
648 2250 725 2308 ante
739 2243 1011 2328 praescriptorum
1025 2264 1131 2309 usum.

715 2482 812 2545 cAP.
835 2482 978 2545 xhvrl.

611 2642 662 2703 De
676 2641 898 2721 Sapprcssimrc
911 2642 1079 2704 Messalam.

338 2776 457 2840 C1anu
472 2772 643 2838 fastidiunt
655 2774 861 2837 mulierculae
869 2799 880 2851 3
900 2773 1013 2837 foedus
1023 2772 1117 2837 faciei
1131 2774 1218 2837 color
1232 2779 1282 2836 est
1290 2798 1300 2851 3
1322 2795 1394 2856 gra-
1407 2787 1489 2865 Mars}
1500 2791 1542 2840 de·

294 2879 376 2941 vitas
390 2877 491 2941 totius
506 2875 645 2959 corporis
653 2901 664 2953 3
688 2874 812 2938 dolores
827 2875 993 2958 sincipitis,
1008 2874 1203 2953 lumborum,
1215 2896 1346 2939 crurum
1361 2882 1394 2940 et
1407 2856 1513 2917 ⁸⁶¹¹P‘m

294 2981 353 3044 imi
367 2979 488 3044 ventris
495 3005 506 3057 3
528 2976 649 3062 pedum
663 2985 806 3041 tumores
820 2978 988 3041 infestant.

337 3084 462 3147 Eadem
485 3080 731 3165 praescribenda
759 3102 797 3144 ao
821 3081 858 3144 iu
882 3080 1043 3164 hystorias
1068 3080 1272 3158 affectione⁸3
1303 3088 1337 3144 at
1367 3081 1394 3145 si
1407 3102 1538 3153 cusano.

294 3187 409 3251 iisdem
431 3185 581 3250 remediis
604 3184 739 3248 affectus
764 3205 832 3249 non
861 3184 1000 3263 cesserit,
1027 3190 1099 3247 tum
1125 3184 1293 3267 sequentia
1316 3193 1393 3249 sunt

295 3288 541 3373 praescribenda
551 3313 603 3351 :-

340 3390 484 3472 Singulis
495 3390 627 3467 auroris,
643 3395 676 3453 et
691 3396 807 3473 quarta
819 3387 1050 3472 pomeridiana,
1067 3394 1173 3451 sumat
1185 3388 1206 3451 J
1207 3386 1306 3471 ulapii
1323 3388 1392 3472 Hy-

296 3492 422 3556 stericib
440 3492 511 3555 sine
526 3497 669 3555 castoreo
683 3491 862 3555 cochlearia
876 3491 1028 3574 quinque,
1051 3490 1238 3555 instillando
1264 3489 1394 3573 spiritus

294 3614 397 3657 cornu
415 3593 500 3657 cervi
519 3599 628 3675 guttas
647 3592 827 3656 duodecim.
873 3593 1017 3675 Singulis
1038 3592 1189 3656 noctibus
1209 3598 1316 3655 sumat
1338 3613 1392 3655 cu·

294 3694 401 3758 bitum
418 3695 506 3758 itura
524 3694 757 3758 trochiscorum
776 3694 817 3757 de
836 3693 970 3777 myrrha
988 3694 1175 3777 scrupulum
1193 3713 1297 3756 unum
1319 3712 1393 3756 cum

296 3818 413 3881 sympo
428 3797 469 3861 de
484 3796 647 3862 artemisia
659 3796 695 3860 in
709 3797 846 3860 formam
860 3795 926 3859 boli
940 3795 992 3858 vel
1005 3795 1178 3879 pilularum
1193 3794 1369 3888 redactum.

693 4081 790 4145 CAP.
813 4078 991 4143 XLVIII.e

434 4242 484 4305 De
504 4243 626 4306 Vomita
641 4242 820 4322 Soapuiais,
835 4241 884 4301 cel
896 4240 990 4301 etiam
1005 4238 1043 4300 da
1056 4237 1251 4317 Hoemoptoe'.

336 4376 380 4441 Iu
404 4376 607 4459 Haemoptoe
623 4374 761 4439 doloret
783 4374 869 4439 calor
882 4378 995 4457 pectus
1010 4371 1168 4449 obsident,
1184 4392 1259 4435 cum
1279 4370 1390 4435 debili-

293 4478 588 4663 utfilullliztur
602 4578 733 4660 sanguis
753 4599 791 4641 ex
808 4576 939 4641 brachio
954 4576 1067 4639 dextro
1082 4574 1124 4639 ad
1138 4574 1249 4638 uncias
1269 4574 1389 4639 decem.
1404 4597 1534 4645 comm,

295 4682 452 4765 Sequenti
471 4702 568 4746 mane
587 4686 694 4745 sumat
709 4680 880 4744 Potionem
894 4678 1103 4762 Purgativam
1118 4676 1343 4755 Communem,
1358 4683 1391 4741 ct

326 4813 340 4842 ⁸
358 4808 396 4857 cf.
409 4824 463 4871 sup.
475 4825 495 4857 c.
509 4812 529 4859 l.
654 4803 669 4841 b
686 4808 724 4856 Cf.
736 4807 805 4858 form.
821 4808 875 4856 138.
991 4812 1003 4840 ⁰
1024 4804 1061 4853 Οἱ
1077 4807 1167 4855 obsera.
1181 4806 1244 4853 Med.
1257 4805 1288 4853 vi.
1301 4803 1322 4855 7.
1335 4804 1358 4852 9.
