3825 5759
238 970 240 973 .
324 909 368 972 ad
374 908 554 990 pictoriam.

706 640 967 705 runcandus
992 640 1039 703 11.
1358 641 1424 703 463

323 808 442 887 scripta
458 810 541 881 sual,
563 804 663 867 minua
685 822 791 867 cenea
813 802 857 867 acl
877 808 976 867 erlem
994 802 1152 865 Medicam
1173 807 1314 882 spectare
1330 822 1423 883 qaum
1453 817 1495 865 ne
1507 818 1564 867 ur-

1463 896 1559 933 naon.

372 1009 455 1094 [20.]
474 1010 632 1073 Attamen
646 1008 699 1087 (ne
713 1006 763 1071 vel
777 1006 914 1073 Divinus
925 1006 978 1071 hic
988 1006 1118 1073 Antbor
1132 1008 1247 1072 erroris
1261 1008 1423 1073 ullatenus
1437 1022 1520 1098 uuam
1531 1038 1573 1071 eu-

323 1112 539 1190 insimuletur,
554 1110 604 1173 vel
626 1131 665 1175 ex
684 1110 745 1174 boc
764 1110 834 1173 loco
852 1109 996 1193 empirici
1010 1110 1211 1191 ignorantiae
1225 1132 1302 1176 suae
1316 1124 1423 1195 patro-
1435 1103 1564 1214 ffiffif

324 1219 448 1283 ciuium
471 1216 650 1299 quaerant)
676 1221 785 1299 aperte
807 1214 922 1292 dicam,
942 1236 1005 1292 me,
1029 1224 1188 1298 quant-um
1210 1216 1552 1291 attentissimamuissn·

326 1318 521 1403 cogitatione
543 1338 643 1401 eaque
666 1317 707 1383 ad
728 1318 843 1401 praxiu
868 1318 961 1400 (quae
983 1318 1182 1382 Medicinam
1202 1322 1424 1403 profitentium
1436 1287 1568 1393 ppppquet

326 1422 407 1505 lapis
427 1419 551 1505 Lydius
569 1419 682 1484 baberi
705 1420 822 1502 debet,)
845 1419 947 1483 relata
966 1420 1092 1503 assequi
1108 1422 1241 1500 valeam,
1259 1431 1424 1506 uteunque
1436 1410 1583 1530 ffigqffm

326 1523 519 1601 existimare,
535 1523 620 1607 quod
639 1543 768 1587 neeesse
790 1522 923 1587 omnino
944 1521 987 1585 sit
1008 1528 1046 1586 ut
1061 1522 1210 1587 Medicus
1231 1531 1426 1589 structuram

326 1626 462 1689 humani
491 1625 630 1708 corporis
655 1624 754 1709 probe
780 1624 903 1703 calleat,
927 1646 991 1708 quo
1014 1626 1134 1689 rectius
1158 1648 1248 1691 veras
1275 1628 1364 1691 ideas
1393 1636 1426 1692 et

328 1729 474 1793 Naturae
492 1734 525 1791 et
545 1748 714 1791 causarum
730 1727 932 1810 quorundam
952 1728 1138 1793 morborum
1158 1729 1267 1793 animo
1281 1731 1426 1814 concipe-

327 1851 418 1895 reae
439 1830 578 1895 formare
593 1836 706 1913 queat:
729 1850 833 1912 neque
855 1830 942 1894 enim
961 1830 1031 1893 fieri
1056 1838 1172 1915 potest,
1188 1833 1298 1915 utqui
1311 1854 1427 1897 renum

326 1932 481 1997 fabricam
495 1932 623 2015 ignorat
638 1931 859 2014 ductuumque
873 1932 989 1997 exinde
1004 1933 1046 1996 ad
1059 1934 1197 1997 vesicam
1210 1935 1426 2013 tendentium,

327 2034 485 2119 conjicere
498 2034 599 2117 possit
613 2033 701 2099 unde
716 2033 862 2097 oriantur
876 2040 1092 2118 symptomata
1105 2035 1162 2099 illa
1176 2057 1257 2118 quae
1272 2058 1292 2100 a
1305 2036 1428 2100 calculo

327 2138 377 2202 vel
396 2138 431 2203 in
452 2138 570 2221 pelvim
590 2138 638 2203 vel
659 2138 695 2201 in
716 2144 858 2201 ureteras
881 2138 977 2203 altius
997 2138 1137 2223 impacto
1157 2142 1311 2224 pendent.
1356 2142 1427 2205 Nec

328 2239 436 2303 minus
446 2239 641 2321 Chirurgum
650 2246 776 2321 oportet
787 2239 923 2305 eandem
934 2238 1069 2305 humani
1080 2243 1220 2325 corporis
1231 2250 1426 2308 structuram
1439 2263 1493 2305 tum
1506 2257 1566 2305 chi-

329 2342 516 2425 perdiscere,
532 2363 595 2424 quo
612 2341 726 2405 melius
746 2341 833 2405 inter
850 2343 1048 2425 operandum
1065 2344 1160 2407 abiis
1174 2347 1257 2409 vasis
1275 2346 1340 2409 sive
1357 2346 1427 2409 aliis
1439 2337 1571 2433 {23:22⁹

329 2444 474 2529 partibus
489 2443 657 2523 abstineat,
674 2465 765 2527 quae,
781 2444 808 2507 si
822 2444 992 2526 violentur,
1009 2468 1105 2530 aegro
1122 2448 1257 2512 exitium
1272 2450 1408 2512 afferant
1419 2474 1425 2513 :
1438 2456 1482 2500 θεῖ-

330 2547 387 2611 sed
405 2568 464 2611 nec
482 2567 554 2611 ossa
573 2546 728 2611 dislocata
752 2546 791 2609 ad
813 2547 913 2611 situm
931 2550 1114 2613 naturalem
1133 2558 1220 2614 recte
1238 2551 1358 2634 poterit
1377 2571 1427 2615 re·

330 2649 456 2729 ducere,
474 2648 538 2713 nisi
559 2668 630 2713 eam
650 2647 770 2711 ossium
790 2668 989 2732 compagem,
1006 2652 1139 2714 arelaten
1157 2652 1287 2729 dictam,
1305 2652 1429 2716 mnicse

330 2752 513 2837 inspexerit,
530 2756 626 2831 atque
641 2748 749 2813 animo
764 2750 1051 2832 comprehenderit.

379 2853 462 2938 [2l.]
492 2850 688 2937 Hujusmodi
709 2850 819 2932 itaque
838 2850 973 2917 humani
995 2853 1136 2934 corporis
1157 2854 1275 2918 notitia
1296 2855 1428 2922 omnino

330 2956 509 3022 necessaria
526 2962 584 3035 est,
601 2974 699 3037 quam
719 2952 775 3035 qui
792 2975 859 3017 non
876 2952 984 3031 babet,
1002 2974 1078 3017 cum
1100 2954 1292 3036 quibusdam
1309 2956 1429 3021 morbis

331 3056 575 3125 andabatarum*
599 3054 697 3139 (quod
717 3055 831 3137 aiunt)
853 3075 936 3119 more
949 3054 1113 3137 papantis,
1133 3062 1191 3120 ant
1210 3057 1279 3120 sinc
1298 3059 1430 3123 nautica

330 3163 447 3247 pyxide
468 3160 609 3226 tentabit
629 3178 728 3221 mare.
773 3157 873 3221 Porro
895 3157 975 3221 haec
994 3157 1129 3221 scientia
1147 3166 1180 3223 et
1200 3160 1265 3223 cito
1284 3168 1317 3224 et
1336 3161 1429 3225 facile

330 3264 517 3349 acquiritur,
539 3284 614 3327 curn
635 3260 670 3323 id
695 3281 771 3343 prae
793 3261 926 3325 caeteris
948 3260 1178 3327 difficilioribus
1203 3262 1322 3328 habeat
1343 3285 1429 3329 com-

330 3367 450 3451 pendii,
475 3365 560 3448 quod
586 3360 730 3449 αὐτοψίᾳ
750 3363 785 3427 iu
811 3363 1016 3429 cadaveribus
1037 3365 1088 3429 vel
1112 3365 1263 3430 humanis
1285 3368 1336 3431 vel
1360 3368 1429 3431 ani-

331 3470 465 3535 malium
492 3466 709 3551 quorumlibet
730 3467 938 3550 perducatur,
961 3467 1058 3551 idque
1080 3470 1171 3533 nuflo
1195 3469 1263 3533 lere
1287 3472 1564 3556 negotiaremur.

332 3573 432 3637 etiarn
446 3571 486 3637 ab
501 3572 541 3635 iis
553 3572 609 3655 qni
623 3578 732 3635 mente
748 3592 784 3635 nc
795 3572 917 3655 judicio
931 3572 1040 3636 minus
1050 3574 1168 3639 valent.
1206 3575 1430 3643 Veruntamen
1442 3560 1564 3683 fflfi'

332 3678 369 3741 in
390 3674 492 3739 acutis
515 3674 720 3759 quibuslibet,
743 3675 840 3759 (quod
863 3674 977 3759 genus¹
998 3677 1071 3760 plus
1095 3700 1193 3761 quam
1215 3679 1295 3745 duas
1316 3683 1430 3746 tertias
1443 3690 1565 3738 chronici·

332 3779 519 3844 morborum
543 3784 650 3862 partes
676 3779 939 3862 comprehendit)
969 3786 1067 3863 atque
1091 3803 1187 3865 porro
1212 3784 1248 3847 in
1273 3784 1431 3849 chronicis
1443 3754 1558 3882 ,ffifig

332 3885 501 3968 plerisque,
513 3882 646 3947 omnino
657 3881 826 3947 fatendum
836 3890 886 3947 est
898 3879 929 3946 τὶ
946 3882 1042 3947 Θεῖον
1048 3884 1164 3964 inesse,
1176 3886 1241 3951 sive
1252 3889 1431 3971 specificam
1444 3886 1563 3959 quaeum

333 3987 562 4069 proprietatem
587 3984 737 4067 aliquam,
761 4006 857 4069 quam
880 3985 971 4049 nulla
994 4008 1139 4070 unquam
1161 3990 1390 4072 contemplatio
1411 3956 1571 4073 cillialid

334 4090 550 4174 speculatione
569 4089 709 4173 eorporis
728 4088 864 4153 humani
884 4087 1024 4153 deducta
1043 4098 1140 4172 queat
1159 4090 1313 4173 indagare
1333 4100 1430 4174 atque
1442 4076 1577 4200 ζξᾷξζξζζ,

333 4192 370 4255 in
383 4193 489 4259 lucem
508 4192 704 4277 protrahere.
750 4188 979 4267 Quamobrem,
995 4212 1038 4253 ne
1054 4191 1102 4253 ita
1118 4191 1264 4255 homines
1283 4193 1320 4255 in
1336 4193 1428 4256 cada-
1441 4202 1578 4277 temptatio-

334 4316 445 4359 verum
462 4294 653 4360 dissectione
670 4292 874 4376 praecipuam
891 4290 1035 4355 locarent
1049 4312 1189 4373 operam,
1203 4299 1360 4376 tanquam
1377 4315 1430 4358 ex·
1442 4266 1594 4378 fflffloem

335 4398 411 4463 inde
425 4399 532 4483 potius
551 4418 647 4481 quam
662 4416 701 4459 ex
716 4391 912 4479 φαινομένων
928 4394 1135 4470 naturalium,
1150 4400 1189 4456 ut
1203 4402 1236 4457 et
1247 4396 1433 4478 juvantium
1446 4410 1587 4487 uenantu-

336 4508 369 4565 et
394 4502 602 4577 laedentium,
627 4496 775 4581 diligenti
801 4494 1022 4559 observatione
1044 4497 1223 4579 promoveri
1247 4500 1348 4581 possit
1370 4475 1587 4602 Arsfflssffl'

337 4602 467 4667 Medica
474 4628 484 4682 ;
507 4601 542 4667 id
556 4600 703 4686 (opinonl
717 4605 755 4663 ut
766 4595 905 4661 maxime
916 4597 1019 4661 caveri
1029 4597 1065 4661 in
1079 4598 1149 4662 loco
1160 4599 1323 4683 praedicto
1333 4604 1435 4668 voluit
1446 4605 1520 4733 313⁰
1513 4619 1573 4716 tg-

371 4767 482 4819 laneae.
495 4787 554 4819 more
563 4768 649 4833 paga]
663 4770 700 4818 ie.
713 4770 797 4817 chawis
813 4783 866 4816 oea·
944 4761 951 4799 ¹
970 4766 1007 4816 Cf.
1022 4770 1114 4815 ollem.
1131 4768 1194 4817 elea
1213 4769 1341 4829 v'at.10;
1359 4776 1436 4834 Epist.

339 4838 375 4883 lla
412 4835 449 4883 Cf.
462 4835 559 4883 Erasmi
572 4838 649 4897 Δάας.
661 4834 684 4883 ii.
698 4836 720 4883 4.
729 4835 768 4882 83.
911 4832 1020 4893 Rupere.
1033 4834 1053 4882 1.
1067 4836 1079 4892 l
1092 4833 1140 4887 δὴ
1158 4835 1256 4882 maere.
1269 4838 1345 4897 Epist.
1356 4840 1369 4897 l
1381 4839 1420 4885 69.
