3825 5759
544 637 594 701 18
839 633 1035 700 'l'HOMAll
1057 632 1321 699 SYDENHAM

390 816 432 865 Dr
445 816 513 864 Pon-
533 800 602 885 jam
615 796 655 861 iis
673 794 856 879 digerendis
872 816 966 878 pares
982 800 1070 857 sunt.
1115 794 1234 879 Neque
1249 802 1362 861 tamen
1380 795 1468 860 dictu
1480 796 1659 860 voracitas

381 895 570 964 ,ΛΨ-οι
590 896 752 961 liberalior
776 896 921 961 ciborum
942 896 1083 979 ingestio
1103 896 1152 961 ita
1171 898 1359 981 fiequenter
1384 898 1473 980 (lieet
1493 898 1531 961 id
1550 898 1658 961 baud
1741 945 1742 948 ,

535 1019 609 1065 raro
627 996 823 1081 contigerit)
845 998 1012 1081 Podagmc
1026 998 1113 1062 viam
1131 1001 1254 1078 stravit,
1273 1021 1312 1064 ac
1329 1021 1449 1064 vesana
1469 1008 1504 1065 et
1522 1001 1654 1065 immo-

537 1100 676 1167 deratior
699 1100 767 1164 vini
791 1100 996 1183 compotatio,
1018 1100 1107 1165 unde
1131 1100 1293 1167 fermenta
1316 1102 1518 1167 coctiombua
1542 1105 1653 1167 variis

537 1205 645 1271 dicata
661 1204 790 1287 penitus
809 1210 1070 1287 prosternuntur,
1088 1204 1342 1288 praecipitantur
1358 1206 1447 1289 ipsae
1465 1206 1649 1283 coctiones,

537 1314 572 1373 et
593 1306 724 1391 spiritus
745 1306 910 1371 naturales
932 1305 973 1369 ab
994 1306 1157 1371 halitnum
1179 1307 1429 1373 adventitiorum
1449 1309 1542 1393 copia
1562 1309 1648 1373 sub-

534 1412 694 1495 jugantur
719 1409 1022 1493 dispergunturque.
1067 1410 1143 1472 Jam
1168 1429 1243 1473 vero
1268 1431 1344 1473 cum
1367 1431 1436 1473 uno
1460 1410 1647 1493 eodemque

537 1520 683 1596 tempore
700 1518 734 1575 et
749 1511 920 1595 spirituum
940 1511 1009 1594 (qui
1025 1512 1178 1576 coctionis
1197 1512 1416 1577 instrumenta
1432 1514 1533 1595 snnt,)
1548 1513 1647 1595 vigor

537 1615 760 1694 imminuatur,
783 1620 880 1697 atque
900 1614 1034 1697 insuper
1053 1613 1170 1697 ingens
1194 1614 1370 1679 humorum
1391 1616 1544 1679 colluvies
1565 1637 1644 1679 san-

540 1716 673 1800 guinem
691 1715 861 1800 opprimat,
881 1714 1015 1778 omnino
1032 1736 1162 1781 necesse
1181 1723 1231 1780 cst
1252 1724 1291 1781 ut
1310 1717 1458 1801 ringulae
1477 1716 1644 1783 coctiones

538 1819 629 1883 haud
655 1819 718 1883 rite
742 1824 949 1903 peragantur,
972 1817 1051 1881 dum
1074 1818 1123 1884 ita
1145 1818 1330 1885 obruuntur
1353 1820 1484 1903 ringula
1507 1822 1643 1899 macera,

539 1920 628 1985 unde
657 1921 787 2004 spiritus
811 1920 939 2003 jamdiu
966 1920 1152 1985 fatiscentes
1179 1943 1269 1986 nunc
1295 1922 1395 1987 etiam
1420 1922 1642 1987 suffocantur:

538 2044 618 2086 nam
646 2023 675 2085 si
699 2044 720 2087 a
744 2022 812 2086 sola
840 2022 1014 2105 spirituum
1043 2022 1209 2088 debilitate
1232 2023 1389 2108 penderet
1412 2024 1467 2089 hic
1495 2025 1643 2103 morbus,

539 2124 691 2202 infantes,
723 2124 890 2202 foeminas,
920 2134 1019 2209 atque
1051 2147 1105 2191 eos
1138 2148 1218 2209 quos
1252 2126 1421 2211 aegritudo
1454 2128 1644 2193 diuturnior

538 2226 721 2303 maceravit,
741 2226 862 2309 pariter
883 2226 1068 2304 invaderet;
1090 2226 1250 2291 sumsere
1263 2228 1472 2293 virosissimos
1494 2249 1644 2312 quosque

538 2328 712 2407 adulicum,
731 2336 764 2393 ct
785 2329 1016 2395 robustissimis
1032 2337 1169 2395 naturae
1185 2331 1349 2415 principiis
1365 2331 1539 2415 praeditos,
1559 2354 1642 2416 quos

537 2438 649 2496 tamen
662 2452 730 2495 nou
745 2432 932 2516 aggreditur
947 2432 1050 2497 donec
1066 2418 1181 2497 caloris
1200 2441 1235 2499 et
1252 2434 1425 2517 spirituum
1438 2436 1641 2499 naturalium

539 2532 700 2597 defectum
717 2532 782 2597 sive
797 2532 1055 2611 declinationem,
1069 2534 1245 2599 humorum
1259 2557 1386 2619 quoque
1399 2537 1566 2619 congestio
1583 2558 1639 2601 er·

538 2633 646 2719 cipiet,
669 2655 689 2698 a
712 2634 829 2719 quibus
851 2634 948 2699 simul
969 2636 1093 2719 junctis
1115 2638 1338 2703 concoctiones
1359 2639 1491 2704 vitiatae
1510 2660 1637 2725 perver-

538 2746 665 2805 tuntur.

587 2844 671 2931 [19.]
698 2844 807 2923 Porro,
829 2851 868 2909 ut
897 2864 1067 2908 cansarum
1096 2865 1176 2929 quas
1204 2844 1462 2909 enumeravimus
1489 2842 1633 2925 singulae

537 2950 790 3035 indigestionem
820 2954 1056 3031 promoverant,
1084 2946 1133 3010 ita
1165 2967 1277 3011 eurum
1309 2946 1481 3030 pleraeque
1510 2943 1635 3009 laxitati

537 3052 668 3117 habitus
690 3058 725 3117 st
744 3049 964 3113 musculorum
988 3047 1129 3131 corporis
1149 3048 1370 3131 procurandae
1391 3049 1541 3114 nonnihil
1560 3069 1635 3111 con-

537 3156 690 3232 tulerant,
713 3152 802 3217 unde
822 3160 916 3237 porta
940 3152 1048 3216 crudis
1068 3150 1301 3235 indigestiaque
1324 3150 1515 3215 humoribus
1535 3150 1635 3213 intro·

537 3256 705 3322 mittendis
730 3254 893 3338 panditur,
916 3253 1042 3336 quotics
1066 3253 1120 3316 isti
1143 3252 1185 3316 ad
1209 3251 1367 3316 exteriora
1389 3250 1634 3335 protrudentur.

539 3358 675 3424 Quoties
689 3356 777 3420 euim
787 3355 824 3418 in
838 3352 997 3435 sanguine
1011 3352 1133 3416 diutius
1144 3350 1344 3415 stabulantes
1357 3357 1426 3415 tarn
1440 3350 1525 3414 mole
1539 3372 1635 3432 quam

536 3480 635 3543 prava
654 3457 791 3521 diathesi
812 3456 911 3520 macti
931 3454 1062 3532 fixerint,
1082 3454 1217 3518 tandem
1237 3454 1376 3518 calorem
1397 3459 1634 3536 putrescentem

538 3561 728 3643 acquirunt;
751 3564 879 3621 etcum
899 3576 968 3619 non
985 3554 1122 3637 amplius
1143 3576 1163 3617 a
1179 3553 1310 3617 Natura
1327 3552 1396 3634 regi
1415 3553 1549 3636 possint,
1563 3574 1632 3637 pro·

537 3666 695 3744 rumpunt
715 3658 752 3721 in
774 3658 921 3741 speciem,
941 3663 975 3720 et
992 3657 1028 3720 in
1051 3656 1203 3721 articulos
1225 3656 1393 3740 depluunt,
1413 3656 1518 3720 calore
1540 3664 1631 3741 atque

538 3759 687 3825 amediue
701 3757 826 3823 dolores
844 3757 1108 3843 exquisitissimos
1124 3760 1161 3822 in
1174 3758 1359 3841 ligamentis
1376 3758 1629 3842 membrauiaque

537 3882 611 3927 ossa
635 3860 882 3943 contegentibus
906 3859 1103 3939 excitantes,
1140 3883 1222 3944 quae
1246 3862 1298 3925 vel
1318 3884 1339 3925 a
1363 3861 1462 3940 senio,
1484 3863 1536 3927 vel
1556 3864 1632 3927 luxu

537 3974 635 4052 atque
654 3963 903 4049 intemperantia
923 3964 1117 4029 labefactata
1137 3964 1317 4049 laxataque,
1332 3964 1425 4031 facilc
1446 3965 1631 4031 humoribus

537 4072 696 4157 impetum
714 4066 906 4134 facientibus
923 4067 1031 4131 locum
1050 4065 1242 4131 concedunt.
1289 4066 1353 4131 Hic
1370 4088 1445 4131 vero
1462 4067 1628 4132 humorum

536 4173 718 4259 Podagram
729 4168 953 4255 generantium
964 4167 1141 4251 prolapsus,
1151 4167 1207 4251 qui
1215 4189 1442 4253 paroxysmum
1456 4168 1627 4245 constituit,

536 4278 638 4343 serius
660 4294 796 4361 ocyusve
821 4269 991 4354 contingit,
1014 4276 1111 4352 prout
1137 4292 1216 4335 ansa
1237 4270 1423 4354 hujusmodi
1446 4269 1629 4335 humoribus

536 4381 571 4445 iu
586 4386 713 4446 motum
727 4374 848 4443 ciendis
863 4374 940 4437 data
953 4370 1061 4435 fuerit.

586 4482 669 4565 [20]
697 4480 773 4544 Jam
791 4496 866 4541 vero
886 4473 1087 4539 mirationem
1107 4472 1194 4557 quod
1211 4480 1343 4559 spectat,
1362 4475 1412 4557 (ut
1431 4474 1536 4557 primo
1554 4494 1628 4558 quae

536 4590 615 4647 sunt
642 4578 821 4647 omittenda
846 4574 1066 4659 subiunuam,)
1090 4575 1175 4652 licet,
1198 4575 1226 4640 si
1250 4575 1402 4640 humores
1427 4575 1628 4659 respiciamus

535 4692 634 4767 atque
648 4678 897 4765 indigestionem
912 4679 1000 4745 unde
1013 4679 1070 4745 isti
1083 4677 1219 4744 trahunt
1233 4676 1402 4761 originem,
1413 4678 1519 4762 prima
1528 4678 1628 4743 fronte

535 4786 635 4853 videri
650 4782 748 4870 possit
763 4782 974 4849 indicationes
994 4782 1153 4847 curativas
1172 4779 1328 4863 imprimis
1343 4780 1385 4845 ad
1398 4781 1551 4844 humores
1565 4781 1627 4862 jam
