3825 5759
564 608 809 675 SOHEDULA
832 610 1099 677 MONI'FORIA
1121 614 1172 678 1.·
1344 617 1407 682 491

310 769 350 835 de
365 790 462 837 causa
472 782 532 855 ego
544 770 579 835 in
591 771 693 837 Febre
705 772 877 839 Comatosa
887 774 967 838 anni
979 774 1100 853 1673e,
1110 774 1325 841 catharticum
1334 797 1408 859 pro·
1422 790 1561 840 Dauom

308 874 420 957 pinara
435 896 502 939 non
517 896 623 954 atreus,
639 875 674 938 in
689 875 862 959 clysterum
883 896 946 941 usu
961 875 1185 957 subsistebam,
1200 882 1289 942 certo
1303 878 1407 942 sciens
1419 856 1555 969 Ῑξξζζζζυ

308 974 450 1039 remedia
474 977 648 1059 pungentia
671 997 708 1042 eo
733 984 879 1061 tempore
901 984 1066 1061 usurpata,
1089 979 1176 1045 illico
1200 987 1327 1045 comata
1350 980 1405 1045 ad·
1420 988 1569 1052 effi?

309 1073 456 1139 duxisse:
481 1077 566 1159 quod
580 1078 706 1143 fortean
721 1078 815 1143 aliter
828 1080 954 1145 evenire
965 1082 1132 1164 potuisset,
1144 1083 1173 1147 si
1186 1084 1409 1166 paregorieum

308 1186 501 1262 usurpatum
523 1178 622 1244 firisse
640 1185 713 1264 post
730 1181 830 1247 talem
848 1181 1013 1246 catharsin
1033 1182 1114 1247 mihi
1134 1183 1171 1247 in
1191 1192 1337 1248 mentem
1355 1205 1407 1249 ve-

308 1280 421 1345 nisset.
470 1282 530 1366 [9.]
559 1282 626 1347 Ubi
640 1304 714 1348 vero
728 1283 878 1367 purgatio
900 1283 1062 1349 celebrata
1078 1306 1146 1349 non
1159 1284 1268 1366 hient,
1282 1285 1408 1371 hypno·

308 1383 410 1449 ticum
435 1384 515 1449 hora
537 1385 642 1451 somni
665 1386 851 1451 nullatenus
872 1393 920 1453 est
938 1385 1199 1467 concedendum
1221 1406 1265 1453 ne
1286 1387 1407 1453 scilicet

309 1487 476 1553 cathartici
500 1488 653 1573 postridie
680 1488 882 1572 deglutiendi
908 1488 1126 1573 operationem
1152 1509 1189 1552 ac
1211 1488 1276 1551 vim
1308 1488 1412 1573 (quod

308 1588 379 1653 fieri
393 1589 484 1669 solet,
500 1591 707 1675 quantumvis
724 1612 795 1655 sero
810 1597 994 1655 assumatur
1006 1589 1110 1674 illud,)
1128 1590 1332 1670 sufflaminet,
1347 1592 1407 1671 vel,

308 1690 419 1756 sinon
435 1691 472 1755 in
487 1691 625 1756 solidum
643 1692 805 1771 retundat,
821 1691 995 1757 efficaciam
1011 1697 1123 1757 tamen
1136 1692 1320 1757 imminuat.
1365 1694 1408 1757 In

308 1792 369 1857 hac
384 1800 441 1857 aut
456 1794 518 1858 elia
533 1795 643 1878 quavis
655 1794 757 1859 Febre
768 1794 945 1879 epidemica
959 1800 1119 1859 statutum
1133 1794 1215 1859 mihi
1228 1801 1288 1873 est,
1300 1795 1408 1861 alvum

308 1914 376 1959 non
397 1896 528 1961 turbare
550 1896 586 1961 in
606 1896 764 1981 principio
786 1902 912 1961 statuve
934 1894 1049 1975 morbi,
1069 1894 1133 1959 nisi
1151 1895 1408 1960 venae-sectione

308 1997 498 2079 praemissa:
522 2019 604 2081 quae
620 1998 750 2082 quidem
767 2018 899 2083 praxeos
918 1998 1032 2081 regula
1046 2020 1164 2082 susque
1179 1998 1282 2083 deque
1296 1998 1410 2063 habita

309 2105 366 2163 aut
388 2099 506 2164 violata
528 2122 625 2184 quam
647 2100 802 2184 plurimos
825 2100 910 2165 Orco
931 2100 1064 2180 addixit,
1084 2101 1225 2165 infantes
1247 2122 1408 2181 maxume,

308 2210 404 2286 prout
420 2204 497 2269 alias
518 2205 635 2289 [Epist.
651 2207 798 2289 Respcus.
813 2207 841 2270 Ι.
859 2208 877 2292 ρ
892 2206 962 2290 49.]
982 2206 1017 2269 in
1032 2207 1191 2271 cautelam
1205 2207 1328 2271 monui.

357 2307 440 2391 [10.]
469 2307 713 2373 Observandum
735 2316 784 2374 est
810 2316 930 2389 autem,
954 2308 1050 2393 quod,
1073 2309 1149 2374 licet
1173 2310 1410 2394 utplurimum

308 2410 530 2475 evacuationes
545 2432 656 2477 omnes
670 2411 832 2496 praefatae
846 2412 882 2475 in
896 2410 995 2496 hujus
1010 2410 1121 2475 Febris
1136 2411 1302 2476 curatione
1316 2432 1409 2477 usur-

308 2512 378 2595 pari
398 2511 546 2594 debeant,
563 2536 657 2598 saepe
676 2522 787 2579 tamen
807 2534 911 2596 aeger,
931 2512 1081 2597 (maxime
1099 2513 1127 2576 si
1144 2514 1271 2597 juvenis
1286 2522 1342 2578 aut
1359 2514 1409 2577 in·

308 2614 380 2679 fans
394 2614 515 2699 inierit)
533 2623 605 2699 post
620 2616 773 2681 eductum
788 2616 981 2699 sanguinem
994 2636 1063 2679 una
1077 2615 1216 2679 catharsi
1227 2615 1409 2694 defunctus,

309 2716 420 2781 statim
439 2718 640 2797 convalescit,
659 2738 718 2783 nec
737 2716 884 2801 pluribus
903 2716 1089 2799 fatigandus
1109 2722 1168 2795 est,
1185 2716 1289 2781 Febre
1305 2718 1411 2800 primo

308 2820 478 2903 purgantis
501 2820 634 2884 remedii
657 2820 781 2903 impetu
807 2826 1002 2903 expugnata.
1046 2820 1212 2883 Econtra
1232 2840 1306 2883 vero
1327 2840 1409 2883 non·

308 2944 477 3008 nunquam
498 2946 578 3007 opus
598 2930 648 2988 est
671 2930 708 2987 ut
733 2922 821 2987 alvus
842 2921 884 2985 ad
904 2922 1012 3005 plures
1033 2942 1131 3006 quam
1153 2943 1251 3005 supra
1270 2922 1410 2987 diximus

308 3026 392 3090 vices
418 3026 625 3091 sollicitetur:
658 3025 849 3109 quandoque
879 3024 977 3102 enim,
1007 3024 1093 3105 (licet
1117 3023 1152 3087 id
1176 3045 1250 3088 raro
1280 3025 1407 3108 evenit)

309 3148 406 3210 aegro
426 3136 463 3191 an
487 3127 589 3192 Febre
607 3128 676 3211 jam
698 3127 784 3191 dicta
808 3125 962 3190 methodo
986 3125 1132 3206 hberato,
1153 3126 1411 3193 recrudescentia

308 3228 461 3293 materiae
483 3228 617 3293 Febrilis
640 3236 711 3313 post
734 3230 801 3293 dies
824 3228 945 3313 ahquot
967 3228 1118 3293 morbum
1139 3230 1337 3315 postliminio
1359 3254 1409 3296 re·

309 3331 426 3397 ducere
451 3332 588 3411 videtur,
612 3353 707 3416 quem
733 3340 844 3397 tamen
869 3332 1020 3417 purgatio
1045 3339 1160 3416 quarta
1180 3332 1248 3397 viee
1272 3334 1410 3417 repetita

308 3455 383 3498 mox
408 3433 571 3513 eliminat,
601 3434 731 3499 tametsi
753 3434 788 3498 in
810 3434 871 3503 hac
896 3434 1050 3499 methodo
1075 3435 1170 3500 Nova
1194 3435 1274 3501 haee
1296 3436 1409 3502 Febris

308 3557 381 3601 raro
403 3535 527 3617 accidit,
548 3536 610 3601 nisi
632 3536 672 3601 ab
696 3536 834 3623 aphthis,
855 3558 937 3622 quae
958 3536 1018 3603 sub
1038 3537 1128 3603 exitu
1149 3537 1261 3603 Febris
1282 3560 1408 3623 praece·

308 3636 415 3701 dentis
444 3659 665 3723 supervenere,
690 3647 723 3705 et
749 3640 817 3724 jam
847 3640 889 3703 ad
913 3646 1036 3705 statum
1065 3648 1178 3705 auctae
1204 3663 1277 3707 eam
1301 3642 1408 3709 denuo

307 3750 468 3809 revocant.
514 3743 607 3809 Quae
633 3743 764 3827 quidem
786 3743 897 3809 Febris
923 3746 1170 3831 symptomatica
1193 3753 1324 3812 tantum
1347 3756 1407 3827 est,
1476 3786 1480 3792 ·

307 3852 341 3911 et
361 3846 540 3930 singultum
560 3868 617 3931 per
636 3846 805 3913 intervalla
823 3846 1014 3912 redeuntem
1033 3868 1263 3931 saepenumero
1281 3856 1354 3934 post
1373 3871 1408 3914 se

306 3948 417 4029 trahit,
437 3950 493 4033 qui
513 3951 611 4015 etiam
633 3950 760 4015 sublata
779 3949 881 4013 Febre
900 3970 958 4033 per
978 3949 1045 4014 dies
1065 3950 1188 4033 aliquot
1207 3960 1387 4034 perseverat
1396 3978 1406 4029 ;

307 4058 342 4113 at
361 4072 419 4133 pro
438 4053 564 4115 ratione
582 4051 875 4135 redintegraturum
896 4051 984 4133 aegri
999 4051 1116 4117 virium
1138 4060 1253 4133 sponte
1274 4052 1408 4117 tandem

307 4153 476 4215 evanescit.
522 4153 619 4218 Quod
643 4162 692 4217 est
716 4153 888 4235 diligenter
911 4150 1243 4229 animadvertendum,
1263 4152 1406 4235 quando-

307 4252 438 4337 quidem
453 4274 492 4318 ex
506 4254 651 4335 singultu
665 4252 725 4317 sub
741 4254 839 4317 finem
858 4251 993 4333 hujusce
1008 4250 1119 4315 Febris
1138 4250 1310 4314 accedente
1325 4251 1407 4314 nihil

306 4376 403 4437 aegro
418 4354 551 4438 periculi
565 4362 624 4433 est,
640 4354 702 4417 nisi
717 4353 853 4418 officiose
868 4352 965 4415 nimis
980 4359 1013 4417 et
1027 4350 1186 4415 inutiliter
1199 4351 1303 4415 multa
1316 4352 1406 4435 inge·

306 4464 421 4521 rantur
437 4456 597 4535 remedia;
621 4456 707 4541 quod
725 4456 751 4519 si
769 4456 835 4533 fiat,
850 4474 936 4517 mors
953 4475 1011 4538 pro
1027 4452 1156 4517 Medico
1174 4460 1233 4519 est.
1277 4455 1406 4520 Verun-

306 4566 417 4625 tamen
434 4567 502 4623 tam
517 4558 633 4643 apthae
652 4579 749 4642 quam
767 4555 938 4639 singultus,
954 4557 1004 4620 vel
1018 4556 1135 4619 horum
1151 4557 1281 4637 utervis,
1297 4559 1407 4627 sinon

305 4668 419 4744 ‚sponte
434 4660 579 4739 lacessat,
595 4660 700 4727 sedin
716 4660 850 4743 longum
867 4664 995 4743 tempus
1011 4659 1169 4739 decurrat,
1184 4659 1276 4726 facile
1290 4661 1406 4746 fugan-
1482 4736 1487 4743 .

370 4814 392 4843 ¹¹²
411 4807 448 4856 Cf.
463 4808 554 4859 Obrerv.
568 4810 630 4859 Med.
645 4822 666 4855 v.
680 4808 701 4857 2.
714 4808 736 4864 9,
752 4806 788 4855 ll.
957 4812 972 4839 ¹¹
990 4804 1018 4867 a]
1032 4805 1071 4853 Sic
1083 4804 1137 4855 cdd.
1149 4813 1248 4867 recent,
1258 4825 1270 4856 s
1282 4808 1340 4873 Syd.
