3825 5759
611 648 869 715 PROCESSUS
892 648 1094 714 INTEGRL
1335 647 1399 709 563

297 820 331 879 et
349 834 513 877 manuum
535 811 748 877 inflammatio
767 812 837 895 jam
862 830 990 875 summa
1012 809 1050 873 in
1072 808 1276 893 pustularum
1299 806 1400 871 inter-
1462 826 1505 873 os

298 918 395 981 stitiis
416 916 556 981 colorem
576 915 705 981 exhibet
725 914 884 992 floridum,
901 921 935 977 et
956 934 1104 978 rosarum
1125 890 1554 977 Damascenarqu

299 1018 463 1083 aemulum
471 1044 481 1096 3
505 1038 601 1101 quem
617 1016 747 1101 quidem
758 1016 907 1095 colorem,
919 1036 983 1099 quo
997 1016 1141 1079 mitiores
1152 1022 1230 1079 sunt
1240 1014 1400 1092 Variolae,

299 1142 337 1184 eo
351 1120 454 1203 magis
468 1127 541 1185 tum
558 1120 717 1203 pustulae,
733 1125 805 1183 tum
820 1118 903 1182 cutis
925 1118 1105 1202 interjecta,
1123 1117 1165 1182 ad
1179 1117 1333 1181 amussim
1347 1137 1401 1180 ex·

299 1226 454 1309 primunt.
500 1224 594 1291 Quae
616 1224 731 1291 faciem
754 1230 914 1307 occupant
938 1224 1097 1307 pustulae,
1123 1222 1297 1307 asperiores
1323 1243 1400 1305 quo-

299 1328 379 1392 tidie
399 1348 437 1391 ae
458 1327 563 1411 magis
581 1328 680 1393 flavae
701 1348 759 1411 pro
782 1326 1006 1391 maturationis
1023 1326 1167 1405 ratione3
1190 1345 1272 1409 quae
1286 1346 1403 1389 manus

300 1437 333 1495 et
353 1431 514 1514 reliquum
529 1451 656 1515 corpus,
671 1430 780 1495 minus
798 1450 928 1513 asperae
947 1430 1102 1513 albasque
1123 1429 1227 1512 magis
1247 1427 1403 1511 conspici·

299 1544 402 1599 untur
429 1535 544 1601 indies.
605 1534 667 1619 [4.]
694 1533 757 1599 Die
782 1532 954 1597 undecimo
976 1532 1070 1597 faciei
1090 1540 1200 1596 tumor
1221 1537 1255 1595 et
1276 1531 1402 1594 inflam-

300 1640 401 1703 matio
420 1637 587 1717 recedunt,
610 1638 759 1721 pustulae
780 1644 926 1702 matrrrae
948 1644 982 1701 et
999 1638 1122 1723 justam
1143 1634 1403 1719 magnitudinem

304 1741 462 1823 (videlicet
477 1740 539 1824 pisi
552 1739 794 1824 grandiusculi)
813 1739 947 1823 adeptae
962 1744 1151 1803 exarescant
1166 1735 1402 1817 deciduntqnc3

302 1844 426 1908 decimo
442 1850 557 1926 quarto
571 1842 622 1907 vel
637 1842 750 1926 quinto
764 1849 902 1925 pereunt
915 1841 1073 1905 funditus.
1115 1841 1278 1905 Mannum
1293 1845 1404 1902 autem

300 1947 449 2031 pustulae
466 1946 704 2029 pertinaciores,
725 1944 817 2009 albae
837 1945 942 2011 adhuc
962 1952 996 2009 et
1013 1950 1168 2023 recentes,
1187 1942 1239 2007 die
1257 1964 1324 2007 uno
1346 1947 1404 2005 ant

301 2048 403 2113 altero
435 2068 541 2111 moras
570 2047 716 2124 trahunt,
746 2052 780 2111 et
812 2047 945 2113 tandem
976 2047 1225 2130 dirumpuntur:
1260 2051 1405 2109 caeterae

302 2158 422 2230 autem,
434 2149 527 2214 faciei
537 2149 690 2213 nimirum
703 2154 736 2213 et
750 2150 900 2232 corporis,
913 2148 1210 2232 desquammantur,
1221 2154 1255 2210 et
1274 2146 1310 2209 in
1324 2146 1405 2209 facie

302 2253 510 2336 squammnlis
521 2252 609 2317 bisce
617 2251 807 2315 fmturaceis
819 2251 997 2317 succedunt
1007 2251 1127 2315 foveae.
1156 2250 1406 2334 [5.]Pertotum

301 2356 407 2421 morbi
427 2357 598 2421 decursum
618 2355 707 2418 alvus
726 2354 777 2419 vel
799 2376 929 2438 prorsus
951 2354 1152 2438 constipatur
1172 2352 1223 2417 vel
1243 2351 1405 2416 rarissime

302 2457 422 2541 dejicit.
476 2454 640 2521 Maximad
660 2478 772 2521 comm
794 2478 868 2540 pars
890 2458 947 2541 qui
970 2478 1010 2522 ex
1034 2456 1096 2521 hoc
1120 2455 1234 2520 morbo
1256 2462 1404 2537 pereunt,

302 2567 413 2623 octavo
428 2560 479 2624 die
493 2559 530 2622 in
544 2559 709 2638 Discretis,
724 2558 895 2623 undecimo
910 2567 1020 2623 autem
1034 2560 1070 2621 in
1084 2557 1340 2634 confluentibus,
1354 2557 1404 2619 in·

303 2668 451 2725 tereunt:
483 2661 601 2744 qnippe
624 2682 698 2723 cum
724 2662 761 2724 in
783 2662 930 2725 Discreto
952 2661 1015 2725 hoo
1036 2681 1154 2743 genere
1175 2665 1407 2742 promoventur

303 2763 436 2827 sudores
454 2770 527 2827 tum
549 2760 710 2841 cardiacis,
725 2770 798 2826 tum
818 2762 977 2844 regimine
996 2762 1154 2840 calidiore,
1169 2761 1333 2844 praedicto
1353 2760 1405 2825 dic

302 2867 410 2946 facies,
426 2886 508 2950 qnae
529 2864 661 2947 turgida
680 2872 713 2929 et
734 2884 793 2947 per
813 2864 990 2928 interstitia
1009 2862 1147 2947 pustulis
1165 2863 1335 2947 interjecta
1356 2862 1405 2927 in-

303 2967 462 3033 flammari
483 2965 649 3045 debuerat,
666 2986 684 3030 e
704 2972 819 3030 contra
841 2965 974 3030 flaccida
994 2966 1154 3049 reperitur
1175 2972 1208 3029 et
1230 2964 1405 3039 albescens,

303 3069 442 3155 pustulis
456 3067 667 3133 nihilominus
688 3066 882 3131 rubentibus
897 3073 930 3132 et
953 3068 1092 3147 elevatis,
1108 3068 1206 3132 etiam
1225 3074 1299 3151 post
1318 3067 1407 3150 aegri

304 3178 463 3236 mortem:
487 3169 595 3246 sudor,
610 3169 666 3253 qui
688 3168 752 3233 huc
776 3190 879 3254 usque
900 3177 1096 3248 manaverat,
1116 3170 1289 3254 derepente
1311 3192 1406 3235 evan-

305 3274 402 3353 escit3
426 3293 521 3357 aeger
546 3271 678 3336 interim
700 3272 887 3356 phrenitide
909 3273 1090 3357 corripitur,
1113 3273 1285 3352 anxietate,
1304 3273 1406 3357 jaeta-

305 3376 404 3453 tione,
434 3372 636 3456 aegritudine
661 3372 908 3437 vehementibus
919 3400 929 3453 3
959 3374 1089 3439 urinam
1113 3395 1208 3459 parce
1237 3374 1345 3439 reddit
1370 3396 1408 3439 ac

305 3476 509 3561 frequentem
539 3482 573 3540 et
600 3474 735 3539 tandem
762 3476 1028 3561 paucissimarum
1052 3478 1206 3543 horarum
1234 3479 1338 3563 spatio
1367 3478 1408 3542 ad

305 3579 413 3663 plures
428 3578 557 3660 migrat.

355 3680 440 3765 [6.]θ
463 3681 506 3744 In
520 3679 767 3745 confluentibus
788 3682 900 3747 eadem
920 3690 1145 3768 symptomata,
1162 3684 1219 3749 sed
1233 3685 1390 3749 atrociora
1397 3708 1408 3761 3
1422 3703 1554 3753 confluen-

305 3783 403 3849 febris
418 3783 550 3863 scilicet,
566 3784 720 3863 anxietas,
733 3784 912 3868 aegritudo,
924 3788 1131 3867 vomitmitio,
1147 3794 1219 3867 eta,
1234 3788 1409 3851 immanius
1421 3770 1563 3881 fiffiffi}

306 3886 462 3965 saeviunt,
485 3884 560 3951 licet
585 3908 653 3951 non
678 3886 726 3951 ita
750 3894 899 3971 prompte
925 3908 963 3951 ao
982 3889 1018 3952 in
1038 3888 1194 3953 Discretis
1219 3889 1256 3951 in
1277 3888 1409 3952 sudores
1421 3850 1527 3947 istoria

307 3988 490 4054 dissolvitur
504 4009 609 4072 aeger.
654 3988 835 4053 Diarrhoea
848 4010 1086 4072 nonnunquam
1100 3989 1304 4071 eruptionem
1318 4008 1409 4071 prae-

306 4095 451 4173 caditat
473 4094 514 4157 ad
533 4095 618 4159 diem
635 4116 739 4159 unum
759 4101 817 4157 aut
838 4094 976 4158 alterum
996 4099 1070 4175 post
1084 4093 1173 4155 illam
1189 4092 1409 4175 protrahitur3

307 4196 393 4279 quod
411 4196 448 4259 in
469 4196 624 4259 Discretis
638 4197 690 4259 vix
712 4196 884 4278 contingit.
929 4195 1038 4258 'lertio
1060 4194 1113 4258 die
1134 4201 1192 4257 aut
1215 4194 1321 4271 citius,
1335 4214 1410 4257 raro

306 4296 441 4376 tardius,
453 4304 628 4380 erumpunt
636 4322 647 4375 3
670 4304 703 4361 et
718 4318 782 4381 quo
797 4296 902 4374 citius,
916 4316 953 4359 eo
968 4294 1072 4377 magis
1085 4295 1265 4359 confluunt.
1297 4293 1410 4359 Quan-

308 4400 413 4483 doque
439 4398 481 4463 ad
506 4405 657 4482 quartum
683 4399 734 4462 vel
755 4398 907 4481 quintum
931 4398 1018 4461 diem
1044 4397 1193 4461 differtur
1217 4396 1344 4480 eruptio
1367 4396 1409 4461 ob

308 4510 400 4567 atrox
411 4501 540 4585 aliquod
551 4508 750 4586 symptoma3
769 4498 856 4564 verbi
867 4500 980 4583 gratia,
990 4498 1210 4563 acutissimum
1221 4498 1411 4563 doloremin

307 4603 436 4683 lumbis,
459 4604 632 4688 nephritici
654 4604 827 4681 aemulum,
847 4602 883 4666 in
905 4602 1005 4667 latere
1026 4601 1196 4685 pleuritici,
1216 4601 1252 4665 in
1274 4601 1410 4665 artubus

309 4707 510 4787 rheumatioi,
526 4708 561 4771 in
575 4706 754 4772 ventriculo
769 4726 844 4771 cnm
864 4705 991 4791 ingenti
1006 4704 1208 4789 aegritudine
1227 4712 1261 4769 et
1274 4705 1409 4769 vomitu.

342 4832 356 4871 ‘¹
375 4838 478 4887 ,uersae
491 4836 544 4901 dra]
558 4838 595 4887 Cf.
609 4840 663 4885 ibid.
676 4837 712 4885 iii.
724 4839 745 4886 2.
759 4839 797 4885 20.
1084 4840 1096 4869 θ
1114 4834 1153 4883 Cf.
1165 4837 1221 4884 ibid.
1233 4834 1266 4883 iii.
1279 4837 1301 4882 2.
1314 4834 1329 4881 6
1341 4850 1377 4897 asp
