3825 5759
752 674 881 732 INDEX
902 672 1056 733 RERUM.
1448 678 1509 734 636

298 829 434 887 absolvunt,
454 829 493 886 77,
513 830 558 884 78,
580 828 707 876 marsnam
729 844 744 876 a
761 829 879 891 sangrdne
924 828 972 876 olis
983 827 1059 891 nigris
1069 826 1182 903 pessimis
1192 824 1300 877 anrti’il·
1310 823 1431 884 saluum,
1443 828 1506 882 224,

299 894 474 955 sejungendam
487 894 547 941 adeo
558 908 665 941 crassam
677 893 775 951 babent,
786 901 815 941 ut
827 894 880 941 sine
924 893 1013 1003 fiiqore
1023 892 1099 939 nimio
1110 891 1211 949 decedit,
1223 893 1278 939 221.

298 957 397 1019 praevia
407 957 770 1019 digestionesdevscuationem
785 957 880 1020 disponi
974 957 1073 1004 nunctio
1094 956 1120 1003 in
1142 955 1183 1002 lue
1204 970 1306 1003 venerea
1331 955 1459 1017 quomodo,
1481 962 1507 1002 et

299 1028 411 1083 nequeat,
425 1024 484 1076 164,
501 1022 579 1069 febres
591 1022 716 1069 intermitt.
727 1022 839 1083 quamvis
854 1021 881 1068 in
926 1021 1053 1084 quamdiu,
1064 1020 1116 1068 lieri
1127 1020 1219 1076 debeat,
1232 1021 1286 1076 319,
1299 1022 1354 1075 322,
1367 1022 1422 1067 323.

299 1085 445 1146 quibusdam
461 1085 609 1133 acontinuis
621 1100 669 1133 non
687 1086 804 1142 differant,
816 1086 881 1149 quod
957 1084 1168 1147 Jalapaeradixin
1175 1082 1400 1147 gononboeavirul.
1411 1083 1507 1146 saepius

300 1149 331 1195 ad
346 1164 431 1196 earum
449 1150 554 1212 speciem
568 1157 641 1212 atque
656 1158 756 1198 natiuae
775 1150 882 1224 proprie·
926 1148 978 1195 sola
987 1148 1132 1259 pauperibus
1144 1149 1242 1211 profuit,
1253 1151 1306 1197 313.

300 1219 375 1259 tatem
392 1214 484 1270 attinet,
497 1222 522 1261 et
537 1230 552 1261 a
568 1214 688 1261 continuis
704 1222 729 1261 et
744 1229 759 1261 a
775 1229 801 1261 se
816 1214 880 1261 mvi·
958 1212 992 1260 Ju
1004 1212 1058 1275 apia
1075 1212 1241 1275 refrigerantia
1257 1213 1283 1259 in
1292 1213 1364 1287 ¹febre
1381 1211 1509 1287 variolosa,

299 1277 518 1389 {unffi
538 1277 883 1404 brigiam
926 1276 1507 1404 ltbsslbrttlffltmritbtb

302 1405 398 1452 Natura
419 1407 556 1468 paroxysmi
577 1406 634 1454 novi
655 1407 748 1469 impetu
775 1406 882 1469 expellit,
927 1420 970 1467 pro
982 1404 1122 1462 infantibu,
1133 1406 1189 1461 603,
1201 1407 1258 1453 604.

301 1470 364 1525 283,
387 1470 413 1516 in
434 1485 578 1532 paroxysmo
595 1470 638 1533 qui
654 1470 798 1527 moriuntur,
819 1478 881 1518 tem·
960 1468 1077 1517 Juniores
1098 1476 1176 1517 aetate
1196 1468 1288 1517 febrem
1313 1468 1425 1532 qusrtsu'.
1447 1483 1508 1531 quo·

302 1548 358 1593 pore
373 1533 585 1591 ,exhorrescentiae
605 1536 655 1581 fato
677 1534 820 1596 funguntur,
842 1535 882 1592 69,
926 1533 999 1580 modo
1011 1533 1095 1590 ferant,
1108 1532 1146 1582 74.

303 1597 341 1651 74,
355 1600 400 1652 84,
417 1598 505 1645 sudore
516 1605 694 1661 prommpente,
705 1596 816 1661 <tropaeis
827 1614 881 1646 suc-
959 1596 1063 1645 Juscula
1095 1610 1214 1644 avenacea
1241 1596 1354 1644 omnibus
1385 1595 1512 1659 anteponit

302 1661 373 1719 cedit,
392 1664 453 1716 280,
471 1662 550 1709 febres
565 1662 691 1709 intermitt,
706 1662 732 1709 in
751 1662 884 1710 infantrbus
927 1660 1029 1719 Auctor,
1041 1663 1087 1717 63,
1104 1660 1130 1707 in
1142 1661 1247 1723 podagra
1258 1676 1306 1709 non
1318 1660 1431 1723 regulari,
1447 1668 1509 1708 tenr-

302 1725 341 1771 vel
358 1733 435 1772 aetate
448 1725 589 1773 florentibus
605 1726 714 1774 Naturae
729 1726 882 1773 committen-
927 1740 985 1787 pore
1004 1725 1151 1787 paroxysmi,
1167 1727 1229 1780 446,
1247 1740 1366 1773 avenacea
1384 1731 1408 1772 et
1423 1725 1509 1772 horde-

302 1790 354 1844 dae,
372 1791 418 1845 83,
446 1791 544 1837 eenssrus
562 1806 626 1848 vero,
643 1790 796 1838 autumnales
814 1806 883 1852 prse-
927 1789 1092 1837 acesinfebre
1106 1789 1205 1846 contin,
1218 1791 1265 1845 63,
1281 1789 1307 1836 in
1318 1788 1415 1836 variolis
1431 1790 1510 1846 confi,

302 1853 392 1909 sertim,
409 1854 564 1916 periculosae,
582 1858 627 1911 84,
645 1870 694 1902 non
709 1855 884 1917 oppugnandae
928 1853 988 1907 367,
1006 1852 1442 1911 ἡιὶιιοιῳιοιιοιιηιοιριιιιιοὼίΙῙΞΒ,
1452 1855 1510 1909 186,

303 1924 411 1979 tempore
436 1933 646 1981 paroxysmorum,
669 1921 732 1975 442,
757 1918 883 1967 intermitt.
926 1917 1085 1965 inmorbillis
1101 1932 1181 1965 anom.
1192 1918 1250 1965 anni
1260 1919 1309 1975 ’74,
1320 1919 1381 1972 218,
1401 1917 1510 1965 inrbeu·

302 1982 380 2028 febres
401 1989 512 2029 autumn.
530 1984 595 2030 unde
612 1982 728 2039 oriantur,
745 1982 841 2045 quando
860 1990 885 2030 et
927 1981 1041 2029 matismo
1060 1988 1234 2044 proponuntur,
1254 1997 1342 2029 carnea
1360 1981 1511 2043 rejiciuntur,

302 2046 423 2107 quomodo
439 2046 563 2103 invadant,
581 2047 626 2102 75;
650 2047 753 2095 febrium
773 2055 884 2095 autumn.
928 2046 984 2103 267,
994 2048 1055 2102 268,
1074 2045 1254 2108 indysentcria,
1263 2062 1294 2093 ex
1302 2045 1380 2093 ovinis
1390 2045 1511 2103 carnibus,

303 2110 395 2171 epocha
410 2110 544 2159 certissima
557 2118 593 2158 est
608 2110 699 2167 Julius,
715 2111 779 2159 sicut
794 2111 885 2159 vemal.
931 2110 989 2166 173,
1009 2110 1035 2158 in
1052 2111 1117 2158 febre
1134 2118 1189 2158 tert.
1204 2110 1295 2174 duplici
1313 2110 1403 2173 qualia,
1422 2112 1468 2167 82,
1485 2110 1512 2158 in

305 2173 459 2230 Februarius,
473 2176 533 2232 163,
550 2183 605 2239 post
620 2192 645 2222 se
655 2175 734 2223 varios
744 2175 886 2237 relinquunt
928 2174 1026 2223 cbolera
1036 2176 1129 2231 morbo,
1144 2176 1196 2222 166.

303 2238 406 2295 morbos,
427 2238 467 2296 73,
486 2242 596 2294 88-92,
614 2240 640 2288 in
655 2239 789 2287 infantibus
810 2241 884 2288 abdo·
960 2239 1068 2287 Jurenes
1087 2238 1202 2287 athletico
1221 2239 1313 2298 habitu,
1334 2246 1358 2287 et
1375 2237 1511 2301 sanguinei,

304 2302 377 2349 minis
404 2308 495 2361 tumor,
520 2320 618 2352 crurum
645 2304 672 2351 in
700 2304 798 2363 adultis,
826 2305 885 2366 quid
929 2304 1125 2352 venae-sectione
1157 2304 1275 2367 indigent,
1308 2306 1356 2360 42,
1397 2303 1513 2351 diuturno

303 2366 388 2422 velint,
406 2368 446 2424 90,
466 2370 524 2424 648,
554 2368 693 2431 paroxysmi
713 2369 787 2415 variis
808 2369 886 2430 aegris
928 2369 1013 2416 morbo
1035 2368 1139 2417 confecti
1155 2369 1375 2416 venae-sectionem
1396 2369 1422 2415 in
1439 2368 1511 2415 febri·

303 2430 448 2491 plerumque
459 2448 510 2478 una
520 2432 654 2494 eademque
664 2432 712 2479 diei
722 2433 782 2480 hora
792 2433 885 2479 contin·
928 2432 975 2478 bus
992 2440 1083 2490 vetant,
1098 2434 1138 2488 41,
1150 2436 1196 2489 42,
1214 2433 1348 2495 hydropem
1365 2432 1418 2489 sibi,
1434 2431 1460 2478 in
1476 2432 1511 2479 fe-

304 2499 374 2551 gunt,
387 2493 432 2547 76,
450 2495 527 2541 febres
543 2502 654 2543 autumn.
665 2497 792 2543 continuas
808 2496 885 2544 febres
928 2496 1012 2544 bribus
1029 2504 1147 2551 autumn,
1165 2512 1211 2544 usu
1228 2498 1416 2544 catharticorum
1431 2510 1511 2543 accer-

305 2554 338 2601 ita
356 2555 486 2617 aliquando
500 2558 883 2621 imitantur,utnonnisiapru-
929 2574 981 2605 sere
1002 2567 1113 2621 possunt,
1133 2561 1177 2615 88,
1207 2562 1313 2622 podagra
1334 2560 1442 2622 genuina
1463 2575 1512 2607 non

305 2618 447 2666 deutissimo
469 2620 656 2682 distinguantur,
678 2624 717 2677 33,
737 2622 783 2676 76,
811 2623 885 2669 febris
929 2622 1078 2678 afficiuntur,
1090 2622 1144 2671 417.

305 2675 433 2729 intermitt.
443 2690 553 2732 autumn.
565 2686 623 2732 anni
636 2686 674 2732 ’61
692 2685 780 2747 singuli
796 2701 884 2747 parox-
963 2686 1100 2748 Lacrymae
1115 2700 1145 2731 ex
1160 2686 1282 2748 hysterica
1298 2684 1377 2733 affect.
1392 2685 1445 2732 sine
1461 2686 1514 2733 ulla

305 2746 370 2808 ysmi
381 2748 550 2809 compendium
561 2748 634 2795 febris
645 2749 743 2805 contin,
751 2750 788 2796 uti
797 2748 886 2797 haecce
929 2764 1001 2811 saepe
1014 2765 1095 2808 causa,
1111 2751 1172 2805 368,
1195 2750 1269 2799 etiam
1284 2750 1310 2796 in
1326 2749 1392 2806 viris,
1408 2749 1469 2805 376,
1487 2750 1512 2797 in

306 2811 477 2873 compendium
491 2811 586 2869 barum,
599 2812 749 2869 videbantur,
765 2815 810 2869 38,
827 2829 885 2861 cum
929 2812 1049 2860 morbillis
1064 2813 1227 2862 certissimum
1242 2815 1329 2862 borum
1346 2813 1513 2877 ingruentium

306 2875 399 2921 ratione
420 2874 561 2932 durationis,
582 2883 635 2923 turn
655 2883 679 2923 et
700 2877 810 2939 periculi,
832 2892 885 2925 ver·
930 2876 1104 2939 signum,183.

307 2938 403 2986 nalibus
421 2939 549 3000 graviores,
564 2940 609 2997 73,
627 2948 760 3002 quartanae
777 2941 886 2989 tertianis
965 2940 1015 2989 Lac
1027 2942 1205 2990 cerevisiatum.
1217 2940 1251 3003 [v.
1264 2940 1418 3003 Zytbogala]

307 3003 374 3049 omni
384 3004 477 3051 ratione
491 3005 591 3066 pejores,
602 3012 627 3052 et
637 3005 741 3052 seniores
757 3006 887 3067 aliquando
964 3004 1015 3053 Lac
1034 3006 1138 3055 crudum
1157 3004 1304 3069 tepefactum
1320 3006 1347 3053 in
1367 3004 1512 3068 dysenteria,

306 3067 373 3114 brevi
389 3068 511 3130 jugulant,
532 3070 577 3124 74,
595 3068 750 3117 autumnales
770 3078 887 3118 nontam
933 3068 986 3120 176.

307 3130 379 3179 facile
393 3148 422 3179 ac
436 3132 545 3180 vernales
558 3140 706 3190 amoventur,
718 3133 763 3187 76,
781 3135 885 3182 curatio-
964 3134 1068 3183 Lacteae
1085 3134 1177 3182 diaetae
1196 3132 1373 3197 praecellentia,
1388 3134 1513 3196 atquibus

306 3210 364 3242 nem
382 3212 457 3257 quare
475 3204 526 3244 tam
542 3197 672 3245 difficulter
687 3198 823 3255 admittant,
841 3198 886 3255 77,
930 3198 1085 3261 potissimum
1098 3198 1218 3255 convenit,
1231 3200 1292 3253 389,
1311 3212 1412 3246 censura
1427 3206 1513 3247 notatu

307 3274 356 3306 non
378 3261 538 3322 attingendae,
560 3262 606 3309 nisi
633 3269 762 3324 postquam
790 3263 889 3325 sanguia
932 3263 1081 3325 dignm-38.

307 3329 404 3385 tempus
423 3324 485 3372 illud
504 3326 611 3387 exegerit
626 3326 692 3388 quod
710 3326 741 3373 ad
758 3326 887 3390 despuma-
966 3326 1049 3375 Lectis
1059 3324 1403 3389 aerum·[v.Serum11cctia.]

309 3387 400 3435 tionem
422 3403 493 3437 suam
516 3390 686 3452 perficiendam
709 3390 818 3452 requirit,
841 3394 887 3448 84,
966 3392 1112 3439 Laudenum
1127 3391 1201 3439 nimis
1216 3390 1344 3454 repetitum
1360 3396 1439 3448 nocet,
1451 3392 1511 3446 393,
1543 3404 1548 3413 ·

308 3452 351 3498 ubi
374 3453 495 3501 curandae
513 3454 623 3511 veniunt,
644 3454 803 3502 indicationes
824 3456 889 3503 unde
933 3456 1054 3517 quomodo
1079 3455 1251 3513 exhibendum,
1274 3457 1336 3511 394,
1364 3456 1395 3503 ad
1416 3456 1514 3503 corticis

308 3516 372 3562 sumi
383 3516 478 3575 debent,
489 3518 535 3574 79,
552 3518 772 3566 venae-sectionem
785 3534 834 3567 non
845 3520 885 3567 ad·
933 3520 1020 3569 l’eruv.
1033 3519 1083 3568 vim
1093 3520 1247 3583 purgativam
1259 3518 1398 3578 sistendam,
1409 3522 1469 3575 286,
1488 3521 1514 3567 in

308 3580 417 3637 mittunt,
428 3583 474 3637 80,
491 3583 612 3644 quomodo
619 3582 764 3639 tractandae,
775 3583 794 3630 si
806 3584 890 3631 cortici
932 3584 1074 3642 infantibus,
1093 3584 1155 3640 287,
1178 3586 1203 3632 in
1220 3584 1364 3647 dysenteria,
1383 3600 1413 3633 ex
1430 3586 1515 3633 tormi-

309 3642 398 3691 Peruv.
412 3660 461 3692 non
477 3647 573 3703 cedunt,
587 3650 634 3702 84,
652 3647 781 3709 purgantis
799 3648 889 3709 qualis,
932 3648 1005 3696 nibus
1016 3649 1107 3697 ventris
1121 3650 1146 3697 in
1161 3649 1226 3697 febre
1237 3664 1300 3697 nova
1310 3649 1412 3712 epidem.
1424 3648 1514 3708 oborta,

309 3708 471 3771 quando‚quo
482 3717 621 3773 temporeet
632 3711 726 3773 quoties
736 3712 889 3769 assumenda,
933 3714 994 3767 600,
1012 3713 1038 3760 in
1053 3714 1188 3775 hystericsc
1205 3714 1281 3762 aflbct
1299 3729 1451 3777 paroxysmo,
1467 3716 1515 3763 392

309 3774 348 3829 86,
361 3774 407 3828 87,
425 3775 578 3835 quotidianae
588 3790 637 3822 aon
654 3782 711 3823 sunt
727 3774 889 3833 autumnales,
933 3792 977 3839 sq,
990 3779 1051 3832 644,
1068 3778 1094 3825 in
1106 3779 1240 3841 nephritico
1250 3794 1405 3841 paroxysmo,
1416 3779 1476 3833 627,
1488 3780 1514 3827 ἰιι

309 3836 354 3892 76,
378 3838 488 3886 vernales
505 3855 553 3901 quo
571 3847 678 3902 tempore
699 3839 822 3898 invadant,
844 3840 889 3897 71,
932 3841 1188 3903 podagrsinveterats,
1201 3844 1263 3898 468,
1279 3844 1515 3905 inpodsgrseinve·

309 3916 358 3962 quo
384 3903 503 3950 maturius
529 3903 571 3951 vel
596 3902 687 3951 tardius
713 3904 839 3961 invadunt,
861 3920 891 3953 eo
932 3912 1022 3951 teratae
1038 3920 1191 3968 paroxysmo,
1208 3907 1271 3962 446,
1291 3907 1410 3981 podagrae
1427 3923 1514 3969 parox-

309 3965 388 4027 magis
404 3967 442 4014 vel
462 3968 543 4016 minus
560 3968 692 4031 epidemice
709 3969 890 4031 depraedantur,
933 3984 1033 4031 ysmum
1044 3985 1059 4016 a
1069 3971 1229 4033 purgantibus
1238 3971 1388 4019 obonturum
1397 3972 1516 4033 reprimit,

309 4028 355 4084 71,
374 4046 470 4094 semper
483 4032 608 4090 salutares,
620 4049 673 4080 raro
691 4032 826 4092 diuturnae,
844 4034 890 4090 73,
934 4035 995 4087 624,
1024 4032 1123 4081 laudani
1145 4034 1230 4095 liquidi
1248 4034 1362 4081 Auctoris
1379 4034 1515 4097 descriptio,

309 4102 498 4154 possunttamen
505 4098 537 4144 ob
542 4113 678 4159 perversam
686 4098 806 4145 medelam
812 4113 892 4146 moras
937 4098 990 4153 174,
1003 4098 1064 4154 639,
1082 4112 1155 4159 quare
1172 4097 1226 4144 aliis
1241 4098 1325 4145 formis
1337 4097 1368 4144 sit
1378 4098 1513 4159 praeferen-

309 4157 463 4215 trahere,73,
483 4161 528 4215 76,
551 4160 590 4207 vel
608 4162 761 4223 quotidianae
780 4170 838 4209 sunt
853 4161 893 4210 rel
935 4161 1047 4218 ι1ιι,174,
1071 4160 1146 4223 hujus
1163 4168 1225 4224 gutt.
1245 4161 1287 4207 xvi
1307 4162 1373 4208 idem
1388 4162 1471 4209 valent
1487 4178 1515 4211 ac

309 4222 433 4278 tertianae,
449 4223 494 4279 72,
520 4224 674 4286 paucioribus
691 4225 811 4287 stipantur
825 4241 891 4288 sym-
935 4240 993 4287 syru
1011 4226 1059 4273 ide
1075 4226 1185 4273 meconio
1195 4226 1230 4287 3j,
1243 4227 1305 4279 362,
1322 4224 1515 4275 addisrrboeam

310 4286 458 4345 ptomatibus
468 4303 542 4348 quam
550 4289 711 4345 autumnales,
719 4292 763 4344 88,
776 4305 820 4336 suo
828 4291 891 4337 arbi·
935 4290 961 4337 in
968 4241 1109 4337 salivatione
1117 4288 1263 4345 mercuriali,
1272 4292 1333 4343 329,
1345 4289 1370 4335 in
1380 4289 1477 4337 variolis
1484 4292 1515 4339 ad

310 4348 356 4394 trio
370 4350 554 4411 permittendae,
565 4352 611 4406 74,
629 4353 826 4400 evacuationibus
837 4369 892 4416 per-
934 4354 1033 4417 epilept.
1043 4354 1143 4402 affectus
1153 4353 1292 4409 infantium,
1300 4356 1361 4408 346,
1378 4353 1404 4400 in
1416 4353 1514 4403 infanti-

310 4411 438 4459 tinaciorea
453 4414 523 4470 fiunt,
535 4416 574 4471 74,
588 4415 632 4471 76,
651 4432 665 4463 a
679 4416 787 4463 febribus
802 4418 892 4468 venial.
935 4418 981 4465 bus
993 4418 1066 4475 dosis,
1077 4421 1137 4473 346,
1155 4418 1289 4465 laudunum
1303 4418 1410 4465 solidum
1422 4418 1514 4467 Londi-

310 4476 506 4524 convalescentes
521 4479 547 4525 in
562 4480 670 4527 maniam
684 4479 814 4543 aliquando
830 4482 892 4530 iuci-
935 4497 1010 4530 nense
1027 4498 1101 4546 quare
1117 4490 1277 4545 anteponatur
1293 4482 1397 4530 lauduno
1414 4482 1516 4545 liquido,

310 4539 367 4587 dere
378 4549 487 4602 possunt,
501 4541 538 4592 73.
935 4554 960 4593 et
975 4561 1064 4609 syrupo
1083 4547 1113 4594 de
1133 4546 1252 4605 meconio,
1270 4548 1332 4602 620,
1354 4546 1422 4595 illius
1441 4547 1515 4605 dosis,

346 4603 480 4652 interstitia
499 4606 653 4667 pustularum
674 4608 699 4655 in
721 4609 822 4656 variolia
842 4610 892 4656 dis·
935 4613 996 4665 620,
1015 4611 1119 4659 laudans
1137 4610 1229 4675 liquido
1248 4611 1340 4659 Auctor
1355 4612 1453 4659 tandem
1471 4628 1514 4660 sn-

311 4677 369 4716 cret.
388 4669 427 4715 die
444 4672 482 4716 8'0
498 4670 603 4718 colorem
621 4686 730 4719 rosarum
748 4673 893 4722 Damasccn.
934 4674 1091 4737 teponitsyru
1109 4691 1152 4722 um
1159 4676 1188 4723 de
1196 4675 1305 4723 meconio
1312 4676 1337 4723 in
1345 4676 1514 4733 variolis,349;

311 4732 436 4780 nenrulunr
456 4734 580 4793 exhibent,
604 4738 657 4795 122,
682 4738 735 4795 126,
761 4737 814 4795 127,
838 4741 893 4796 222,
934 4739 1068 4787 laudunum
1090 4690 1210 4801 lquidum
1229 4746 1309 4787 tamen
1330 4741 1514 4803 propinandum,

312 4797 368 4845 562.
934 4804 1053 4866 sisympi
1067 4804 1214 4867 frequentior
1224 4820 1283 4853 usus
1293 4820 1408 4853 nauseam
1418 4820 1513 4853 creave-

321 4894 326 4899 Δ
345 4860 537 4912 Intumesoentia
547 4865 618 4913 faciei
627 4873 650 4913 ct
663 4880 782 4915 manuum
793 4867 819 4915 in
828 4867 891 4916 vari-
934 4868 974 4927 rit,
985 4870 1040 4917 362.
