3825 5759
521 579 585 642 822
834 572 1031 636 ΤΗΟΜΑΕ
1057 570 1315 636 SYDENHAM

385 759 426 807 ns
440 758 498 806 Lus
523 743 592 802 arte
606 735 690 811 freti,
706 733 855 798 mercurii
868 733 1019 816 reliquias
1037 753 1095 816 per
1108 733 1271 798 catharsin
1287 731 1445 816 expellere
1459 752 1674 813 conamur,

368 825 510 902 VENERE&
523 861 597 904 cum
620 837 795 920 genuinam
813 837 902 900 illam
921 857 959 900 ac
980 857 1080 919 prope
1098 835 1229 900 unicam
1248 835 1438 900 methodum
1461 835 1532 917 (per
1563 836 1673 900 sali-

523 942 685 1006 vationem
701 939 843 1021 scilicet)
866 959 930 1021 qua
946 937 1076 1002 Natura
1092 937 1127 1000 id
1144 938 1268 1001 efficere
1284 936 1365 1002 solet
1382 958 1420 1001 ac
1436 936 1546 1015 debet,
1570 959 1672 1002 non

525 1043 629 1108 solum
648 1041 859 1124 negligamus,
878 1039 934 1106 sed
954 1040 1053 1104 etiam
1070 1039 1306 1124 impediamus?
1353 1038 1554 1122 Hujusmodi
1584 1061 1669 1104 au·

524 1154 592 1210 tem
613 1143 879 1208 hallucinationes
900 1142 1044 1206 minimis
1069 1142 1140 1206 istis
1161 1142 1295 1206 rationis
1317 1141 1499 1204 scintillulis
1520 1141 1667 1225 impu·

525 1246 642 1312 tandae
660 1251 747 1325 sunt,
763 1245 879 1328 quibus
897 1265 956 1310 nos
973 1245 1082 1326 miseri
1101 1244 1252 1308 mortales
1270 1249 1402 1308 tantum
1419 1242 1575 1326 praediti,
1603 1245 1664 1308 ad

526 1349 693 1413 veritatem
703 1348 739 1412 in
753 1348 934 1432 profundo‘
949 1348 1128 1412 demersam
1138 1367 1206 1410 non
1218 1353 1435 1430 penetrantes,
1451 1345 1661 1428 quamlibet

526 1452 596 1536 ejus
625 1451 774 1516 umbram
799 1457 832 1516 et
862 1450 1000 1534 speciem
1026 1447 1258 1532 amplectimur,
1282 1469 1344 1529 pro
1365 1446 1508 1512 Jaaone‘
1528 1449 1657 1530 (quod

525 1555 640 1638 aiunt)
669 1562 829 1638 captantes
853 1555 980 1629 nubem
1014 1575 1089 1618 mox
1117 1553 1274 1636 colloquia
1297 1553 1478 1632 miscentes,
1499 1555 1655 1638 praeju-

526 1655 610 1722 dicia
630 1657 714 1722 male
739 1657 875 1720 fundata
895 1657 942 1720 ita
966 1656 1096 1740 penitus
1120 1654 1214 1720 nobis
1235 1655 1373 1719 invicem
1393 1655 1572 1738 infigimus,
1597 1665 1653 1722 ut

526 1759 660 1824 tandem
689 1760 914 1843 phantasmata
942 1767 1054 1826 nostra
1082 1765 1131 1823 et.
1148 1758 1355 1823 delirantium
1382 1758 1544 1823 insomnia
1569 1781 1650 1842 pro

527 1863 692 1947 principiis
704 1863 913 1946 apodicticis&
927 1863 1038 1928 haberi
1052 1862 1204 1926 velimus:
1227 1863 1319 1946 cujus
1333 1861 1496 1946 specimen
1507 1861 1554 1944 (ni
1568 1862 1646 1926 fal·

527 1963 598 2046 lor,)
615 1985 692 2047 prae
706 1964 856 2030 manibus
870 1965 964 2030 nobis
978 1971 1038 2030 est.

577 2068 659 2150 [31.]
689 2068 843 2133 Quamvis
858 2077 969 2133 autem
985 2070 1022 2132 in
1035 2069 1196 2152 plerisque
1210 2068 1335 2132 curatio
1348 2067 1445 2132 modo
1455 2067 1525 2151 jam
1540 2068 1640 2136 dicto

526 2167 720 2248 absolvatur,
738 2169 895 2252 (videlicet
910 2171 1099 2236 inunctione
1113 2193 1171 2255 per
1183 2179 1251 2236 tres
1271 2177 1383 2234 noctes
1396 2170 1579 2249 continues,
1594 2179 1638 2236 et
1753 2244 1754 2257 χ

527 2270 671 2336 exhibito
693 2270 820 2337 tnrbith
837 2273 996 2352 minerali,
1011 2271 1207 2358 ptyalismo¹¹
1221 2271 1310 2336 haud
1332 2271 1395 2336 rite
1419 2271 1631 2355 procedente,

526 2372 686 2437 mercurio
700 2373 779 2437 item
794 2373 880 2438 dulci
895 2373 937 2438 ad
947 2374 1030 2438 vices
1044 2375 1177 2458 aliquot,
1189 2372 1315 2439 eodem¹
1325 2374 1415 2458 justo
1430 2373 1525 2437 citius
1534 2374 1630 2438 fatis-
1753 2436 1754 2459 ,

527 2475 643 2558 cente)
657 2476 740 2542 serio
753 2483 864 2541 tamen
879 2475 1200 2542 animadvertendum
1213 2482 1273 2553 est,
1283 2475 1320 2538 in
1335 2473 1528 2558 quibusdam
1534 2493 1628 2558 repe·

526 2578 584 2642 riri
598 2577 869 2664 idiosyncrasiam,
886 2579 950 2644 sive
965 2584 1258 2663 temperamentum
1273 2574 1435 2659 quoddam
1455 2573 1626 2657 peculiare,
1753 2628 1754 2643 ,

526 2687 595 2744 tam
625 2681 818 2746 salivationis
842 2683 992 2767 respectu
1022 2701 1119 2764 quam
1143 2678 1356 2763 purgationis,
1381 2677 1490 2759 (atque
1513 2676 1626 2740 eadem

526 2780 715 2866 plerumque
736 2783 773 2848 in
794 2783 918 2864 iisdem,
936 2790 976 2849 ut
998 2784 1055 2867 qui
1076 2803 1170 2866 aegro
1191 2787 1384 2866 pargantur,
1407 2801 1502 2864 aegre
1527 2780 1626 2844 etiam

526 2883 568 2948 ad
586 2885 794 2970 ptyalismum
814 2887 1056 2971 perducrmtur)
1080 2887 1128 2950 ita
1151 2885 1246 2948 utin
1270 2883 1436 2948 nonnullis
1454 2881 1627 2948 methodus

526 2983 657 3052 laudata
671 2987 723 3052 vix
741 2988 942 3070 gingivarum
961 2987 1232 3053 exulcerationem
1254 2993 1351 3070 queat
1372 2986 1507 3064 efficere,
1521 2985 1627 3050 multo

431 3133 435 3140 -
526 3086 634 3152 minus
665 3088 885 3154 salivatiouem
910 3111 983 3154 eam
1007 3110 1179 3173 procurare
1209 3109 1291 3172 quae
1319 3088 1406 3153 malo
1434 3087 1627 3153 eradicando

396 3221 427 3254 su
439 3205 503 3254 ione
526 3209 585 3271 par
600 3189 651 3254 sit.
696 3189 738 3253 In
757 3191 942 3275 hujusmodi
962 3190 1066 3273 aegris
1081 3191 1211 3256 Medico
1230 3210 1433 3275 summopere
1446 3189 1627 3254 cavendum

373 3271 490 3380 ξω,
528 3296 577 3359 est
606 3311 648 3354 ne
670 3290 778 3355 animo
804 3291 942 3356 nimium
970 3292 1134 3358 obstinato
1161 3292 1381 3358 salivationem
1408 3291 1627 3375 importunius

372 3398 462 3446 niusur
479 3413 516 3446 es
527 3396 652 3472 urgeat,
672 3391 895 3458 recalcitrante
921 3394 1059 3472 Natura,
1076 3401 1173 3478 atque
1196 3395 1236 3461 ab
1253 3395 1317 3460 isto
1336 3394 1553 3460 evacuationis
1572 3415 1626 3477 ge·

385 3477 445 3572 ¹¹¹„
474 3543 500 3574 τ,
527 3511 605 3556 nere
619 3513 748 3575 prorsus
768 3493 978 3561 abhorrente:
1002 3497 1088 3579 qnod
1102 3498 1159 3582 qui
1177 3499 1287 3562 minus
1302 3499 1499 3577 intellexere,
1512 3517 1627 3580 aegros

373 3605 403 3637 ⁷⁰
451 3607 470 3639 ³·
527 3594 616 3660 haud
643 3616 761 3679 paucos
790 3595 878 3661 letho
911 3597 1081 3662 dederunt.
1139 3599 1273 3662 Etenim
1300 3599 1337 3663 in
1365 3597 1552 3682 corporibus
1578 3598 1626 3662 ita

527 3697 630 3777 factis,
656 3697 908 3783 quotiescunque
941 3701 1187 3780 medicamenta,
1216 3702 1282 3765 sive
1311 3708 1445 3766 externa
1472 3700 1529 3764 illa
1553 3699 1622 3762 sus-

526 3799 604 3878 rint,
621 3800 684 3864 sive
698 3800 837 3881 interna,
852 3802 1060 3886 pertinaciter
1073 3803 1331 3886 ingeminaveris,
1345 3803 1416 3867 loco
1431 3797 1619 3866 salivationis

527 3901 686 3985 perfectae
705 3903 753 3968 nil
766 3912 894 3988 praeter
910 3906 1032 3971 renuis
1050 3907 1192 3971 tormina
1205 3912 1238 3970 et
1260 3904 1455 3990 dejectiones
1474 3903 1623 3989 dysente-

526 4003 609 4068 ricas
634 4003 805 4086 obtinebis,
831 4007 961 4072 Natura
984 4029 1042 4091 per
1066 4007 1151 4072 hauc
1175 4014 1303 4091 portam
1324 4007 1518 4092 hydrargyri
1538 4007 1625 4072 virus

527 4105 717 4184 amoliente3
740 4107 789 4170 vel
818 4107 943 4174 dolores
971 4109 1142 4174 ventriculi
1171 4117 1204 4174 et
1233 4109 1463 4193 aegritudines,
1493 4108 1625 4174 sudores

525 4203 668 4288 frigidos,
683 4206 907 4292 horrendaque
922 4209 985 4274 alia
999 4218 1225 4294 symptomata,
1240 4233 1391 4292 accerses,
1406 4213 1455 4277 ita
1473 4219 1514 4277 ut
1531 4232 1627 4295 aeger

525 4311 655 4372 tantum
683 4330 751 4373 non
780 4317 856 4394 egat
879 4311 1031 4393 animam,
1055 4313 1139 4380 forte
1168 4315 1267 4380 etiam
1295 4335 1371 4382 mox
1392 4336 1466 4382 eam
1489 4321 1626 4380 evomat

558 4493 573 4566 Ἰ
584 4493 648 4536 serit.
666 4494 690 4537 ia
704 4491 765 4552 prqs.
777 4493 886 4558 demere]
901 4495 937 4544 Cf.
952 4499 1051 4547 Dium.
1128 4511 1141 4545 Ι
1157 4500 1270 4564 apodict]
1288 4502 1304 4550 i.
1316 4517 1336 4551 e.
1350 4500 1524 4560 &redemendo
1535 4504 1627 4552 dem-

526 4551 626 4610 apuu
640 4553 684 4610 1⁷3
704 4557 780 4606 Troes.
793 4559 814 4606 1.
827 4560 839 4618 ς
850 4559 888 4609 71.
1095 4571 1213 4614 seruasse

558 4611 567 4642 ¹
578 4630 622 4673 prs
640 4619 728 4667 luscos
750 4630 868 4682 captantes
895 4625 989 4689 uuus]
1013 4626 1051 4676 Gi.
1129 4624 1368 4694 *papst-prusa]
1390 4647 1476 4680 “m
1498 4635 1545 4680 Μ
1566 4647 1625 4693 lm

527 4677 617 4750 observ.
640 4681 702 4728 Med.
727 4699 749 4730 v.
770 4687 792 4734 5.
818 4687 855 4737 17.
878 4687 998 4738 Fabulam
1020 4691 1050 4739 de
1093 4695 1436 4757 postremerciplted.'80.

526 4738 612 4788 Ixione
624 4744 728 4806 respicit,
1126 4754 1336 4822 *mn-culm]
1348 4762 1473 4823 praelim
1483 4759 1521 4808 ed.
1532 4760 1580 4808 ¹8⁰.
