3825 5759
531 680 908 747 OBSERVATIONES
931 679 1152 745 MEDICAE.
1349 685 1392 746 13

285 854 378 911 certa
402 865 440 910 ac
466 842 620 909 distincta
643 840 853 926 peculiarium
882 847 1136 926 symptomatum
1160 842 1390 927 perceptione?
1426 858 1525 909 Perea

284 949 408 1033 Neque
423 946 511 1013 enim
524 945 593 1011 ulla
607 951 657 1009 est
671 943 913 1009 mrcumstantia
926 950 996 1007 tam
1009 944 1088 1007 levis
1103 950 1160 1008 aut
1174 945 1299 1029 exigua,
1309 967 1392 1031 quae
1402 922 1544 1003 Q

286 1072 365 1116 suos
379 1068 459 1113 usus
474 1047 516 1112 ad
530 1054 705 1129 utrumque
722 1066 790 1109 non
804 1045 934 1111 habeat.
978 1046 1067 1110 Nam
1081 1052 1120 1111 ut
1135 1047 1249 1111 demus
1268 1049 1393 1133 aliquid

285 1151 454 1215 varietatis
469 1172 489 1215 a
507 1154 763 1233 temperamento
782 1147 1022 1213 individuorum
1039 1156 1073 1214 ct
1087 1150 1250 1214 tractandi
1264 1152 1393 1216 ratione

285 1254 458 1339 proticisci,
473 1252 681 1316 nihilominus
704 1249 784 1314 adeo
803 1249 979 1332 aequabilis
997 1272 1035 1315 ac
1056 1251 1118 1315 sibi
1135 1252 1256 1335 ubique
1278 1254 1393 1318 similis

288 1363 338 1420 est
352 1355 503 1419 Naturae
522 1352 600 1418 ordo
621 1353 657 1416 in
679 1350 892 1436 producendis
914 1351 1046 1431 morbis,
1060 1353 1149 1416 utin
1171 1353 1302 1418 diversis
1320 1376 1392 1421 cor·

287 1457 422 1541 poribus
436 1456 549 1521 eadem
564 1455 753 1539 plerumque
763 1453 966 1537 reperiantur
974 1452 1118 1536 ejusdem
1129 1454 1233 1519 morbi
1247 1464 1390 1541 sympto-

287 1566 397 1637 mata3
431 1580 469 1623 ac
491 1558 548 1621 illa
576 1557 646 1641 ipsa
674 1576 756 1639 quae
784 1556 820 1619 in
852 1555 983 1619 Socrate
1009 1561 1197 1638 aegrotante
1222 1557 1390 1624 observata

287 1661 421 1738 firerint,
439 1660 538 1723 etiarn
563 1658 755 1742 generaliter
779 1656 820 1721 ad
841 1657 1007 1721 hominem
1030 1676 1253 1740 quemcumque
1277 1661 1390 1725 eodem

287 1762 403 1829 morbo
424 1760 627 1825 laborantem
648 1758 816 1823 transferri
837 1758 982 1841 possint;
1004 1778 1073 1822 non
1094 1778 1186 1823 secus
1207 1780 1245 1823 ac
1262 1762 1391 1826 univer·

288 1865 372 1929 sales
392 1864 579 1947 plantarum
600 1866 696 1925 notae
718 1860 761 1925 ad
782 1859 892 1923 omnia
913 1860 1068 1943 cujusque
1087 1859 1204 1943 speciei
1224 1861 1393 1929 individua

287 1967 352 2031 rite
370 1985 405 2029 se
427 1963 626 2029 diffundunt.
672 1961 739 2028 Qui
763 1960 863 2045 (verbi
881 1961 1007 2045 gratia)
1026 1961 1142 2025 violam
1165 1970 1313 2030 accurate
1334 1966 1390 2031 de·

289 2066 452 2151 scripserit
486 2064 592 2149 quoad
619 2064 769 2142 colorem,
804 2083 960 2146 saporem,
994 2062 1135 2143 odorem,
1169 2086 1207 2130 ac
1239 2068 1389 2150 figuram,

289 2177 479 2253 caeteraque
500 2167 535 2231 id
557 2188 669 2251 genus,
690 2164 840 2230 omnibu·
863 2164 983 2249 ubique
1004 2171 1164 2233 terrarum
1185 2169 1285 2249 violis,
1307 2194 1390 2256 quae

290 2272 350 2335 snb
368 2292 408 2335 ea
429 2270 533 2355 specie
550 2269 769 2346 eontinentur,
789 2265 957 2331 historiam
976 2266 1119 2333 illumin
1140 2270 1301 2355 plerisque
1320 2274 1389 2340 fera

289 2373 441 2439 omnibus
455 2372 625 2438 convenire
639 2370 731 2435 facile
746 2368 990 2434 animadvertet.

338 2475 422 2559 [la]
449 2475 494 2539 ut
509 2473 639 2557 quidem
654 2470 802 2537 existimo
821 2492 880 2535 nos
896 2471 936 2536 ob
952 2492 1024 2536 eam
1038 2474 1243 2557 potissimum
1257 2498 1387 2543 causam

291 2576 480 2642 accuratiori
494 2574 680 2640 morborum
696 2573 842 2638 Historia
857 2573 898 2637 ud
913 2574 1001 2639 hunc
1015 2596 1118 2658 usque
1136 2576 1222 2641 diem
1242 2578 1389 2659 destitui·
1446 2647 1450 2654 ,

291 2680 367 2763 quia
380 2678 501 2743 scilicet
522 2678 667 2762 plerique
689 2696 742 2741 eos
756 2696 814 2759 pro
829 2676 971 2741 confusis
985 2677 1222 2762 inconditisque
1239 2681 1388 2746 Naturae

290 2780 374 2845 male
403 2800 438 2845 se
459 2780 582 2844 tuentis
605 2784 639 2843 et
664 2778 704 2842 de
730 2783 818 2842 statu
847 2798 905 2842 suo
935 2777 1078 2861 dejectae
1106 2779 1228 2843 effectis
1256 2787 1388 2847 tantum

290 2886 442 2965 habuere,
458 2905 495 2949 ac
514 2883 648 2969 proinde
661 2882 796 2947 laterem
815 2881 941 2945 lavarec
961 2880 1141 2944 crederetur
1155 2882 1183 2944 is
1198 2883 1254 2965 qui
1263 2883 1388 2966 justam

292 2988 468 3055 eorundem
482 2985 719 3051 enarrationem
733 2982 911 3047 moliretur.

338 3089 422 3175 [la]
451 3088 515 3153 Sed
528 3095 567 3153 ιιι
586 3087 627 3152 ad
645 3108 715 3151 rem
729 3090 929 3149 revertamur
943 3108 951 3147 ι
978 3102 1044 3147 non
1061 3082 1168 3147 minus
1188 3092 1273 3151 certo
1288 3087 1388 3153 etiam

291 3215 311 3257 a
331 3190 556 3257 minutissimis
578 3188 684 3253 morbi
709 3184 959 3251 circumstantiis
987 3185 1199 3253 indicationes
1229 3190 1389 3256 curatiras

290 3294 390 3378 possit
404 3292 553 3358 Medicus
575 3291 751 3367 desumere,
768 3309 865 3372 quam
887 3286 928 3351 ab
950 3286 1065 3351 iisdem
1087 3290 1224 3375 sumpsit
1238 3291 1389 3376 diagnos-

291 3397 364 3461 tica.
408 3394 518 3478 Atque
536 3394 616 3459 adeo
630 3414 697 3457 non
713 3391 812 3455 semel
829 3390 910 3453 milri
924 3390 961 3453 iu
974 3398 1119 3455 mentem
1133 3393 1233 3458 subiit
1248 3396 1344 3479 quod,
1359 3398 1388 3461 si

291 3498 394 3562 morbi
416 3494 587 3581 cujuslibet
608 3493 787 3559 Historiam
810 3491 982 3575 diligenter
1002 3501 1202 3577 perspectam
1223 3497 1388 3580 haberem,

291 3622 347 3683 par
360 3600 447 3664 malo
461 3597 639 3663 remedium
658 3614 827 3678 nunquam
841 3615 909 3658 non
925 3594 1039 3658 scirem
1055 3596 1177 3677 afferre,
1192 3600 1288 3663 variis
1302 3602 1390 3685 ejus.

292 3711 365 3775 dem
392 3709 623 3795 phaenomenis
652 3708 738 3771 viam
768 3724 832 3787 qua
852 3702 934 3767 mihi
954 3703 1171 3770 incedendum
1192 3708 1276 3774 foret
1298 3710 1388 3775 haud

292 3812 422 3879 dubiam
444 3807 774 3895 praemonstrantibus
784 3831 794 3884 3
832 3826 915 3890 quae
945 3805 1075 3888 quidem
1103 3808 1336 3891 phaenomena,
1361 3813 1389 3875 si

291 3916 431 3980 interae
450 3913 562 3978 sedulo
581 3912 796 3986 conserantur,
811 3928 912 3973 manu
932 3908 1024 3989 quasi
1038 3909 1193 3975 ducerent
1212 3912 1253 3975 ad
1267 3913 1389 3979 indica-

292 4018 394 4082 tiones
408 4016 480 4080 illus
494 4015 633 4081 maxime
647 4012 764 4089 obvias,
775 4030 856 4091 quae
867 4030 907 4073 ex
917 4010 1034 4074 intimo
1044 4012 1191 4079 Naturae
1202 4036 1308 4095 sensu,
1320 4038 1388 4081 non

291 4142 363 4187 vero
376 4120 565 4205 phantasiae
580 4117 741 4183 erroribus
756 4113 1000 4193 depromuntur.

338 4223 422 4307 [la]
449 4223 559 4305 Atque
575 4220 627 4283 bis
642 4238 719 4281 sane
734 4214 896 4299 gradibus,
916 4217 966 4297 (ut
979 4216 1027 4279 ita
1041 4216 1168 4299 dicam,)
1185 4219 1236 4282 his
1251 4220 1389 4283 admini-

293 4325 371 4389 culis
394 4324 435 4389 ad
457 4324 582 4389 eoelum
606 4316 780 4396 asceudit¹¹‚
804 4316 845 4380 ad
867 4315 1053 4380 Medicinae
1073 4338 1191 4402 nempe
1211 4320 1387 4404 fastigium,

293 4426 495 4491 Medicorum
517 4424 571 4489 ille
602 4421 770 4497 Romulus,
791 4438 961 4500 nunquam
983 4417 1061 4481 satis
1082 4419 1232 4486 laudatam
1264 4423 1389 4507 Hippo

293 4536 416 4607 cratem
439 4528 495 4611 qui
511 4526 597 4591 banc
611 4524 686 4587 Arti
700 4518 848 4587 Medicas
862 4518 996 4599 insuper
1008 4520 1181 4587 struendae
1203 4525 1336 4591 solidam
1352 4549 1391 4593 ac

325 4725 446 4771 ‘laterem
457 4717 548 4783 haere]
561 4716 693 4777 “Purgem
705 4714 761 4761 mel
779 4710 815 4757 la·
862 4707 960 4757 Erasmi
981 4712 1058 4775 Δάας.
1076 4713 1091 4762 i.
1108 4716 1131 4761 4.
1149 4717 1188 4765 48.
1212 4716 1249 4763 Cf.
1263 4715 1385 4772 eslaford,

294 4791 370 4832 terem
397 4785 501 4843 lavem,”
520 4784 537 4830 i.
555 4798 575 4829 e.
599 4794 689 4838 operam
713 4778 815 4837 pedam.
861 4772 964 4819 Poroem.
978 4776 1060 4825 Graec·
1069 4778 1095 4824 in
1105 4776 1218 4828 πλίνθους
1229 4776 1336 4825 πλύνειν.

294 4848 390 4895 Terent.
403 4850 492 4897 Plora.
505 4848 520 4896 i.
534 4848 557 4894 4.
569 4845 601 4898 9..
609 4840 652 4887 ubi
663 4856 685 4887 ι.
696 4839 815 4899 Interpp.;
893 4836 906 4871 ‘¹
917 4838 1139 4904 adroelachJCi.
1145 4844 1221 4902 Epist.
1228 4840 1323 4899 RespJ.
1332 4839 1390 4893 5⁵1.
