3825 5759
501 654 564 717 ros
802 654 999 720 uuonan
1023 654 1281 723 ιιιιιιιιιιιιι
1324 616 1330 625 ’

372 832 469 880 reaia
500 820 613 881 nostra
627 814 798 880 Britannia
815 822 891 881 ante
907 816 1029 902 aliquot
1050 840 1152 883 annos
1168 825 1277 903 gestae
1296 819 1466 885 historiam
1485 815 1605 905 oppido

355 896 442 1007 63653
436 910 486 1007 ff„
501 938 608 982 raram
624 938 661 983 ac
676 919 868 1002 aproposito
882 927 995 984 nostro
1009 942 1076 985 non
1092 923 1230 986 alienam
1244 922 1298 985 hic
1311 923 1375 986 loci
1389 944 1559 1007 apponere.

351 1024 431 1145 ιέἓο
428 1037 490 1135 eo¹¹
552 1019 634 1103 [29]
664 1018 751 1083 Cum
776 1020 863 1085 inter
885 1029 1027 1086 caeteras
1052 1023 1138 1086 Belli
1162 1024 1272 1087 Civilis
1297 1025 1496 1089 calarnitates
1522 1047 1605 1109 quae

351 1157 489 1225 dd'fl‘ffl'
503 1123 588 1186 hano
612 1122 751 1205 patriam
780 1130 924 1187 nostram
954 1124 1133 1189 miserrime
1157 1126 1350 1205 afflixerunt,
1377 1128 1482 1191 Pestis
1504 1128 1604 1191 etiam

351 1248 392 1288 tur
402 1242 467 1288 iana
504 1223 653 1289 multis
644 1247 681 1287 ιιι
705 1225 782 1289 locis
812 1234 1020 1308 grassaretur,
1043 1249 1081 1292 ac
1105 1228 1221 1293 forte'
1211 1251 1248 1292 ιιι
1277 1228 1428 1293 castrum
1457 1230 1606 1294 Dunstar

350 1305 451 1417 31633
411 1369 494 1416 md
507 1326 624 1410 (quod
615 1348 650 1390 m
665 1328 828 1411 provincia
840 1329 1117 1393 Summertonensi
1127 1332 1227 1395 situm
1238 1331 1310 1414 est,)
1324 1331 1456 1395 aliunde
1465 1332 1603 1410 invecta,

352 1432 433 1543 ¹1¹3
436 1433 483 1545 ἱ
505 1429 626 1512 aliquot
641 1429 853 1512 praesidiariis
872 1452 947 1495 cum
962 1433 1162 1496 macularum
1181 1433 1412 1497 efflorescentia
1431 1433 1605 1516 derepente

352 1508 408 1625 3363
403 1560 419 1607 6
420 1512 479 1609 3633
505 1530 694 1595 exanimatis
695 1533 895 1616 ,complures
907 1534 1006 1599 etiam
1017 1535 1095 1598 alios
1106 1535 1324 1617 corripuissct;
1343 1534 1523 1617 Chirurgus
1534 1534 1605 1616 qui-

353 1630 421 1679 ⁸¹¹⁰³r
505 1631 590 1711 dam,
606 1633 696 1716 quia
715 1634 837 1717 longa
827 1657 863 1700 ιιι
884 1636 1070 1719 regionibus
1089 1637 1206 1700 exteris
1227 1635 1484 1719 peregrinatione
1502 1634 1606 1698 redux

505 1743 585 1799 tunc
598 1734 752 1819 temporis
774 1738 934 1820 stipendia
952 1738 1039 1801 inter
1053 1738 1132 1801 alios
1146 1737 1294 1814 faciebat,
1309 1759 1330 1801 a
1342 1736 1494 1819 praesidii
1508 1736 1604 1799 Prae·

504 1838 590 1902 l’ecto
611 1838 705 1901 enixe
724 1845 817 1921 rogat
836 1845 875 1903 ut
894 1839 956 1903 sibi
977 1840 1088 1903 liceret
1111 1838 1385 1904 commilitonibus
1407 1838 1473 1902 suis
1494 1845 1604 1901 trucu-

504 1940 595 2004 lento
618 1938 731 2003 morbo
754 1940 906 2023 correptis
930 1962 989 2023 pro
1010 1941 1094 2003 virili
1115 1961 1320 2018 succurrere,
1344 1961 1407 2023 quo
1429 1947 1605 2016 aunuente,

506 2041 642 2122 singulis
665 2041 769 2123 aegris
794 2042 905 2105 statim
930 2064 950 2105 a
972 2043 1077 2125 primo
1099 2042 1204 2106 morbi
1226 2042 1361 2120 insultu,
1388 2048 1485 2123 atque
1513 2040 1605 2103 nullo

507 2142 613 2207 adhuc
637 2148 764 2205 tumore
785 2144 967 2226 conspicuo,
990 2144 1182 2226 sanguinem
1203 2144 1331 2227 ingenti
1352 2143 1444 2226 copia
1467 2142 1606 2206 detraxit

506 2243 609 2307 donec
630 2244 765 2327 pedibus
782 2244 917 2309 deficere
933 2246 1122 2329 inciperent,
1136 2268 1214 2309 narn
1234 2245 1397 2310 stantibus
1414 2266 1452 2308 ac
1473 2244 1533 2307 suh
1551 2244 1606 2307 dio

505 2365 588 2407 vena
601 2352 732 2428 pertusa
748 2352 807 2424 est,
822 2367 882 2410 nec
905 2347 1039 2411 aderant
1054 2348 1182 2411 vascula
1201 2368 1283 2431 quae
1298 2347 1418 2411 cruoris
1435 2347 1606 2410 interram

506 2446 665 2511 effluentis
682 2466 866 2511 mensuram
881 2448 1064 2512 delinirent.
1111 2450 1184 2513 Hoc
1205 2450 1301 2527 facto,
1317 2469 1372 2513 eos
1389 2448 1425 2511 in
1442 2446 1607 2529 truguriola

506 2570 564 2612 sua
585 2548 626 2611 ad
648 2549 907 2613 decumbentium
929 2550 1072 2615 dimisit:
1097 2559 1131 2615 et
1151 2572 1335 2635 quanquam
1350 2572 1371 2613 a
1388 2549 1606 2633 phlebotomia

504 2650 632 2716 nullum
653 2652 786 2716 omnino
807 2652 986 2717 remedium
1008 2654 1166 2732 adhibuit,
1188 2660 1300 2717 tamen
1323 2674 1363 2716 ex
1388 2652 1605 2734 complurimis

503 2753 543 2817 iis
558 2774 637 2835 quos
652 2753 713 2818 hoc
734 2754 831 2819 modo
845 2762 1015 2820 tractasset
1033 2758 1163 2838 (mnam
1178 2756 1291 2838 dictu)
1308 2776 1350 2819 ne
1367 2775 1453 2817 unus
1475 2754 1606 2837 quidem

502 2854 703 2921 desideratus
719 2863 777 2922 cst.
823 2858 884 2922 Vir
898 2858 1116 2923 nobilissimus
1128 2860 1223 2943 juxta
1252 2878 1289 2921 ac
1303 2878 1432 2921 mamm
1445 2855 1606 2939 probitate

504 2964 601 3039 atque
624 2958 687 3027 fide
717 2960 908 3043 spectabilis,
933 2962 1008 3025 ΒΜ·
1037 2962 1227 3025 Ιιιιιιιιιιιιι
1247 2958 1435 3037 Windham,
1457 2958 1606 3021 Militum

504 3057 677 3140 Tribunus,
694 3082 730 3125 ac
750 3062 904 3145 praedicti
925 3063 1032 3127 (lustri
1045 3069 1126 3127 tunc
1140 3062 1295 3145 temporis
1314 3060 1510 3138 Praefectus,
1525 3059 1606 3123 mihi

503 3160 583 3225 haec
597 3164 719 3241 retulit,
731 3172 764 3227 et
780 3166 960 3228 etiamnum
973 3167 1010 3229 in
1023 3165 1102 3228 vivis
1117 3172 1176 3243 ιιι,
1188 3186 1247 3248 pro
1261 3185 1300 3228 ea
1314 3186 1379 3247 qua
1393 3171 1443 3227 est
1457 3162 1605 3225 humaui·

503 3268 572 3325 tate
586 3264 633 3327 rei
648 3272 757 3345 gestae
771 3266 939 3329 veritatem
954 3267 1086 3331 utilibet
1098 3266 1263 3331 dubitanti
1277 3266 1535 3330 confirmaturus.

548 3364 637 3429 Quid
651 3366 799 3430 mihimet
813 3368 875 3449 ipsi
890 3368 975 3432 circa
988 3370 1074 3433 hauc
1093 3391 1163 3433 rem
1185 3369 1349 3451 singulare
1370 3389 1408 3432 ac
1424 3372 1606 3431 memoratu

503 3464 640 3548 dignum
655 3468 827 3550 aliquando
842 3470 1010 3535 observare
1025 3472 1172 3554 contigit,
1184 3472 1302 3535 Lector
1312 3470 1447 3533 inferius
1461 3469 1605 3552 accipiet,
1656 3468 1665 3481 ’

503 3568 561 3632 uhi
575 3589 677 3651 pauca
691 3590 739 3648 ea,
751 3592 833 3654 quae
848 3571 1050 3638 demetiente
1060 3595 1185 3657 nupera
1193 3575 1289 3637 Peste
1304 3573 1504 3636 londinensi
1518 3594 1539 3635 a
1551 3592 1605 3637 me

503 3691 567 3733 usu
588 3676 685 3754 atqua
707 3673 904 3756 experientia
925 3682 1083 3740 annotata
1102 3676 1246 3754 fuerunt,
1261 3675 1395 3739 inferius
1423 3674 1456 3758 [ι
1472 3674 1516 3738 36
1538 3672 1602 3759 sq.]

504 3772 682 3837 ostendam.

351 3884 441 3932 reale
442 3884 491 3932 ntis
553 3874 635 3959 [30]
665 3876 810 3961 Hujusce
832 3885 942 3943 autem
963 3900 1100 3963 praxeos
1121 3880 1297 3945 utilitatem
1323 3878 1383 3943 etsi
1403 3898 1472 3940 non
1492 3881 1604 3939 mente

347 3949 408 3995 ¹²⁰¹
348 3950 485 4073 63333336
502 3982 633 4042 tantum
652 4000 689 4043 ac
704 3979 827 4063 judicio
846 4002 1008 4065 assequor,
1022 4004 1135 4047 verum
1155 3984 1254 4048 etiarn
1271 3983 1376 4066 reipsa
1389 3986 1486 4062 atque
1508 3977 1603 4042 editis

347 4091 468 4201 ς’)
379 4077 482 4125 Wi⁸⁸5¹
461 4088 729 4180 ειιιιιιιιιιιιιιιιιι
760 4090 884 4154 dudum
910 4092 1081 4175 exploravi,
1105 4100 1217 4157 tamen
1243 4091 1430 4157 Pestilentia
1452 4088 1605 4153 fermenti

429 4206 559 4274 niper
574 4191 778 4276 diaphoresin
798 4192 964 4277 dissipatio
982 4215 1059 4278 prae
1078 4194 1223 4279 ejusdem
1239 4216 1298 4278 per
1315 4214 1430 4258 venae-
1431 4192 1604 4256 sectionem

453 4294 709 4383 mevacuatione
724 4296 804 4359 mihi
819 4297 930 4360 multis
946 4295 1133 4361 nominibus
1148 4296 1289 4375 arridet,
1310 4303 1426 4379 utpote
1447 4315 1530 4378 quae
1543 4314 1605 4357 nec

346 4338 672 4507 d13⁰¹¹¹u¹¹⁰·mmeaegrorum
682 4399 764 4463 vires
780 4420 881 4482 aeque
896 4406 1090 4483 prosternat,
1100 4420 1162 4463 nec
1176 4399 1345 4463 Medicum
1355 4397 1507 4463 infamiae
1520 4398 1604 4480 peri-

347 4467 732 4582 63333633οιιιοοιι6ιιιιι.
777 4503 880 4584 Atqui
903 4502 1036 4566 ethaeo
1056 4501 1301 4566 difficultatibus
1320 4501 1386 4563 suis
1408 4521 1476 4563 non
1493 4506 1604 4577 vacat,

345 4604 388 4654 Qu
392 4604 446 4651 ibus
502 4599 606 4681 primo
630 4601 717 4664 enim
741 4604 862 4682 multis,
887 4624 925 4667 ac
954 4606 1143 4688 praesertim
1169 4603 1328 4667 calidioris
1357 4600 1606 4685 temperamenti

345 4668 483 4781 3336663863
467 4734 487 4781 6,
498 4706 681 4790 juvenibus,
699 4709 829 4773 sudores
845 4712 972 4793 aegrius
991 4712 1224 4796 proliciuntur,
1247 4710 1429 4796 cujusmodi
1446 4716 1603 4797 aegrotos,

345 4796 441 4847 aaoas
502 4828 565 4891 quo
579 4808 707 4892 hydrot
699 4810 756 4874 reis
772 4811 956 4877 fortioribus
972 4836 1010 4879 ac
1025 4815 1230 4879 cumulatiori
1244 4820 1510 4897 tegumentorum
1523 4832 1603 4893 pon-

345 4282 488 4329 peren
