3825 5759
541 693 608 758 356
854 691 1051 758 ΤΗΟΜΑΕ
1075 691 1337 757 SYDENHAM

390 870 431 917 na
444 867 529 918 viar·
544 877 673 920 omnem
698 852 940 920 sudorifioorum
965 856 1030 919 vim
1054 855 1241 920 eluderent:
1263 856 1372 918 oleum
1393 853 1523 918 interea
1552 853 1678 918 febris

389 936 530 1047 οζῗυξξξ
544 958 614 1041 igni
636 957 819 1036 affuderau,
843 978 906 1040 qno
925 957 983 1021 illa
1003 958 1145 1021 multum
1166 957 1354 1021 increverat.
1398 957 1472 1039 Ego
1488 957 1567 1039 jam
1595 958 1678 1020 Va-

394 1060 528 1078 ’“““““
544 1062 640 1124 riolas
661 1059 749 1123 brevi
771 1061 946 1124 exorituras
966 1059 1160 1143 suspicabar,
1175 1079 1292 1142 easque
1313 1059 1487 1142 insigniter
1505 1059 1675 1122 conflux-

545 1183 629 1239 uras,
653 1169 725 1224 tum
748 1163 790 1225 ob
814 1163 928 1224 aetatis
951 1162 1105 1244 vigorem,
1125 1169 1199 1225 tum
1218 1161 1318 1225 etiam
1344 1161 1431 1244 quod
1453 1161 1670 1244 sangninem

545 1265 686 1327 multum
701 1263 926 1327 excalefecerat
941 1263 1034 1328 irrito
1055 1264 1181 1328 sudoris
1195 1263 1408 1346 extorquendi
1421 1271 1555 1341 conatu,
1579 1267 1670 1347 (quo

546 1366 687 1452 quidem,
698 1366 725 1428 si
739 1365 835 1429 modo
850 1374 973 1430 aestate
987 1375 1216 1450 aegrotaverat,
1232 1373 1266 1430 et
1280 1367 1416 1430 mictum
1431 1365 1667 1448 sanguineum

546 1476 579 1532 et
600 1469 741 1532 macidas
759 1489 936 1552 purpureas
956 1477 1044 1532 certo
1066 1468 1295 1547 advocaverat)
1313 1475 1386 1530 tum
1399 1488 1475 1530 vero
1496 1468 1665 1546 maxime,

546 1572 633 1658 quod
659 1593 784 1655 semper
807 1571 1040 1636 observaverim
1057 1572 1094 1634 in
1112 1570 1286 1654 juvenibus
1306 1569 1442 1633 immani
1460 1569 1664 1648 vomitione,

546 1673 757 1758 aegritudine,
776 1681 808 1738 ct
829 1674 937 1738 dolore
954 1680 1083 1756 praeter
1102 1673 1232 1737 solitum
1247 1672 1378 1750 vexatis,
1394 1671 1546 1735 Variolas
1565 1673 1663 1736 inse-

547 1787 682 1860 quentes
703 1779 790 1840 ultra
811 1777 944 1840 modum
964 1777 1166 1840 confluxisse.
1209 1777 1325 1839 Meum
1340 1776 1452 1860 itaque
1470 1795 1545 1838 esse
1559 1785 1662 1839 ratus

546 1889 583 1943 ut
595 1882 722 1944 nullum
737 1902 804 1944 non
818 1880 957 1963 lapidem
972 1888 1151 1944 moverem·
1162 1900 1226 1963 quo
1237 1899 1482 1962 praeproperam
1493 1879 1661 1942 materiae

546 1984 730 2046 Variolosae
745 1982 1007 2045 assimilationem
1021 1981 1232 2059 obstruerem,
1247 2003 1268 2044 a
1281 1981 1365 2044 lecto
1378 1979 1471 2043 illurn
1487 1981 1657 2058 arcebam,

546 2085 608 2147 nisi
631 2086 723 2148 statis
745 2083 834 2166 prius
853 2084 941 2146 horis
964 2083 1079 2148 somni.
1124 2085 1187 2148 Die
1202 2084 1349 2166 sequenti
1367 2084 1495 2165 (tertius
1509 2083 1539 2146 is
1554 2087 1654 2163 erat)

546 2185 684 2249 Variolis
714 2185 859 2248 nondum
889 2186 1160 2268 comparentibus,
1190 2186 1355 2267 sanguinis
1383 2185 1497 2249 uncias
1526 2196 1606 2249 octo
1636 2207 1655 2250 e

546 2288 659 2350 dextro
684 2286 816 2350 brachio
840 2307 935 2350 mane
959 2287 1084 2351 extrahi
1110 2287 1282 2352 curabam:
1316 2288 1458 2371 optimus
1486 2297 1559 2352 erat
1584 2289 1653 2366 ille,

545 2389 749 2472 floridusque,
776 2409 851 2452 cum
881 2389 987 2454 adhuc
1012 2391 1221 2472 spirituosum
1245 2397 1376 2453 tantum
1400 2389 1531 2470 μίωμα
1556 2411 1652 2454 exce·

545 2499 647 2577 perat,
664 2491 809 2556 nondum
823 2513 898 2556 vero
912 2493 1118 2576 putredinem
1138 2492 1229 2556 illam
1244 2513 1342 2575 quam
1356 2493 1507 2556 conciliat
1520 2493 1651 2575 longior

546 2595 650 2660 morbi
672 2616 771 2673 mora,
787 2603 820 2659 et
840 2595 875 2658 in
896 2617 1009 2659 eorum
1031 2595 1241 2677 sanguinent
1255 2595 1431 2678 plurimum
1451 2595 1649 2678 conspicitur

546 2699 603 2784 qui
626 2719 731 2782 nuper
755 2697 795 2761 ab
820 2698 880 2762 hoc
904 2697 1017 2761 morbo
1042 2697 1273 2760 convaluerint.
1322 2694 1414 2760 Hora
1436 2696 1551 2779 quinta
1575 2705 1648 2780 post

545 2801 713 2865 meridiem
735 2800 800 2864 diei
820 2800 975 2884 ejusdem,
989 2799 1161 2863 infusionis
1183 2799 1268 2862 croci
1289 2799 1495 2862 metallorum
1516 2799 1645 2862 nnciam

544 2927 644 2968 unam
660 2904 799 2982 exhibui,
816 2926 854 2968 ex
870 2925 934 2987 qua
948 2903 1026 2966 satis
1040 2902 1208 2966 commode
1221 2901 1379 2980 vomebat,
1395 2909 1429 2965 et
1444 2901 1644 2985 aegritudine

545 3007 668 3072 levatus
682 3009 778 3091 longe
794 3007 908 3071 melius
922 3005 1041 3068 habere
1052 3005 1137 3068 visus
1147 3011 1207 3082 est,
1215 3005 1285 3087 jam
1298 3002 1387 3068 haud
1397 3003 1518 3067 invitus
1529 3004 1644 3068 alecto

546 3109 720 3188 abstinens,
736 3132 755 3173 a
777 3132 841 3192 quo
862 3108 951 3192 prius
974 3108 1150 3189 aegerrime
1165 3128 1199 3169 se
1214 3106 1321 3169 divelli
1335 3105 1529 3189 patiebatur,
1543 3105 1643 3188 aegri·

545 3211 659 3274 tudine
683 3219 715 3273 et
741 3209 897 3291 vertigine
921 3217 1091 3272 mactatus.
1137 3208 1199 3272 Die
1226 3215 1341 3291 quarto
1363 3228 1459 3271 mane
1480 3207 1642 3285 accedens,

546 3313 782 3388 exanthemata,
799 3310 916 3392 quibus
932 3311 1159 3392 praecavendis
1180 3317 1274 3373 tanta
1294 3309 1420 3374 fueram
1442 3309 1584 3388 molitus,
1605 3331 1642 3372 eo

545 3435 680 3477 numero
700 3411 892 3495 prodeuntia
909 3413 1071 3495 conspexi,
1085 3421 1134 3489 ut,
1150 3412 1191 3475 ab
1211 3411 1379 3494 insigniori
1398 3432 1496 3494 quern
1516 3411 1640 3473 minita-

546 3515 665 3578 bantur
681 3513 841 3592 confluxu,
857 3515 945 3594 aegri
959 3514 1044 3577 vitae
1058 3513 1271 3577 metuendum
1285 3520 1344 3576 est.
1390 3513 1571 3594 Diligenter
1583 3513 1639 3576 ita-

546 3637 608 3698 que
628 3615 779 3679 cavebam
801 3637 843 3678 ne
865 3617 949 3679 lecto
971 3615 1115 3678 interdiu
1136 3615 1392 3678 committeretur
1402 3641 1412 3691 ;
1439 3613 1638 3678 consulebam

545 3718 643 3779 etiam
665 3725 703 3779 ut
725 3717 908 3780 cerevisiam
929 3725 1064 3780 tenuem
1086 3717 1200 3799 spiritu
1221 3717 1340 3780 vitrioli
1362 3717 1520 3780 instillato
1537 3717 1637 3780 acidu-

545 3820 644 3883 latam
659 3825 794 3902 potaret.
839 3819 881 3882 In
904 3819 954 3882 his
976 3818 1019 3882 ad
1040 3825 1168 3881 sextum
1180 3841 1284 3902 usque
1299 3819 1386 3882 diem
1399 3819 1635 3902 perseverabat3

545 3919 661 4002 quibus
676 3918 788 3982 diebus
802 3919 877 3984 licet
900 3941 968 3984 non
989 3927 1181 4002 aegrotaret,
1196 3921 1254 3983 sed
1275 3942 1355 3985 aura
1368 3921 1501 3984 liberius
1515 3941 1635 3985 vescens

545 4021 685 4086 multum
708 4024 900 4100 reficeretur,
927 4029 1039 4084 tamen
1062 4021 1132 4084 alvo
1153 4023 1291 4086 subinde
1312 4024 1431 4088 laxiore
1452 4024 1524 4086 fuit.
1569 4023 1634 4086 Jam

545 4123 605 4187 sub
620 4125 751 4189 meridie
766 4147 833 4188 non
848 4123 976 4188 valebat
989 4124 1126 4187 ulterius
1143 4125 1241 4208 (quod
1262 4126 1315 4189 hic
1336 4126 1406 4190 fieri
1421 4127 1559 4206 assolet)
1574 4146 1633 4188 sea

544 4227 628 4290 lecto
650 4226 829 4303 abstinere3
853 4226 1006 4290 decubuit
1027 4226 1136 4310 itaque
1153 4249 1256 4309 usqne
1278 4228 1320 4291 ad
1341 4229 1442 4292 finem
1463 4227 1575 4306 morbi,
1587 4247 1633 4290 mc

544 4349 611 4392 nou
633 4329 822 4406 reluctante,
838 4351 913 4392 cum
935 4350 1025 4394 nunc
1046 4330 1227 4413 empissent
1249 4331 1399 4413 pustulae
1414 4352 1537 4408 omnes,
1552 4349 1630 4413 qnae,

544 4452 611 4494 non
637 4431 786 4496 obstante
810 4451 883 4494 meo
909 4432 999 4496 omni
1021 4433 1200 4512 conamine,
1225 4433 1297 4515 plns
1319 4434 1397 4497 satis
1419 4432 1630 4497 confluebant:

545 4534 689 4613 quamvis
708 4533 795 4596 enirn
817 4532 968 4614 pauciora
989 4543 1081 4600 erant
1104 4533 1332 4599 exanthemata
1350 4535 1390 4598 iis
1408 4557 1491 4618 quae
1509 4535 1543 4598 in
1562 4555 1631 4597 non-

544 4635 641 4698 nullis
663 4633 825 4698 observavi
847 4635 887 4698 ab
909 4635 971 4700 hoc
990 4636 1103 4700 morbo
1128 4637 1287 4714 extinctis,
1309 4637 1402 4720 plura
1422 4645 1515 4700 erant
1534 4646 1629 4700 taum

577 4797 585 4818 ¹
598 4795 668 4838 cleram
677 4797 726 4854 igni
736 4795 821 4858 offrid]
829 4797 957 4861 Cfisupp.
965 4800 1070 4848 ruunt
1116 4801 1176 4845 aiat!
1186 4802 1321 4845 intentatam
1338 4803 1493 4861 relinqueres.
1515 4799 1552 4845 Cf.
1564 4797 1627 4844 Erat·

576 4859 689 4904 'vallam
707 4875 749 4906 aaa
767 4863 864 4920 lapidem
883 4861 1004 4923 molarem]
1022 4863 1071 4910 ie.
1116 4863 1151 4910 mi
1163 4866 1243 4924 Adcg.
1254 4863 1269 4910 i.
1284 4865 1306 4908 4.
1319 4865 1358 4910 30.
