3825 5759
534 581 600 648 318
848 581 1043 644 ΙῙἮΟΜΑΕ
1067 579 1325 646 SYDENHAM

398 763 440 811 na
453 762 511 810 Lus
534 748 682 808 recenter
703 745 847 804 extracto
868 739 1114 822 perungendam
1135 761 1232 818 curo,
1255 708 1371 804 deinde
1392 741 1625 823 emplastrum
1645 765 1671 806 e

378 828 521 908 Q
533 843 791 926 mucilaginibus,
805 843 873 906 alut
859 849 912 906 tae
927 841 1065 924 agninae
1075 842 1256 922 inductum,
1266 842 1359 905 labiis
1361 843 1529 957 praeputii
1540 845 1668 907 tumi-

534 950 582 1013 dis
605 945 925 1031 circumponendum.
972 944 1110 1010 Quod
1086 967 1113 1006 si
1133 945 1226 1008 uleus
1239 943 1316 1008 vel
1306 965 1342 1006 m
1358 943 1458 1027 ipsius
1476 947 1666 1029 praeputii

533 1052 635 1132 labiis,
650 1052 722 1116 vel'
714 1073 749 1114 ιιι
769 1049 914 1134 subjecta
928 1047 1055 1130 glande,
1069 1048 1216 1125 haerens,
1232 1067 1291 1110 sua
1309 1047 1485 1112 callositate
1498 1048 1597 1128 facit¹
1612 1061 1662 1114 ut

533 1154 615 1218 illud
628 1175 696 1218 non
710 1152 772 1216 nisi
790 1173 884 1235 aegre
898 1151 999 1234 possit
1013 1149 1144 1227 retrahi,
1158 1157 1287 1232 praeter
1300 1149 1406 1214 fotum
1417 1150 1488 1235 jam
1501 1151 1659 1231 dictum,

534 1277 671 1340 sequens
685 1255 783 1320 etiam
796 1253 1004 1318 linimentum
1017 1251 1199 1337 praescribo
1209 1276 1263 1316 :-

535 1417 636 1484 [Form.
648 1415 719 1481 64.]⁸
744 1412 776 1494 R
797 1414 936 1484 Unguenti
949 1412 1059 1466 Basilici
1071 1411 1209 1465 drachmm
1220 1429 1277 1477 sex,

800 1501 938 1570 Unguenti
951 1517 966 1552 e
979 1499 1122 1552 Nicetiana
1135 1497 1274 1551 drachmas
1285 1495 1360 1563 duas,

798 1586 971 1656 Praecipitasti
997 1584 1110 1648 [Rubri]
1138 1586 1215 1654 Aqua
1238 1584 1369 1638 Rosarum
1392 1583 1451 1650 loti,
1478 1594 1506 1639 et
1535 1589 1649 1658 optime

833 1673 968 1742 laevigati,
979 1670 1198 1724 semidraohmam
1209 1689 1217 1733 ς

676 1761 775 1822 Misce;
794 1758 842 1812 fiat
852 1759 1031 1821 linimentum,
1043 1774 1096 1827 quo
1107 1757 1183 1810 hutei
1197 1773 1289 1810 rasura
1300 1757 1445 1823 imbuatur,
1456 1767 1485 1813 et
1497 1758 1647 1814 mauseolo

673 1846 845 1900 admoveatur
856 1860 957 1916 semper
967 1852 1028 1914 post
1038 1843 1108 1896 fotus
1118 1844 1272 1914 praescripti
1282 1860 1368 1897 usum

382 2056 388 2070 ,
489 2015 499 2030 ·
583 1982 666 2070 [23]
695 1982 762 2048 Ubi
775 2003 860 2060 vero,
877 1981 940 2044 sive
956 1980 1043 2063 quod
1061 1980 1151 2064 justo
1170 1979 1330 2044 maturius
1345 1980 1557 2046 Gonorrhoea
1579 1983 1643 2046 sis-

447 2082 506 2167 ·„'
535 2093 634 2165 tatur,
651 2085 715 2148 sive
738 2083 779 2146 ah
801 2082 950 2147 exercitio
969 2081 1209 2159 vehementiori,
1230 2089 1287 2145 aut
1304 2082 1367 2145 alia
1383 2103 1576 2167 quacunque
1596 2085 1643 2150 de

412 2201 437 2232 ¹¹¹
480 2211 491 2223 ·
536 2209 642 2266 causa,
658 2191 801 2249 scrotum
815 2185 885 2268 jam
899 2183 1004 2248 morbi
1019 2183 1110 2247 sedes
1125 2184 1165 2247 ab
1180 2185 1293 2248 eadem
1310 2184 1346 2247 in
1359 2191 1522 2248 tumorem
1535 2185 1641 2268 insig-

535 2289 661 2354 niorem
678 2287 847 2366 attollitur,
862 2285 1063 2370 praedictum
1080 2287 1186 2350 fotum
1204 2286 1255 2350 bis
1275 2286 1312 2350 in
1331 2287 1383 2351 die
1398 2288 1484 2370 parti
1500 2289 1639 2352 affectae

535 2391 697 2470 admoveo,
713 2389 809 2453 modo
823 2410 891 2453 non
905 2388 1141 2452 imminuantur
1156 2396 1189 2453 et
1204 2389 1341 2453 doloret
1355 2397 1465 2453 tumor
1479 2390 1638 2473 cataplas-

534 2502 621 2559 mate
635 2493 732 2576 volgo
751 2499 830 2556 noto
844 2512 884 2555 ex
898 2498 1050 2575 oxycrato
1071 2498 1104 2554 et
1118 2491 1224 2555 farina
1240 2491 1398 2555 fabarum.
1444 2491 1535 2556 Haec
1554 2492 1636 2558 dnm

533 2597 619 2662 foras
640 2601 850 2681 peragimur,
871 2614 939 2657 non
962 2592 1073 2657 desino
1093 2593 1242 2656 remediis
1267 2601 1300 2657 et
1324 2593 1507 2658 catharticis
1528 2601 1562 2658 et
1582 2615 1635 2658 re·

533 2697 772 2784 frigerantibus,
789 2704 893 2780 quaeu
912 2695 1009 2759 modo
1025 2695 1297 2779 praescripsimus,
1311 2695 1546 2780 introsnmptis,
1560 2703 1633 2760 tum

512 2803 632 2868 etiam
655 2802 761 2866 diaeta
782 2799 975 2883 supradicta,
990 2798 1118 2862 hostem
1139 2818 1275 2880 urgere3
1297 2817 1404 2881 neque
1425 2797 1506 2860 mihi
1523 2798 1634 2881 religio

420 2899 422 2902 ⁵
533 2914 592 2986 est,
605 2906 715 2990 quovis
729 2905 864 2988 hujusce
873 2917 888 2948 ¹
899 2902 977 2966 mali
991 2909 1137 2985 tempore
1151 2900 1317 2984 sanguinis
1331 2901 1443 2964 uncias
1457 2923 1572 2965 novem
1586 2901 1634 2965 vel

533 3009 644 3074 decem
664 3007 828 3073 ebrachio
847 3007 910 3070 isto
932 3005 1101 3069 detrahere
1116 3004 1203 3087 quod
1221 3004 1371 3068 testiculo
1393 3005 1568 3069 tumefacto
1583 3025 1632 3069 re·

533 3111 681 3196 spondet,
698 3111 725 3174 si
744 3109 880 3173 tumoris
898 3106 1090 3190 magnitudo
1109 3114 1143 3169 et
1157 3105 1361 3170 vehementia
1375 3107 1492 3170 doloris
1508 3106 1543 3170 id
1556 3107 1632 3170 mihi

535 3212 703 3277 suadeant.
748 3211 857 3294 Atque
871 3209 951 3272 haec
965 3209 1123 3272 hactenus
1138 3208 1179 3270 de
1195 3207 1414 3272 Gonorrhoea.

382 3325 538 3376 Leucon-⁴
584 3313 667 3396 [24]
688 3311 771 3375 Cum
783 3332 858 3375 vero
873 3331 1014 3394 eousque
1028 3309 1199 3373 invaluerit
1213 3309 1356 3389 morbus,
1368 3317 1407 3373 ut
1417 3311 1487 3394 jam
1501 3311 1631 3376 Vererer

382 3405 520 3504 ssssffiff
534 3415 626 3494 Maca,
637 3414 689 3478 vel
702 3413 785 3476 Laes
802 3411 1001 3494 Coafimctu,
1016 3412 1157 3494 praecise
1173 3411 1236 3475 dici
1248 3419 1421 3492 mereatur,
1431 3413 1630 3481 aliaomnino

383 3523 448 3581 Lien
449 3523 522 3582 οοῐιὲ
534 3523 629 3601 porta
654 3514 837 3598 quaerenda
866 3521 924 3593 est,
950 3521 984 3578 et
1010 3513 1132 3577 duriori
1159 3513 1234 3578 huic
1257 3513 1343 3578 nodo
1372 3536 1495 3580 cunam
1523 3515 1630 3581 itidem

381 3597 489 3710 {mi
536 3617 646 3682 donor
660 3624 709 3681 est
729 3615 947 3694 adhibendus3
971 3614 1231 3698 quandoquidem
1252 3616 1380 3680 nullum
1395 3617 1500 3682 adhuc
1513 3620 1628 3702 experi-

380 3739 425 3802 Pyr
433 3725 567 3838 miii..
535 3725 684 3783 mentum
703 3717 802 3802 (quod
816 3717 913 3781 sciam
914 3717 936 3800 ,)
954 3716 1073 3780 adferri
1093 3717 1194 3800 possit
1208 3718 1359 3802 extirpati
1371 3719 1506 3804 hujusce
1519 3719 1623 3798 morbi,

381 3790 498 3918 ming*
534 3819 598 3884 nisi
618 3841 676 3904 per
691 3817 910 3883 salivationem
932 3815 973 3881 ab
987 3817 1187 3903 hydrargyro
1201 3821 1384 3901 excitatam,
1400 3823 1622 3908 quicquidtam

382 3919 513 4032 ‘¹322‘
535 3923 705 3988 doctorum
721 3920 880 3998 nonnulli,
896 3941 995 4002 quam
1008 3919 1223 4001 indoctorum,
1239 3922 1279 3986 de
1294 3923 1363 3986 aliis
1383 3925 1518 3988 sanandi
1530 3921 1624 3987 modis

381 3997 472 4110 iiorpaa
535 4025 612 4091 satis
634 4032 756 4090 temere
774 4029 807 4088 et
830 4021 983 4086 audacter
1004 4021 1212 4087 effirtiverint.
1258 4023 1342 4088 Cum
1360 4021 1470 4106 itaque
1492 4023 1625 4088 salivatio

534 4150 665 4195 omnem
686 4125 738 4190 hic
753 4146 927 4189 numerum
945 4122 1098 4204 absolvat,
1113 4123 1149 4187 id
1167 4130 1299 4188 tantum
1317 4123 1399 4187 mihi
1412 4124 1577 4205 incumbit,
1590 4133 1625 4190 ut

534 4254 616 4317 quae
627 4231 662 4295 in
676 4251 715 4294 ea
722 4237 814 4294 tum!
829 4226 1007 4305 excitanda,
1017 4234 1090 4290 tum
1105 4226 1202 4289 etiam
1212 4225 1365 4308 regenda,
1380 4233 1414 4290 ct
1424 4227 1508 4291 ratio
1520 4227 1625 4310 (qualis

534 4333 636 4417 qualis
651 4353 690 4395 ea
704 4331 835 4395 demum
848 4329 970 4412 hieria)
988 4335 1021 4392 et
1036 4327 1215 4393 observatio
1231 4327 1351 4392 rationi
1366 4329 1542 4414 suffragata
1553 4330 1624 4394 mihi

535 4431 735 4510 dictaverint,
752 4430 934 4494 edisseram.

583 4533 666 4618 [25]
694 4533 737 4596 In
760 4529 916 4616 principio
943 4537 1054 4595 autem
1079 4552 1120 4595 ne
1143 4531 1330 4615 conjectura
1353 4533 1484 4619 quidem
1509 4536 1622 4620 assequi

568 4705 574 4733 ¹
593 4703 629 4752 Cf.
640 4703 708 4751 form.
722 4703 776 4752 226.
1135 4711 1145 4733 ¹
1163 4705 1257 4767 caym
1269 4705 1338 4768 aaa]
1351 4711 1422 4755 morbi
1433 4708 1470 4756 ed.
1484 4711 1530 4755 ’80.

567 4775 578 4796 '¹
596 4785 652 4829 prece
665 4771 727 4816 modo
735 4765 853 4828 praesen]
866 4781 912 4816 om.
926 4767 962 4816 ed.
976 4769 1023 4815 '8st
1133 4781 1144 4813 ι
1162 4769 1223 4833 tam]
1235 4770 1271 4818 sic
1282 4771 1320 4818 ed.
1332 4773 1380 4828 'aa
1392 4787 1439 4821 ona
1452 4773 1488 4820 ed.
1501 4774 1550 4820 ’sa
