3825 5759
633 646 891 713 PROCESSUS
914 647 1120 713 INTEGRI.
1362 646 1427 709 583

324 809 428 880 [Form.
439 812 515 877 θοὰ]
557 804 759 887 [iconiense
770 809 905 863 Absinthii
917 808 1041 875 Romani,
1466 828 1507 877 pfl
1520 829 1563 877 10.

605 895 752 951 conservae
765 895 916 952 Flavedinis
924 899 1122 977 durantiotum,
1131 916 1183 955 ana
1192 902 1298 956 anniam
1308 914 1399 965 unam,
1441 892 1582 975 Qq-

604 984 748 1054 Angelioae
761 985 892 1051 conditae,

610 1072 696 1126 Nonis
708 1072 863 1129 Mosobatao
875 1074 1007 1140 conditae,

607 1157 725 1212 Pulveris
738 1160 786 1211 Ari
798 1160 959 1230 Compositi,

605 1244 732 1317 Chalybis
742 1263 803 1300 oum
814 1246 897 1301 Aoeto
908 1252 1065 1319 praeparati,
1078 1267 1130 1307 ana
1141 1256 1323 1321 semiunciam,

607 1331 728 1388 Extraoti
741 1334 878 1389 centaurii
891 1336 1015 1403 Minoris,

608 1420 730 1476 Extraoti
743 1422 902 1488 Gentianae,

606 1508 738 1563 Cremonis
749 1510 862 1574 Tartari,
873 1527 926 1563 ana
937 1510 1076 1565 drachmas
1087 1511 1164 1577 duas,

607 1594 686 1648 Croni
697 1596 804 1665 Anglioi
816 1595 945 1667 pulverati
956 1598 1188 1666 semidraohnrom,

608 1699 669 1736 oum
678 1682 823 1737 sufficiente
832 1685 981 1753 quantitate
991 1685 1087 1756 Syropi
1097 1685 1130 1741 de
1138 1686 1263 1758 Quinque
1269 1690 1425 1763 Radioibus;

467 1773 530 1828 Fiat
541 1773 720 1838 electuarium,
733 1773 766 1827 de
778 1788 831 1842 quo
848 1773 937 1843 oapiat
947 1773 983 1827 od
995 1774 1207 1845 magnitudinem
1219 1780 1295 1833 nucis
1305 1783 1427 1837 mosoba-

467 1868 511 1938 tae
523 1874 604 1911 mane
623 1866 650 1911 et
661 1857 725 1911 bora
738 1859 834 1927 quinta
850 1858 1040 1929 pomeridiana,
1053 1861 1104 1929 (vel
1116 1864 1174 1917 vioe
1186 1864 1321 1921 electuarii
1339 1878 1429 1925 sumat

466 1946 562 2016 pilulas
572 1947 759 2017 chalybeum.)
771 1948 962 2017 superbibendo
974 1958 1033 2020 post
1043 1952 1202 2007 matutinam
1214 1953 1288 2009 dosin
1300 1973 1428 2026 aquarum

465 2035 634 2089 mineralium
658 2035 833 2105 purgantium
849 2034 930 2088 libras
948 2042 1071 2106 quatuor,
1089 2046 1116 2092 et
1136 2047 1195 2109 post
1218 2042 1428 2110 pomeridianam

466 2124 543 2178 dosia
552 2123 715 2193 apozematia
727 2123 755 2175 in
767 2120 855 2175 Colica
865 2122 1006 2194 Hysterico
1020 2122 1090 2197 [sup.
1098 2144 1120 2179 c.
1128 2130 1186 2197 28.]
1197 2128 1322 2200 descripti
1332 2130 1427 2185 libram

371 2359 418 2422 nt
438 2359 466 2421 si
483 2359 578 2441 signa
595 2358 749 2443 hydropis
767 2357 930 2437 adiret-im,
945 2366 1014 2423 tam
1034 2382 1129 2425 mane
1146 2384 1244 2445 quam
1264 2384 1335 2429 sero
1354 2386 1428 2450 opo·

329 2482 420 2524 nemo
433 2460 630 2543 snperbibat.

375 2562 411 2624 si
435 2562 486 2626 vel
510 2562 561 2625 his
587 2562 645 2625 diu
673 2562 870 2628 oontinuatis
898 2565 1031 2629 morbus
1061 2566 1164 2630 adhuc
1194 2568 1365 2647 obstiterit,
1388 2572 1429 2634 nd

331 2685 432 2747 aquas
447 2664 566 2729 ferreas
581 2664 724 2729 eundum
740 2672 799 2743 est,
816 2686 898 2749 quas
913 2688 952 2731 ex
966 2668 1035 2751 ipso
1050 2667 1140 2733 fonte
1154 2678 1228 2734 sunt
1242 2670 1413 2737 bibendae.

756 2900 854 2963 CAP.
877 2899 1000 2964 XXX.d

628 3058 684 3122 Ad
690 3060 937 3141 prosedamum
953 3060 1116 3123 Adorlum.

316 3190 321 3198 ⁴
373 3198 502 3262 ΕΔΜ
530 3194 776 3283 praescribenda
804 3216 841 3260 ac
869 3196 905 3259 in
929 3196 1021 3259 fluxu
1045 3196 1206 3261 mensium
1230 3198 1427 3281 inrmodieo‘,

328 3301 453 3365 omissis
468 3300 669 3366 solummodo
683 3298 823 3365 catharai
837 3306 870 3364 et
885 3299 998 3365 suecis.

755 3512 850 3577 cAP.
874 3512 1014 3578 xxxl!

603 3676 653 3738 De
666 3674 828 3739 immodico
842 3676 1028 3740 Looliorum
1042 3677 1154 3740 blesen.

372 3812 519 3875 Fnuxou
543 3810 737 3876 Lochiorum
762 3812 945 3876 naturalem
966 3812 1030 3877 tria
1051 3813 1272 3879 constituunt:
1296 3814 1427 3898 sanguis
1441 3831 1547 3879 Lochia-

329 3913 449 3979 soilioet
466 3936 576 3997 purus,
592 3916 748 3998 copiosus,
767 3914 986 3999 pertriduum
1005 3916 1145 4000 primum
1165 3918 1268 3981 fluens
1277 3943 1286 3996 ;
1311 3918 1427 3985 dehine
1440 3896 1576 4010 fflffi

329 4020 461 4104 sanguia
476 4041 623 4104 aquosus,
638 4020 763 4083 loturae
778 4017 924 4082 earnium
939 4018 1086 4081 crassiori
1101 4018 1222 4097 similis,
1234 4039 1291 4102 per
1306 4023 1426 4103 quatri-
1440 4026 1488 4081 liat

329 4120 431 4186 duam
444 4128 572 4205 praeter
589 4128 721 4206 propter
740 4120 861 4185 durans
869 4146 879 4198 3
902 4119 979 4183 hino
998 4120 1203 4215 postmodum
1217 4123 1352 4186 materia
1365 4122 1427 4187 vis-

329 4244 403 4288 oosa
416 4230 449 4287 et
463 4224 704 4307 mucilaginosa,
719 4244 822 4307 pauco
837 4230 894 4287 aut
907 4222 999 4286 nullo
1019 4221 1176 4305 sanguine
1192 4222 1356 4306 permista,
1372 4245 1429 4307 per

330 4327 472 4409 quinque
494 4334 551 4390 aut
576 4334 700 4410 septem
726 4326 793 4390 dieo
815 4325 976 4409 prodiens,
996 4330 1029 4389 et
1051 4324 1097 4389 sic
1122 4346 1216 4409 porro
1242 4326 1284 4390 ad
1309 4327 1429 4390 mensis

329 4430 439 4492 finem.

373 4532 494 4595 Fluxus
510 4539 618 4596 autem
634 4552 746 4595 eorum
759 4530 951 4595 immodicus
963 4530 1188 4617 dijudicandus
1203 4538 1302 4595 estex
1313 4531 1429 4595 virium
1441 4550 1553 4597 immoni·

330 4632 519 4719 dejeotione‚
540 4634 639 4699 animi
661 4634 811 4719 deliquio,
832 4634 989 4717 sanguine
1012 4654 1162 4717 grumoso
1184 4634 1344 4713 effluente,
1366 4634 1429 4699 cibi
1442 4630 1493 4663 ⁰⁰³⁴

363 4768 377 4805 ‘¹
396 4772 434 4819 Cf.
446 4773 544 4820 Diuerl.
557 4774 631 4833 Epist.
645 4774 657 4831 ξ
672 4774 725 4819 1³8.
934 4767 945 4804 f
960 4771 997 4821 Cf.
1011 4774 1110 4819 Dissert.
1124 4773 1222 4833 lindebi
1237 4772 1289 4820 1³5.

363 4842 374 4871 θ
386 4839 454 4897 flora
466 4854 533 4886 neno.
543 4836 646 4899 immod]
660 4838 699 4883 Ct'.
710 4852 766 4900 sup.
777 4852 796 4883 c.
809 4838 847 4887 27.
