3825 5759
503 642 568 705 398
806 639 1001 703 ΤΗΟΜΑΕ
1025 639 1284 702 SYDENHAM

361 822 403 869 De
416 820 468 867 Aa·
498 802 607 877 beant,
622 819 728 882 neque
742 798 777 863 in
792 798 956 863 mitiorum
974 821 1037 863 usu
1053 820 1254 884 perseverare
1270 799 1453 879 debeamus,
1468 806 1604 885 propter

346 884 484 997 ''ffiffl'
500 904 627 968 attritas
647 909 680 966 et
700 902 766 967 fere
785 910 962 987 prostratas
983 924 1213 986 puerperarum
1231 904 1279 967 ita
1298 904 1486 967 effectarum
1505 905 1601 969 vires.

346 1018 488 1101 fiffi
501 1006 648 1089 Exempli
671 1004 793 1086 gratim
825 1005 882 1069 ubi
900 1005 1042 1089 primum
1059 1006 1164 1069 lochia
1174 1007 1243 1089 jam
1257 1006 1412 1089 supprimi
1427 1014 1564 1084 constat,
1582 1028 1603 1071 e

344 1102 469 1214 {iiiia
500 1130 535 1172 re
550 1108 647 1173 fuerit
661 1108 836 1171 foeminam
851 1128 869 1171 e
883 1108 1017 1191 vestigio
1030 1108 1115 1172 lecto
1129 1108 1285 1187 addicere,
1301 1130 1376 1173 mox
1391 1110 1602 1191 emplastrum

346 1231 419 1278 litteo
432 1230 474 1277 ad·
500 1210 696 1295 hystoricum
718 1210 870 1275 umbilico
893 1210 1070 1290 admovere,
1086 1218 1183 1294 atque
1207 1212 1461 1294 quamprimum
1480 1211 1604 1274 electu-

344 1302 486 1407 ξζοῇξζῖξὲ
501 1315 604 1378 arium
619 1323 776 1398 sequeusu
790 1314 1028 1397 propinandum
1041 1314 1218 1397 imperare:
1239 1322 1353 1392 ut¹‚-.

346 1424 408 1499 riusa
417 1438 476 1498 fun}
502 1424 603 1488 [Form.
616 1430 690 1495 82.]r
709 1422 740 1501 R,
764 1426 914 1478 conservae
927 1424 1059 1477 Absintbii
1071 1424 1195 1487 Rotnani,

342 1487 487 1599 llfflllffolgff
766 1510 940 1579 [Consertae]
955 1510 1050 1573 Butae,
1061 1527 1114 1563 ana
1125 1512 1232 1563 unciam
1244 1527 1336 1575 unam,

347 1616 465 1665 hibentur,
765 1596 966 1651 Trochiscorum
978 1614 993 1649 e
1005 1594 1117 1665 Myrthtt
1128 1595 1268 1650 drachmas
1279 1596 1354 1661 duaS,

765 1684 894 1749 Castorei,

765 1770 843 1823 Croci
855 1770 969 1841 Anglici,

768 1858 836 1912 Salis
849 1859 980 1923 volatilis,

767 1944 834 1997 Salis
845 1946 1022 2010 Ammoniaci,

766 2030 848 2083 meae
861 2030 996 2095 Foetidae,
1006 2048 1059 2085 ana
1070 2030 1224 2085 drachmam
1236 2029 1386 2096 dimidiam,

766 2134 826 2169 cum
836 2116 982 2171 sufficiente
991 2119 1139 2187 quantitate
1152 2118 1247 2189 Syrupi
1257 2118 1290 2171 de
1301 2118 1428 2187 Quinque
1440 2118 1604 2182 Radicibus;

645 2204 705 2257 Fiat
716 2204 900 2257 electuarium:
918 2205 1007 2273 capiat
1017 2205 1052 2258 ad
1063 2205 1276 2275 magnitudinem
1288 2206 1364 2258 nucis
1381 2206 1532 2259 moechatae
1544 2224 1603 2259 ma-

638 2290 705 2358 joris
722 2290 799 2342 tertia
816 2306 921 2359 quaque
939 2289 1013 2354 hora,
1031 2290 1221 2361 superbibeudo
1235 2292 1368 2360 sequentis
1385 2292 1483 2363 julapii
1499 2290 1603 2344 eocble·

646 2378 702 2428 aria
713 2384 825 2445 quatuor
835 2377 876 2429 vel
888 2377 1056 2446 quinque:-

503 2486 603 2551 [Fam.
617 2491 691 2557 8³.]¹
711 2484 741 2563 P,
765 2489 858 2557 Aquae
871 2488 968 2553 Butae,

765 2578 885 2647 [Aquae]
898 2576 1031 2647 Bryoniae
1042 2577 1220 2646 compositae,
1231 2594 1285 2629 ana
1294 2577 1387 2631 uncias
1397 2584 1460 2640 tres,

766 2662 890 2717 Sacchari
902 2662 991 2716 Caudi
1003 2665 1179 2733 quantitatem
1190 2664 1378 2726 sufficientem,

645 2748 746 2813 Misce;
764 2748 811 2803 fiat
819 2750 964 2819 julapium.

349 2877 445 2926 sthaec
501 2860 610 2945 Atque
632 2860 721 2940 haec,
749 2860 776 2924 si
797 2860 907 2925 statim
937 2882 959 2925 a
982 2860 1086 2944 primo
1115 2881 1347 2944 suppressroms
1375 2855 1600 2921 mdic10exhi-

347 2942 490 3055 main,
501 2962 649 3041 beantur,
664 2962 726 3027 boc
747 2964 870 3027 malum
890 2964 1069 3047 plerunque
1088 2962 1276 3026 devincent:
1300 2962 1350 3025 sin
1372 2968 1491 3039 autem,
1507 2958 1601 3023 dictis

347 3078 413 3129 cunt,
427 3071 480 3119 tau·
501 3066 650 3130 remediis
667 3086 806 3149 eousque
830 3062 1026 3131 continuatis
1046 3066 1148 3130 donec
1167 3070 1237 3129 toto
1257 3064 1420 3148 quantitas
1438 3070 1602 3145 assumpta

346 3134 490 3247 gffloem
501 3168 608 3247 fuerit,
618 3168 722 3232 locbia
737 3170 842 3233 adbuc
857 3170 1110 3253 supprimantur,
1121 3168 1183 3232 hoc
1197 3167 1233 3230 in
1247 3188 1324 3231 casu
1337 3166 1523 3242 laudanum,
1535 3186 1603 3228 una

348 3264 400 3311 vste
412 3272 465 3311 ¹²¹¹·
501 3271 614 3333 saltem
628 3268 705 3347 vice,
721 3270 924 3333 tentandum.
953 3271 1018 3334 Hic
1032 3270 1219 3348 laudanum,
1235 3268 1474 3353 quantumlibet
1488 3275 1603 3351 suapte

347 3328 460 3383 innume
500 3370 608 3433 indole
623 3369 790 3451 astringat,
804 3390 879 3433 cum
893 3376 1004 3434 tanum
1019 3372 1191 3455 spirituum
1205 3370 1492 3455 perturbationem,
1505 3392 1525 3433 a
1539 3392 1604 3453 qua

347 3498 468 3561 quotali-
501 3470 640 3534 solennis
666 3470 843 3534 lochiorum
870 3472 1035 3537 evacuatio
1059 3475 1165 3539 fixerat
1194 3475 1384 3556 interrupta,
1410 3480 1602 3557 compescat,

345 3562 488 3674 ‘fflffl
501 3571 692 3655 quandoque
706 3571 880 3654 Plurimum
892 3573 1014 3657 juvare,
1027 3583 1069 3653 et,
1086 3576 1326 3660 emmenagogis
1340 3575 1422 3639 nihil
1435 3574 1603 3658 proficien-

346 3690 441 3737 fluxum
450 3706 487 3738 re-
500 3674 597 3752 tibus,
613 3673 791 3737 locbiorum
806 3674 929 3737 fluxum
946 3676 1145 3759 postliminio
1162 3698 1318 3756 revocare,
1334 3677 1462 3760 possita
1507 3675 1602 3739 Com-

345 3762 477 3883 πεζῆς,
499 3775 682 3839 modissime
696 3797 771 3841 vero
785 3777 948 3843 narcotica
961 3799 1116 3843 unacum
1130 3780 1297 3864 hystericis
1312 3788 1346 3844 et
1364 3778 1602 3860 emmeuagogis

347 3912 403 3945 eum
416 3898 474 3959 hys.
499 3878 711 3963 propinantur
721 3904 732 3956 3
753 3878 843 3943 verbi
863 3880 977 3963 gratia,
995 3880 1125 3944 laudaui
1145 3882 1258 3964 liquidi
1277 3879 1603 3964 guttae-quatuorde-

345 3961 470 4074 ξξῐᾞξιξξ
499 3981 562 4044 cim
586 3982 622 4045 iu
643 4003 727 4065 aqua
745 3981 900 4067 bryoniae
923 3984 1109 4067 composita,
1131 3984 1183 4047 vel
1211 3984 1344 4047 laudeni
1364 3985 1401 4047 in
1422 3983 1527 4047 forma
1552 4003 1602 4045 so·

345 4090 415 4165 8981*
424 4104 479 4153 ew·
498 4083 564 4147 lida
583 4106 721 4167 granum
738 4106 842 4148 unum
862 4086 957 4148 semis
980 4106 1055 4149 cum
1074 4086 1224 4169 scrupulo
1246 4086 1381 4149 dimidio
1402 4106 1491 4149 assae
1509 4084 1602 4147 foeti-

345 4162 477 4283 iiiiii
500 4186 559 4251 aas
582 4187 618 4250 in
640 4188 755 4271 pilulas
778 4186 856 4251 dua
878 4187 1056 4252 redactum.
1106 4188 1211 4273 [tsi]
1240 4188 1360 4252 Sarno
1379 4188 1511 4251 interim
1533 4186 1603 4249 ,na

346 4306 453 4375 quaerut
499 4288 766 4352 madvertendum
781 4296 840 4367 est,
853 4290 948 4373 quod,
966 4290 993 4352 si
1002 4290 1068 4355 telo
1082 4290 1144 4355 hoc
1159 4291 1259 4355 semel
1273 4290 1372 4354 misso
1387 4310 1520 4372 scopum
1534 4308 1603 4351 nou
1719 4363 1723 4373 ⁸

344 4362 486 4489 ,iffiffiuss‘
500 4390 708 4474 attingamus,
725 4412 785 4454 nec
804 4398 982 4475 sequantur
1000 4393 1114 4472 lochia,
1130 4393 1240 4475 opium
1259 4393 1350 4457 nullo
1370 4391 1467 4456 modo
1484 4397 1534 4454 est
1552 4410 1603 4453 re·

347 4492 474 4551 ”⁸¹⁰⁰t50e
499 4494 684 4577 petendum,
700 4500 738 4557 ut
757 4493 793 4557 iu
813 4494 883 4559 aliis
901 4494 1027 4561 casibus
1044 4496 1113 4561 fieri
1131 4496 1212 4561 solet
1234 4516 1272 4559 ac
1294 4495 1391 4559 debet
1401 4520 1411 4573 ς
1433 4492 1555 4558 etenim
1575 4492 1604 4556 si

532 4702 545 4725 ¹¹
560 4700 626 4745 elect.
636 4696 696 4759 seq]
708 4702 867 4761 petregoricum
879 4700 916 4749 ed.
928 4700 975 4752 ¹82.
1105 4706 1115 4729 ¹
1129 4698 1216 4761 possit]
1229 4701 1306 4761 Atque
1317 4702 1359 4749 boc
1374 4700 1453 4755 adana
1464 4702 1486 4745 ei
1496 4700 1577 4745 stetin
1588 4716 1604 4745 a

530 4767 542 4791 ¹
559 4762 930 4825 ut-tenlandum]on1‚ed.'82
1071 4769 1146 4825 primo
1167 4782 1194 4811 ra
1226 4768 1332 4811 restim
1353 4767 1438 4811 indicio
1458 4764 1604 4820 exhibeatur,

532 4822 543 4854 Υ
562 4824 599 4873 Cf.
611 4824 707 4875 formm.
721 4828 776 4887 209,
789 4831 844 4878 210.
1073 4831 1131 4876 arole
1138 4844 1185 4890 par
1207 4836 1256 4877 orte
1266 4832 1319 4885 erit,
1331 4828 1386 4876 aad
1398 4828 1435 4876 cd.
1448 4829 1497 4874 ⁹⁸².
