3825 5759
449 646 845 714 OBSERVATIONUM
869 648 1154 713 MEDICARUM
1179 654 1227 708 IV.
1247 661 1271 707 7.
1348 651 1410 712 aot

304 795 574 892 exempli'gratia,
591 831 826 894 nonnunquam
841 831 956 875 renum
976 810 1113 874 alterum
1128 809 1410 874 vehementissimo
1445 824 1545 873 eoam

304 911 416 974 dolore
439 912 546 991 afficit,
562 912 650 977 unde
664 913 803 978 vomitus
825 913 995 991 immanis3
1018 920 1116 997 atquc
1138 914 1236 977 etiam
1256 934 1314 996 per
1335 934 1408 976 ure-
1424 889 1563 1002 Αξᾞζᾎ

303 1013 384 1076 teris
402 1013 539 1078 ductum
559 1035 710 1099 persaepe
726 1015 861 1094 delatus,
878 1015 1038 1080 calculum
1060 1016 1202 1095 simulat,
1218 1022 1251 1080 et
1271 1037 1346 1080 cum
1366 1015 1407 1079 ab
1422 1019 1562 1096 Q

304 1117 473 1195 enematis,
490 1117 625 1201 aliisque
640 1118 883 1182 medicamentis
903 1119 1146 1204 lithontripticis
1164 1126 1198 1183 et
1212 1120 1334 1184 calculo
1355 1141 1408 1182 cx·
1422 1109 1531 1220 quw?

303 1219 468 1284 tmbaudo
478 1220 602 1299 dicatis,
613 1229 827 1305 exasperatur,
839 1243 906 1286 uno
917 1222 1094 1305 eodemque
1104 1229 1217 1286 tenore
1229 1222 1408 1286 diutissime
1421 1188 1562 1313 lberlplhma

305 1323 429 1406 affligit,
453 1323 591 1388 subinde
620 1324 718 1388 ctiam
747 1327 885 1409 (praeter
910 1345 1033 1388 morem
1062 1346 1168 1402 suum,
1191 1345 1266 1389 cum
1290 1345 1349 1408 per
1374 1345 1408 1388 se
1421 1301 1545 1414 {fiffln

306 1427 396 1488 omni
418 1433 508 1490 vacet
530 1427 694 1511 pericula)
720 1449 853 1510 aegrum
878 1427 919 1491 ad
941 1428 1049 1510 plures
1072 1427 1213 1491 deducit.
1258 1427 1336 1490 Vidi
1357 1427 1407 1489 in·
1420 1431 1561 1506 calculum:

306 1549 402 1610 super
424 1535 457 1593 et
481 1537 698 1613 symptomata
720 1531 759 1594 ab
783 1531 895 1595 eodem
916 1537 1083 1614 prognata,
1100 1551 1182 1613 quae
1199 1529 1321 1593 vesicae
1343 1531 1406 1594 cal·
1420 1505 1539 1622 ξῗῑῗξὲξῖβ

306 1631 417 1694 culum
439 1633 572 1695 omnino
586 1632 778 1696 referebant.
824 1633 902 1696 Non
918 1632 967 1696 ita
986 1631 1043 1694 diu
1057 1637 1107 1695 est
1121 1653 1141 1694 a
1161 1652 1225 1714 quo
1239 1637 1340 1695 noctu
1354 1653 1407 1695 ex·
1420 1622 1558 1733 praeump-

306 1734 439 1812 citabar,
455 1741 493 1798 ut
508 1735 698 1799 Comitissae
715 1736 795 1800 mihi
811 1736 943 1813 vicinae,
960 1735 1069 1799 dolore
1083 1735 1119 1797 iu
1138 1735 1261 1798 vesicae
1275 1735 1409 1817 regione
1421 1703 1555 1814 ppptffia'a

306 1837 481 1901 admodum
492 1838 633 1902 violento
644 1845 677 1902 et
687 1839 800 1903 urinae
812 1839 1035 1922 suppressione
1047 1838 1221 1921 derepente
1232 1845 1406 1921 correptae,

304 1941 514 2005 consulerem.
561 1941 645 2005 Cum
668 1963 727 2025 ego
747 1941 836 2006 illam
859 1941 1027 2005 affectibus
1047 1940 1216 2026 hystoricis
1235 1941 1330 2004 variis
1351 1942 1406 2006 ob·

304 2043 436 2106 noxiam
461 2051 549 2107 certo
571 2043 695 2120 scirem,
717 2050 814 2127 atque
836 2065 875 2107 ex
901 2065 939 2107 eo
961 2065 1137 2126 augurarer
1161 2064 1228 2107 non
1249 2044 1312 2108 isto
1334 2065 1406 2108 eam

305 2167 402 2228 quem
416 2145 553 2229 putabat
572 2145 716 2210 laborare
737 2145 858 2225 morb0,
875 2155 1025 2211 enemata
1040 2167 1121 2230 quae
1141 2145 1276 2229 parabat
1291 2147 1407 2210 ancilla

303 2247 395 2330 injici
415 2269 483 2312 non
504 2247 660 2332 patiebar,
680 2270 722 2313 ne
745 2248 785 2314 ab
808 2249 847 2312 iis
869 2256 1025 2312 cresceret
1047 2247 1197 2328 morbus;
1217 2255 1266 2313 at
1287 2249 1405 2313 horum

303 2351 374 2415 loco
399 2359 496 2435 atque
526 2352 760 2416 emollientium
792 2351 893 2434 (verbi
922 2351 1035 2435 gratia,
1066 2352 1177 2435 syrupi
1201 2351 1242 2415 de
1267 2339 1403 2432 althaea,
1415 2370 1516 2419 sedatur

302 2455 377 2535 etc.)
395 2475 475 2536 quae
491 2451 656 2518 adferebat
671 2454 932 2536 Pharmacopola,
947 2453 1149 2518 narcoticum
1163 2455 1304 2533 exhibui,
1318 2437 1534 2539 quod.⁸¹¹⁰‘¹³'¹¹⁰·

304 2562 487 2639 symptoma
515 2556 597 2620 illud
626 2556 734 2621 subito
763 2555 969 2640 compescuit.
1013 2557 1130 2640 Neque
1160 2577 1237 2620 saue
1262 2558 1313 2621 vel
1337 2580 1405 2621 una
1418 2577 1559 2627 Nullam.

304 2657 412 2741 aliqua
433 2680 506 2742 pars
529 2660 669 2742 corporis
695 2659 735 2724 ab
759 2658 856 2743 hujus
882 2658 960 2722 mali
984 2658 1160 2723 insultibus
1185 2659 1316 2742 penitus
1338 2656 1558 2756 exi-ffiffi

303 2761 415 2839 mitur,
437 2761 501 2826 eive
526 2763 656 2826 interna
677 2783 715 2826 ea
736 2761 843 2840 luent,
864 2761 929 2825 sive
955 2768 1098 2838 externa,
1118 2767 1157 2824 ut
1183 2764 1260 2824 sunt
1285 2761 1403 2839 fauces,
1417 2785 1456 2825 na,
1469 2772 1521 2818 sive

305 2885 412 2943 coxae,
435 2885 546 2943 erura3
572 2866 607 2928 in
630 2865 746 2950 quibus
769 2864 919 2930 omnibus
942 2863 1085 2927 dolorem
1108 2863 1227 2926 excitat
1251 2864 1404 2927 intolera
1417 2842 1524 2961 ξζᾟξ·

304 2965 414 3044 bilem,
437 2972 544 3050 atque,
560 2967 617 3032 ubi
639 2967 828 3045 discesserit,
851 2964 1104 3031 teneritudinem
1127 2963 1299 3047 quandam,
1323 2960 1510 3072 quaele¹¹¹t⁸i¹¹¹fu

304 3068 397 3150 tangi
416 3077 552 3148 recuset,
572 3069 735 3154 relinquit,
756 3069 889 3154 perinde
912 3067 996 3133 acsi
1016 3087 1128 3132 carnes
1149 3066 1253 3131 multo
1274 3067 1405 3134 verbere
1457 3036 1539 3076 ''mu''

304 3169 427 3234 suerint
442 3172 613 3237 emollitae.

353 3273 435 3357 [la]
464 3275 744 3340 Quemadmodum
766 3284 875 3342 autem
898 3275 1056 3361 quaedam
1073 3275 1118 3338 ad
1134 3275 1264 3340 Colicae
1286 3277 1417 3362 Hyste·

303 3375 388 3439 ricae
412 3377 580 3442 historiam
609 3380 807 3463 pertinentia
831 3379 936 3444 obiter
964 3377 1094 3456 tradidi,
1119 3379 1173 3460 (ue
1203 3380 1324 3445 scilicet
1349 3382 1405 3444 illa

303 3499 362 3560 pro
387 3479 507 3546 Biliosa
532 3481 612 3546 salso
633 3482 829 3564 baberetur)
853 3483 957 3546 itaet
981 3481 1139 3564 quaedam
1165 3482 1263 3546 etiam
1283 3485 1349 3548 alia
1372 3483 1418 3546 ἐν-

304 3577 434 3667 παρόδῳ
445 3583 616 3666 attingam,
629 3584 670 3648 ad
685 3585 908 3668 symptomatis
924 3583 1051 3663 doloris,
1064 3585 1119 3667 qui
1134 3605 1206 3648 eam
1218 3587 1401 3664 comitatur,

303 3685 504 3750 curationem
525 3687 694 3752 facientia:
717 3687 840 3751 curatio
862 3686 949 3750 euim
970 3687 1128 3765 radicalis,
1148 3709 1231 3770 quae
1252 3689 1402 3752 morbum

303 3785 431 3851 sublata
452 3809 548 3854 eausa
569 3790 664 3868 tollit,
685 3789 816 3854 alterius
838 3789 971 3853 omnino
993 3796 1042 3852 est
1064 3797 1097 3853 et
1117 3790 1344 3874 speculationis
1363 3800 1418 3855 et·

301 3889 373 3953 1005·
1413 3893 1560 3945 Necvenaa.

1413 3960 1496 4018 sectio,
1508 3977 1552 4010 uec

353 3991 434 4077 [20]
463 3995 690 4060 Venae-sectio
710 4003 743 4060 et
764 3997 920 4080 repetitae
941 3996 1159 4094 purgationes,
1179 4018 1261 4080 quae
1281 3997 1319 4060 in
1335 3997 1399 4061 Cu
1413 4025 1539 4084 crusna,

302 4094 365 4158 lica
380 4095 500 4162 Biliosa
518 4098 695 4182 incipiente
715 4099 914 4182 apertissime
928 4097 1124 4176 indicantur,
1140 4097 1193 4161 hic
1207 4099 1314 4161 locum
1333 4120 1400 4162 uon
1413 4086 1528 4200 mli?

302 4197 435 4278 habent,
451 4201 515 4264 uisi
534 4201 568 4264 in
584 4223 661 4265 casu
679 4202 765 4266 infra
779 4201 925 4266 diceudo.
970 4201 1075 4264 Docet
1094 4199 1183 4263 enim
1203 4201 1402 4283 experientia
1413 4225 1501 4264 nocem
1512 4190 1536 4266 La

302 4305 336 4363 et
351 4305 529 4386 exasperari
545 4304 697 4384 dolorem,
709 4311 746 4368 et
765 4305 959 4370 invalescere
974 4309 1191 4387 symptomata
1204 4302 1268 4365 alio
1282 4303 1400 4381 Omnia,
1414 4290 1542 4410 ῗᾷᾞζ

301 4423 322 4464 a
343 4405 498 4482 tumultu,
519 4427 616 4488 quem
637 4406 700 4470 ista
719 4407 815 4485 cient,
837 4406 966 4489 adjuta,
993 4413 1090 4488 atque
1112 4404 1191 4468 adeo
1208 4403 1281 4487 plus
1303 4407 1402 4470 semel
1414 4422 1546 4490 hanape.

302 4503 514 4569 animadverti
536 4514 732 4588 enematum,
747 4509 797 4572 vel
814 4508 1059 4586 lenissimorum
1074 4506 1310 4591 repetitiOnem,
1325 4529 1401 4572 0⁰11·
1413 4487 1554 4617 ῗξξέιῗρο.

300 4605 427 4670 tinuam
451 4618 704 4692 symptomatum
726 4614 841 4677 seriem
862 4611 1028 4677 invexisse.
1073 4611 1299 4696 Experientiue
1318 4614 1401 4678 ratio
1414 4617 1462 4692 1³9?
1481 4633 1556 4680 quam

302 4709 401 4772 etiam
424 4711 659 4792 astipulabitur,
679 4737 760 4797 quae
783 4715 933 4780 morbum
952 4715 1041 4778 hunc
1061 4735 1081 4777 a
1102 4715 1274 4798 spirituum
1292 4718 1401 4801 potius
1412 4682 1529 4803 {iffi

302 4807 420 4896 ἀταξίᾳ
434 4819 530 4894 atque
551 4815 735 4881 inordinato
754 4825 856 4897 motu,
873 4839 970 4901 quam
991 4819 1166 4881 humorum
1185 4819 1262 4882 vitio
1283 4818 1399 4903 aliquo,
1412 4809 1507 4922 magur

824 4921 882 4982 ud
