3825 5759
594 646 852 713 5500555555
875 648 1080 713 rumam.
1324 651 1388 711 555

331 794 394 884 [3.]
423 804 603 888 Beatam
615 810 829 875 5555555555
847 810 888 875 55
904 818 970 875 aa
989 810 1068 876 5555
1084 810 1168 875 55555
1188 810 1229 875 aa
1250 810 1442 875 55555555
1455 820 1542 869 aaa.

1422 898 1523 935 sistus.

286 904 502 982 quantitatem
517 919 656 993 quatuor
669 912 783 979 diebus
797 914 970 993 continuis,
985 915 1043 979 ubi
1056 914 1148 981 dolor
1162 921 1196 979 et
1209 914 1389 999 rmpuandi
1403 953 1542 969 --

288 1002 457 1074 difficultas
472 1012 618 1078 suadent.

746 1228 842 1293 CAP.
859 1228 933 1293 IX.e

613 1366 663 1429 De
677 1366 935 1449 Peripneumonio
950 1366 1067 1429 Notlsu.

334 1523 534 1591 Incensura
550 1527 677 1612 hyeme,
692 1536 726 1595 et
741 1550 835 1615 saepe
851 1530 911 1594 sub
926 1530 997 1613 ejus
1012 1528 1147 1606 exitum,
1163 1526 1309 1608 emergit.
1338 1525 1393 1588 In·
1407 1542 1489 1619 5555555
1500 1542 1542 1589 55-

291 1626 379 1689 sultn
393 1628 497 1711 primo
512 1652 601 1697 nunc
614 1631 788 1712 incalescit,
804 1652 892 1697 nune
906 1632 1005 1716 friget
1019 1651 1114 1714 aeger
1122 1656 1132 1709 3
1154 1650 1195 1693 ex
1208 1635 1302 1693 motu
1316 1648 1394 1711 quo-
1407 1615 1514 1669 sceptro.

290 1728 370 1793 libet
395 1732 608 1815 vertiginosus
631 1742 680 1799 est
692 1760 701 1814 ς
724 1735 845 1800 rubent
870 1742 903 1799 et
927 1735 1175 1800 inflammantur
1194 1752 1303 1816 genae
1319 1750 1395 1793 0555-

290 1830 396 1914 lique;
427 1836 533 1915 tussit,
558 1844 592 1901 et
616 1838 703 1903 inter
731 1837 935 1904 tussiendum
965 1839 1056 1904 dolor
1084 1836 1199 1921 capitis
1227 1834 1395 1899 lancinant

291 1936 427 2017 premit3
449 1941 619 2021 potulenta
643 1943 766 2007 vomitu
788 1942 914 2027 rejicit,
937 1942 1034 2006 urina
1055 1940 1188 2005 turbida
1211 1946 1272 2017 est,
1287 1945 1320 2001 et
1345 1935 1395 1999 in·

291 2044 383 2103 tense
397 2040 493 2105 rubet
501 2066 511 2120 ς
534 2044 666 2127 sanguis
683 2045 926 2129 pleuritieorum
945 2043 1112 2121 aemulus;
1135 2041 1271 2107 anhelus
1285 2039 1397 2104 5551550

292 2148 326 2204 55
351 2144 498 2210 celeriter
522 2148 670 2231 spiritum
696 2150 796 2227 ducit,
821 2148 951 2213 dolente
972 2148 1115 2213 thorace.
1160 2144 1214 2210 Ab
1236 2144 1397 2209 asthmate

293 2242 376 2309 sicco
398 2247 495 2329 plane
518 2250 740 2335 distinguitur,
765 2253 851 2337 quod
873 2252 909 2316 in
934 2253 999 2317 isto
1022 2272 1182 2336 nusquam
1209 2256 1398 2333 comparent

292 2344 389 2410 febris
404 2348 532 2429 iudicia,
548 2352 583 2417 in
597 2354 658 2418 hac
672 2354 844 2420 manifesto
859 2376 894 2421 se
907 2355 1062 2439 produnt,
1072 2354 1148 2419 licet
1161 2354 1290 2419 minora
1301 2352 1398 2435 longe

293 2457 327 2511 et
341 2452 445 2535 magis
459 2454 594 2521 obscura
608 2480 705 2542 quarn
720 2459 755 2523 in
770 2460 1043 2543 Peripneumonia
1056 2480 1140 2522 vera.
1326 2536 1331 2543 .

339 2550 402 2637 [2.]
430 2556 586 2623 Mittatur
605 2562 737 2645 sanguin
754 2584 772 2627 e
791 2562 922 2627 brachio
943 2562 1057 2627 dextro
1079 2561 1120 2626 ad
1140 2561 1253 2624 uncias
1275 2559 1397 2623 (1555555.
1411 2582 1542 2629 cunano.

295 2654 356 2718 Die
371 2660 518 2741 sequenti
533 2683 628 2746 aeger
642 2664 726 2729 hane
740 2666 904 2748 potionem
920 2673 1028 2729 sumat
1041 2691 1092 2728 :-

296 2814 396 2879 [Form.
413 2822 507 2889 1651.](1
533 2820 563 2892 R
583 2825 692 2880 Cassiae
705 2825 848 2881 Extractae
861 2828 969 2881 unciam
981 2844 1073 2891 unam,

580 2908 714 2982 [Radicis]
729 2912 919 2983 Glyeyrrhizoe
931 2912 1071 2965 drachmas
1083 2911 1158 2973 duos,

581 2996 661 3051 Ficus
672 3000 785 3069 pingues
796 3008 918 3068 quatuor,

576 3084 712 3140 Foliorum
724 3084 829 3139 Sennae
840 3084 980 3141 drachmas
991 3086 1059 3141 duas
1070 3104 1132 3157 55555
1144 3086 1260 3148 semisse,

578 3174 687 3243 Agorici
699 3172 862 3227 'l'roohiscati
875 3172 1030 3227 drachmam
1042 3190 1141 3235 unum

436 3260 529 3329 Coqua
541 3260 686 3315 sufficiente
696 3260 844 3329 quantitate
853 3276 938 3329 aquae
947 3260 983 3314 ad
991 3261 1084 3314 uncias
1092 3270 1223 3331 quatuor;
1240 3262 1269 3313 iu
1282 3260 1401 3314 colatura

438 3344 551 3400 dissolve

582 3434 701 3489 Mannae
712 3437 819 3489 unciam
832 3452 924 3499 555555,

580 3522 676 3593 Syropi
690 3522 819 3576 Rosorum
833 3522 946 3577 Solativi
958 3524 1132 3577 semiunciam
1143 3543 1150 3585 ;

440 3609 554 3675 [Misce3
573 3611 726 3683 impotio]

298 3776 334 3841 Si
348 3798 423 3841 vero
443 3776 608 3860 potionem
627 3796 787 3841 assumere
802 3782 952 3860 nequeat,
968 3774 1073 3859 capiat
1087 3773 1262 3858 pilularum
1277 3772 1402 3839 cochin-

296 3901 368 3945 rum
384 3881 544 3965 majorum
560 3880 725 3964 scrupulos
741 3879 822 3944 duos
836 3881 917 3944 hora
932 3886 1048 3963 quarto
1061 3879 1234 3942 matutina.

342 3984 499 4067 Sequenti
522 3982 574 4048 die
599 3984 779 4049 celebretur
808 3984 928 4047 iterum
954 3982 1170 4046 venae-sectio
1196 3981 1237 4045 ad
1266 3980 1403 4044 eandem

298 4086 513 4167 quantitatem
522 4112 532 4163 ;
555 4108 593 4150 ao
614 4094 740 4169 postero
761 4086 812 4149 die
831 4092 997 4169 repetatur
1017 4084 1182 4163 catharsis,
1204 4104 1286 4167 quae
1307 4104 1403 4166 porro

297 4188 473 4269 repetenda
492 4196 541 4251 est
561 4188 692 4252 alternis
712 4188 836 4268 diebus,
852 4188 902 4252 vel
919 4196 993 4271 post
1014 4187 1137 4271 majora
1151 4186 1327 4262 intervalla,
1342 4208 1402 4269 pro

297 4290 422 4353 ratione
436 4290 566 4353 virium:
589 4298 687 4374 atque
698 4292 838 4374 insuper,
851 4292 877 4354 si
889 4297 1107 4377 symptomata
1120 4311 1188 4353 non
1199 4289 1401 4366 cessaverint,

298 4392 486 4457 extrahatur
495 4394 614 4457 itemm
625 4394 756 4477 sanguis
768 4395 865 4458 semel
878 4394 993 4472 adhuc,
1006 4393 1067 4473 bis,
1079 4393 1127 4458 vel
1141 4392 1277 4476 saepius,
1289 4392 1402 4456 diebus

298 4497 419 4581 aliquot
441 4497 627 4581 interjectis,
647 4504 745 4581 prout
765 4520 817 4562 res
836 4497 1047 4582 postulaverit
1057 4525 1066 4578 ς
1091 4498 1149 4562 5551
1170 4505 1207 4561 ut
1224 4497 1401 4580 plurimum

297 4601 510 4665 venae-sectio
524 4600 574 4665 bis
590 4600 751 4666 celebrata
765 4602 909 4666 sufficiet.
955 4600 1104 4681 Interim,
1119 4600 1198 4664 dum
1211 4600 1292 4665 haec
1306 4601 1401 4680 fiunt,

298 4705 486 4791 praesertim
510 4705 545 4769 in
571 4706 684 4771 diebus
715 4729 733 4770 a
763 4707 954 4791 purgatione
984 4707 1101 4787 vacuis,
1129 4713 1241 4770 utatur
1270 4704 1402 4770 decocto

365 4858 376 4885 ⁰
394 4851 432 4901 Cf.
447 4854 538 4900 055555.
553 4854 613 4901 sled.
627 4853 658 4900 vi.
673 4856 694 4899 4.
1133 4849 1147 4886 ‘¹
1165 4852 1286 4902 01105555,
1300 4854 1338 4899 tv.
