3825 5759
505 627 570 690 224
818 623 1014 687 rPHOMAIl
1039 623 1297 687 SYDENHAM

350 805 490 852 vinnam
503 791 616 871 potum
646 784 844 848 ordinarium
874 785 1014 850 concessi
1043 807 1102 868 pro
1132 785 1264 850 arbitrio
1293 785 1497 850 sumendum.
1542 789 1606 851 Die

235 935 239 948 .
351 873 490 982 maluhi!
504 896 615 954 octavo
637 909 676 952 ea
697 887 863 971 sanguinis
878 888 1042 972 quantitas
1062 909 1080 952 e
1102 888 1233 952 naribus
1254 889 1358 967 fluxit,
1373 896 1412 952 ut
1432 911 1607 955 nosocoma

369 998 471 1055 ’wlo-
503 992 564 1055 hoc
579 997 793 1076 symptomata
807 992 921 1055 territa
935 1012 988 1054 me
1003 1011 1100 1075 ocyus
1116 990 1343 1054 accersendum
1357 999 1498 1075 putaret.
1535 993 1604 1057 Ad-

503 1095 633 1158 veniens
655 1115 724 1177 ego,
748 1115 822 1158 cum
846 1094 886 1158 ab
908 1094 1081 1157 immodico
1103 1094 1269 1176 sanguinis
1293 1095 1397 1158 calore
1423 1102 1456 1159 et
1479 1096 1606 1180 impetu

502 1197 657 1260 inusitato
672 1197 752 1260 illud
767 1197 842 1260 oriri
858 1196 1155 1274 animadverterem,
1170 1197 1354 1260 cerevisiam
1368 1204 1502 1261 tenuem
1517 1199 1605 1263 dicto

503 1299 618 1383 spiritu
638 1299 893 1383 impraegnatam
915 1299 1047 1363 uberius
1069 1299 1175 1362 adhuc
1195 1299 1409 1364 hauriendam
1429 1301 1603 1385 imperari;

503 1421 565 1484 quo
580 1402 665 1466 facto
679 1401 923 1485 haemorrhagia
937 1402 1023 1465 dicto
1039 1401 1133 1465 cinus
1148 1409 1197 1464 est
1212 1402 1360 1466 coercita.
1407 1402 1604 1468 Salivatione

502 1503 578 1568 satis
593 1505 728 1588 copiosa,
739 1504 832 1568 facici
846 1511 879 1569 et
894 1526 1051 1567 manuum
1065 1503 1322 1584 intumescentia,
1334 1507 1604 1590 pustularumque

501 1615 685 1689 augmento,
700 1607 761 1670 rite
781 1605 1037 1690 procedentibus,
1052 1605 1184 1669 morbus
1206 1627 1240 1669 se
1255 1606 1333 1670 satis
1350 1607 1485 1672 feliciter
1507 1631 1602 1692 expe—

500 1709 596 1788 divit3
618 1710 682 1773 nisi
704 1709 788 1793 quod
810 1709 933 1773 ultimis
955 1707 1068 1772 diebus
1090 1709 1285 1792 dejectiones
1307 1709 1428 1793 aliquot
1450 1733 1602 1777 mucosae

499 1813 758 1896 sanguineaeque
777 1811 1028 1895 interpellarent,
1049 1832 1131 1894 quae
1150 1811 1233 1876 forte
1251 1813 1379 1877 nullum
1398 1815 1602 1882 facessissent

500 1915 677 1997 negotium,
697 1914 724 1978 si
740 1936 866 1992 venam,
882 1935 920 1977 eo
936 1933 999 1996 quo
1017 1912 1155 1977 diximus
1177 1913 1319 1994 nominc,
1334 1937 1408 1980 mox
1429 1920 1601 1983 accersitus

500 2017 703 2099 apeurissem.
759 2015 980 2080 Nihilominus
1002 2016 1092 2080 nullo
1118 2017 1180 2080 alio
1201 2018 1359 2100 praesidio
1385 2019 1600 2104 dysenteriam

500 2119 676 2197 adoriebar,
692 2139 789 2201 quam
804 2117 966 2181 narcotico
981 2116 1045 2195 illo,
1069 2119 1155 2201 quod
1174 2120 1253 2183 alias
1268 2121 1376 2201 etiam,
1392 2123 1419 2185 si
1437 2123 1499 2188 hoc
1514 2146 1600 2208 sym-

498 2227 610 2304 ptoma
635 2242 703 2285 non
724 2220 866 2298 ursissct,
894 2219 1029 2302 singulis
1050 2221 1200 2285 noctibus
1225 2223 1337 2288 fuisset
1360 2228 1599 2308 assumendum,

500 2324 626 2406 quovis
647 2325 716 2408 ejus
736 2329 844 2386 retusa
863 2327 931 2385 erat
954 2322 1056 2386 donec
1078 2333 1304 2390 evanescerent
1320 2330 1489 2410 pustulae;
1511 2338 1600 2414 post-

499 2447 600 2511 eaque
624 2434 767 2491 extracta
792 2447 810 2489 e
834 2425 965 2489 brachio
991 2427 1156 2509 sanguinis
1182 2429 1366 2514 quantitate
1391 2433 1470 2496 satis
1498 2434 1599 2518 larga,

498 2530 647 2618 lacteque
662 2538 760 2616 atque
776 2551 860 2615 aqua
874 2529 997 2592 affatim
1011 2529 1146 2608 haustis,
1163 2531 1270 2595 subito
1285 2533 1457 2598 convaluit.

548 2635 630 2719 [la]
658 2634 781 2698 Eodem
803 2633 870 2696 fere
896 2639 1041 2716 tempore
1071 2633 1204 2718 quidam
1230 2654 1248 2696 e
1273 2634 1354 2697 meis
1377 2635 1499 2713 vicinis,
1523 2637 1599 2699 D¹¹¹¹¹

499 2737 630 2817 Clench,
647 2738 727 2803 duos
743 2737 823 2801 mihi
841 2737 959 2801 liberos
980 2736 1139 2799 sanandos
1161 2737 1296 2800 tradidit
1305 2763 1314 2814 ;
1337 2745 1477 2822 quatuor
1497 2761 1599 2804 annos

497 2842 638 2907 habebat
654 2843 744 2920 alter,
761 2841 842 2905 alter
857 2839 963 2904 adhuc
977 2837 1128 2917 lactabat,
1144 2859 1204 2902 nec
1220 2839 1298 2902 dum
1314 2846 1441 2904 sertum
1455 2863 1602 2906 mensem

498 2947 659 3030 attigerat.
714 2944 868 3008 Pustulae
894 2942 1042 3027 utrisque
1067 2940 1259 3023 perpusillae
1287 2948 1389 3020 erant,
1413 2943 1601 3007 confluxilcs

497 3050 682 3127 admodum,
705 3056 738 3112 et
764 3047 805 3110 ad
827 3044 1025 3130 erysipelatis
1049 3043 1181 3106 modum
1205 3042 1386 3126 pmdibant,
1409 3046 1601 3131 generisque

498 3154 594 3238 Nigri
613 3152 701 3214 dicti.
746 3149 877 3212 Vitrioli
893 3147 1042 3231 spiritum
1063 3145 1209 3228 utrisque
1226 3144 1262 3207 in
1285 3151 1365 3226 potu
1386 3147 1476 3208 omni
1494 3146 1599 3210 instil-

497 3255 631 3318 landum
641 3247 759 3330 curavi',
771 3272 869 3336 quem
881 3253 960 3332 (non
971 3249 1120 3313 obstante
1132 3254 1247 3326 aetate,
1256 3247 1393 3332 junioris
1402 3251 1599 3331 praesertim,

497 3354 673 3436 tenellula)
691 3373 733 3416 ne
747 3352 850 3414 hilum
865 3350 1095 3415 aversabantur
1103 3375 1113 3427 3
1136 3349 1217 3434 quin
1232 3356 1265 3412 et
1280 3351 1370 3415 nullo
1384 3360 1600 3435 symptomata

498 3457 634 3540 graviori
663 3455 770 3520 affecti
798 3453 987 3518 convaluere
1019 3452 1114 3516 illico.
1173 3452 1395 3516 Amicissimus
1428 3455 1508 3518 mihi
1541 3457 1598 3532 vir,

498 3561 571 3624 D¹¹¹¹¹
600 3560 723 3623 Doctor
751 3555 934 3640 Mapletoft,
964 3561 1120 3640 utrosque
1153 3575 1281 3618 mecum
1313 3555 1462 3636 invisens,
1493 3565 1599 3624 aetate

498 3664 651 3748 majorem
667 3663 737 3746 jam
752 3657 1026 3723 convalescentem
1040 3657 1169 3740 reperit,
1184 3657 1343 3721 minorem
1357 3680 1432 3724 vero
1450 3661 1486 3723 in
1505 3663 1598 3726 cunis

497 3765 603 3828 adhuc
617 3763 828 3827 laborantem.

546 3869 629 3954 [la]
656 3863 989 3932 Animadvertendum
1011 3872 1060 3927 est
1084 3870 1204 3942 autem,
1219 3864 1316 3950 quod,
1335 3866 1431 3931 sicuti
1446 3868 1594 3931 Variolae

496 3973 594 4058 hujus
617 3968 866 4036 constitutionis
887 3989 972 4054 quae
997 3989 1065 4032 non
1087 3967 1303 4046 confluebant,
1326 3971 1404 4033 satis
1425 3977 1516 4034 erant
1537 3968 1595 4033 bc·

496 4077 624 4161 nignae,
644 4075 691 4138 ita
712 4093 819 4158 neque
840 4069 983 4134 remedio
1004 4070 1074 4154 jam
1095 4070 1290 4153 praescripto
1312 4092 1392 4154 opus
1414 4071 1597 4156 habebant3

497 4181 574 4245 satis
596 4200 671 4244 vero
693 4183 761 4242 crat
783 4175 847 4239 ista
866 4194 919 4238 eas
942 4172 1095 4237 methodo
1113 4179 1253 4236 tractare
1268 4195 1367 4258 quam
1389 4175 1502 4258 generi
1522 4176 1598 4240 Dis-

496 4285 599 4348 tincto
610 4283 680 4366 jam
695 4301 792 4364 supra
808 4276 868 4364 [iii.
886 4279 918 4342 2.
934 4277 977 4340 42
993 4275 1055 4359 sq]
1077 4274 1188 4338 deberi
1200 4274 1379 4338 docuimus.

545 4387 628 4470 [ld]
658 4383 768 4447 Habes
794 4382 873 4465 jam,
901 4380 1028 4456 Lector,
1055 4398 1139 4463 quae
1165 4377 1206 4440 de
1232 4376 1372 4440 Variolis
1397 4379 1479 4442 mihi
1505 4389 1600 4444 erant

498 4489 633 4552 dicenda
650 4487 760 4551 omnia
767 4511 777 4564 3
801 4505 884 4570 quae
903 4481 979 4545 licet
993 4503 1061 4545 non
1079 4501 1176 4544 nemo
1191 4479 1325 4543 fortasse
1339 4481 1430 4562 parvi
1448 4483 1600 4564 penderit

496 4615 555 4676 pro
567 4591 681 4654 saeculi
694 4589 798 4672 genio,
811 4588 875 4652 scio
889 4592 1000 4650 tamen
1015 4605 1075 4666 ego
1083 4582 1171 4646 haud
1181 4604 1278 4665 parvo
1288 4583 1368 4645 mihi
1378 4583 1498 4662 labore,
1510 4606 1598 4664 cura,

498 4701 595 4777 atquc
623 4689 792 4766 industria,
818 4709 875 4770 per
905 4685 1024 4748 multos
1053 4706 1155 4749 annos
1184 4685 1355 4748 continuos
1384 4707 1423 4748 ea
1448 4688 1598 4784 stetisse5

498 4815 604 4880 neque
621 4791 688 4875 jam
713 4813 732 4854 a
753 4811 805 4852 me
828 4789 925 4851 fuisse
951 4787 1139 4870 evulganda,
1164 4788 1227 4850 nisi
1249 4788 1376 4852 vicisset
1396 4790 1536 4855 charitas
1563 4793 1599 4856 in
