3825 5759
533 673 755 740 EPISTOLA
774 675 824 740 11.
847 675 1177 740 RESPONSORIA.
1340 674 1405 736 309

305 835 424 920 quibus
439 835 626 901 continetur
639 835 809 900 hominum
822 837 974 901 societas:
996 837 1061 900 nisi
1050 836 1167 921 'quod,
1176 833 1405 918 vegetabilium
1432 851 1476 900 Dc
1489 851 1546 900 Luc

307 939 419 1018 instar,
435 939 470 1002 in
490 939 633 1002 alienum
650 937 790 1022 apatrio
805 939 909 1002 solum
929 939 1021 1022 qnasi
1038 938 1285 1022 transplantata,
1300 937 1448 1051 Euro-n-

307 1063 387 1124 paco
401 1049 512 1106 nostro
526 1062 593 1105 non
613 1040 745 1124 perinde
759 1041 908 1120 neuun,
924 1042 980 1106 sed
993 1042 1127 1123 languet
1140 1040 1254 1118 indies,
1269 1046 1303 1103 et
1317 1020 1433 1100 miti·n
1416 1005 1534 1130 guffl

304 1144 417 1208 oribus
431 1142 668 1257 phaenomenis
688 1143 818 1208 fatiscit.
863 1143 976 1208 Novus
1000 1143 1087 1226 apud
1109 1163 1169 1206 nos
1190 1143 1306 1225 hospes
1328 1162 1405 1204 cum
1416 1133 1474 1181 ‘¹¹⁴²

1416 917 1557 1051 Verulana,

309 1251 402 1323 esset,
414 1245 441 1306 si
456 1265 552 1327 quem
567 1244 755 1327 arripuerat,
766 1265 841 1308 mox
855 1266 986 1310 omnem
999 1245 1165 1327 sanguinis
1175 1266 1314 1308 massam
1328 1265 1404 1307 oon-

308 1345 497 1425 taminabat,
508 1353 540 1409 et
556 1345 633 1409 diris
647 1347 760 1430 capitis
775 1353 872 1430 atque
886 1355 1018 1412 artuum
1033 1346 1204 1426 doloribus,
1219 1353 1292 1410 tum
1306 1346 1405 1410 etiam

308 1447 469 1512 ulceribus
491 1447 586 1512 variis
607 1447 643 1512 in
665 1447 821 1530 partibus,
844 1469 879 1513 se
899 1447 1066 1533 prodebat.
1108 1448 1156 1514 At
1176 1467 1251 1511 vero
1273 1455 1405 1510 centum
1418 1459 1525 1508 eentum

307 1557 395 1614 retro
415 1550 508 1614 annis
530 1551 755 1616 Gonorrhoeae
774 1550 952 1614 virulentae
972 1548 1077 1633 specie
1091 1547 1280 1631 septimum
1298 1525 1558 1636 osten-¹53⁰&

309 1651 415 1732 debat,
438 1653 643 1736 ostenditque
666 1653 781 1731 adhuc,
804 1653 865 1717 hac
887 1651 948 1716 sibi
969 1659 1064 1768 porta
1084 1650 1207 1713 exitum
1229 1667 1446 1762 quaerenerm
1417 1651 1474 1762 rJeh
1446 1667 1538 1763 venep

308 1755 398 1819 nullo
413 1755 475 1818 alio
497 1755 668 1820 manifesto
688 1752 1148 1840 symptomate,nisi'quod1n
1166 1750 1334 1835 perpaucis
1355 1729 1446 1812 ul·lm
1418 1715 1534 1840 apim

307 1857 505 1920 cusculum'
496 1879 531 1919 m
552 1856 703 1973 pudendo
726 1858 832 1940 (vulgo
853 1879 874 1922 c
893 1859 1056 1940 Sdaoker)
1069 1855 1211 1940 primum
1232 1851 1337 1916 morbi
1356 1861 1405 1916 est
1417 1844 1529 1956 rw?

307 1957 481 2036 indicium
513 1960 605 2043 cujus
624 1959 721 2038 virus,
737 1980 812 2024 cum
830 1981 888 2043 per
904 1959 1146 2024 Gonorrbocam
1165 1979 1232 2022 non
1247 1956 1403 2041 ejiciatur,
1417 1971 1467 2019 ιιι

308 2063 474 2144 sanguinis
488 2083 626 2126 massam
642 2062 728 2128 dicto
742 2063 837 2128 citim
851 2063 995 2146 pervadit
1009 2063 1185 2144 inficitque.

356 2163 416 2246 [7.]
444 2164 645 2246 Propagatur
663 2171 772 2230 antem
792 2164 940 2229 Veneres
958 2163 1038 2229 haec
1058 2163 1145 2229 Lues
1163 2163 1214 2227 vel
1232 2181 1291 2246 per
1310 2181 1404 2243 gene·
1419 2173 1487 2222 Quot
1497 2190 1549 2223 mo

302 2265 476 2344 rationem,
492 2265 579 2330 unde
592 2265 735 2330 misellus
749 2266 857 2330 infans
876 2267 917 2332 ab
932 2267 1102 2350 inquinabo
1117 2272 1288 2349 parentum
1302 2263 1405 2326 altero
1416 2237 1508 2364 {³23⁰
1508 2255 1551 2302 ¹³⁸

305 2367 394 2429 mala
415 2367 504 2432 ducit
524 2367 663 2431 stamina
682 2368 785 2446 vitae·
807 2369 857 2433 vel
882 2390 940 2452 per
961 2375 1148 2434 contactum
1169 2365 1323 2432 mollioris
1347 2317 1434 2428 ali-g

305 2470 399 2552 cujus
414 2470 524 2553 partis,
541 2491 605 2552 quo
619 2471 791 2534 virulentia
805 2478 901 2554 atque
918 2471 1132 2535 inflammatio
1142 2469 1267 2553 corpori
1280 2467 1405 2532 meinu-

309 2579 416 2650 antur,
432 2592 472 2635 cx
486 2571 704 2636 occasionibus
718 2572 780 2636 hoc
796 2573 833 2636 in
847 2573 918 2638 loco
933 2572 1086 2637 dicendis.
1119 2572 1239 2650 Primo,
1254 2571 1292 2634 in
1305 2571 1404 2634 lacta·

308 2672 407 2750 tione,
418 2673 507 2736 verbi
519 2674 631 2754 gratia,
643 2673 693 2736 vel
706 2673 814 2738 infans
824 2675 986 2738 nutricem
999 2695 1057 2757 per
1066 2673 1203 2737 rariores
1213 2671 1403 2736 mammilla·

308 2795 382 2836 rum
403 2795 507 2856 poros,
522 2774 572 2837 vel
593 2775 704 2837 nutrix
721 2774 881 2839 infantem
898 2797 956 2859 per
978 2798 1013 2840 os
1034 2782 1184 2839 tenerum
1204 2774 1334 2836 inficere
1348 2771 1404 2854 poss

309 2881 383 2938 test.
430 2874 588 2953 Secundo,
611 2875 753 2940 infantes
777 2877 806 2940 si
827 2877 908 2940 nudi
931 2899 1007 2942 cum
1031 2875 1209 2959 inquinatis
1232 2873 1269 2937 in
1292 2872 1406 2938 eodem

306 2977 393 3040 lecto
413 2977 591 3040 dormiant:
615 2976 690 3044 licet
708 2977 796 3041 enim
816 2976 928 3058 adulti,
950 2999 1087 3062 quorum
1105 2997 1181 3040 caro
1195 2976 1265 3059 jam
1284 2974 1406 3038 firmior

306 3085 415 3142 aetate
434 3078 598 3158 obduruit,
613 3079 665 3142 vix
679 3079 743 3143 nisi
759 3080 980 3146 intercedente
998 3081 1125 3164 ιιιιριιιο
1146 3078 1244 3155 coitu,
1260 3075 1405 3159 quamvis

309 3180 405 3244 simul
424 3180 596 3259 dormiant,
611 3181 736 3265 possint
755 3182 852 3262 infici,
875 3183 1052 3248 infantium
1072 3188 1184 3246 tamen
1204 3179 1306 3243 laxior
1320 3197 1404 3255 caro,

303 3290 341 3346 et
356 3290 503 3347 texturae
517 3284 654 3364 rarioris,
669 3305 830 3349 venenum
844 3285 937 3350 facile
958 3284 1097 3368 excipit,
1119 3281 1208 3368 quod
1223 3301 1291 3345 non
1305 3279 1405 3342 semel

307 3385 470 3449 observavi
498 3385 677 3450 infantibus
706 3409 727 3451 a
755 3387 954 3470 genitoribus
981 3387 1173 3471 quibuscum
1201 3381 1404 3447 dormiebant

304 3488 435 3551 infectis
453 3489 635 3570 contigisse.
681 3489 789 3554 Tertio
811 3497 930 3570 autem,
946 3489 1047 3574 partis
1063 3487 1218 3552 mollioris
1235 3492 1403 3551 contactus

307 3590 445 3654 maxime
459 3589 495 3652 in
510 3590 598 3654 coitu
611 3590 739 3674 impuro
754 3592 801 3670 fit,
817 3613 854 3656 ac
868 3591 1004 3676 proinde
1018 3611 1057 3655 eo
1071 3611 1148 3674 prae
1162 3588 1296 3654 caeteris
1306 3587 1404 3651 modo

308 3693 406 3776 serpit
422 3693 528 3770 Lues;
551 3714 626 3757 cum
641 3694 761 3758 scilicet
780 3695 871 3777 penis
892 3692 1057 3778 spiritibus
1076 3691 1276 3776 generationi
1290 3690 1404 3754 dicatis

307 3795 466 3876 turgidus,
487 3817 507 3858 a
525 3817 660 3860 venereo
681 3797 747 3860 sive
768 3797 885 3876 ulcere,
901 3797 967 3861 sive
988 3797 1087 3860 etiam
1106 3795 1246 3879 pustula,
1264 3794 1301 3856 in
1319 3793 1404 3856 uteri

308 3898 424 3980 vagina
444 3898 627 3962 stabulante
647 3920 765 3963 noxam
787 3899 827 3964 de
841 3899 928 3964 facili
949 3899 1069 3977 haurit,
1085 3919 1223 3981 quorum
1248 3897 1404 3959 alterutro

306 4001 396 4064 intus
414 4000 537 4064 latente
557 4001 673 4064 mulier
691 4001 902 4066 nihilominus
920 4025 999 4066 sana
1012 4001 1115 4065 videri
1131 4006 1238 4083 potest
1247 4025 1257 4077 3
1280 4017 1404 4060 veneno

307 4122 423 4184 nempe
437 4103 487 4165 vel
507 4102 643 4166 istarum
657 4104 798 4186 partium
815 4103 923 4168 illuvie
940 4103 988 4167 ita
1001 4103 1134 4166 detento
1151 4109 1190 4164 nt
1209 4099 1339 4181 segnius
1353 4097 1403 4158 in·

308 4203 403 4266 vadat
424 4204 624 4286 sanguinem,
643 4205 694 4269 vel
710 4226 768 4287 per
784 4213 967 4270 menstruas
984 4204 1193 4286 purgationes
1212 4201 1316 4264 diluto
1335 4217 1403 4259 sae-

306 4305 389 4390 pius,
406 4311 439 4368 ct
454 4305 678 4388 quadantenus
696 4307 918 4370 exterminato.
969 4306 1031 4388 [8.]
1058 4303 1218 4385 Contegio
1235 4301 1315 4364 haec
1335 4319 1403 4360 car·

304 4427 421 4472 nesam
445 4407 553 4490 virgae
579 4408 794 4473 substantiam
823 4409 993 4492 (quantum
1019 4427 1079 4487 ego
1100 4404 1233 4488 judicu)
1261 4400 1403 4484 primum

304 4509 460 4588 adoritur,
476 4531 574 4592 quam
592 4509 722 4593 quidem
739 4529 955 4593 corrumpens,
971 4507 1138 4589 eidemque
1154 4504 1258 4588 primo
1276 4502 1402 4565 inflam-

306 4611 493 4690 mationem,
504 4633 579 4676 mox
591 4612 768 4698 ulcerosam
782 4609 933 4688 διάθεσιν,
946 4609 1065 4674 sensim
1075 4609 1243 4685 inducens,
1258 4605 1354 4670 efficit
1364 4610 1403 4668 ut

307 4713 420 4791 sanies,
437 4715 564 4796 qualern
588 4715 623 4777 in
648 4715 856 4779 Gonorrhoea
878 4713 1050 4791 cernimus,
1072 4713 1108 4777 in
1126 4709 1292 4775 uretbram
1314 4708 1403 4771 lente

307 4815 447 4878 extillet:
487 4816 573 4898 quod
606 4801 643 4880 ut
676 4817 812 4895 credam,
842 4817 903 4880 hac
935 4815 1059 4880 rationo
1092 4833 1298 4899 promoveor;
1334 4808 1403 4892 ipse
