3825 5759
520 584 586 647 422
827 582 1023 647 THOMAE
1052 582 1313 648 SYDENHAM

376 752 417 801 ur
431 751 499 803 Poc-
520 740 668 825 Podagra
691 741 742 807 vel
766 740 959 807 levissimam
984 741 1160 825 quamlibet
1184 742 1426 807 evacuationem
1450 742 1520 808 fere
1547 744 1641 809 sub-
1745 757 1746 774 Ο

366 830 506 899 ..¹E.¹.¹0.
520 852 693 928 sequatur3
730 844 884 907 dissoluto
913 844 1001 908 euim
1034 845 1174 929 corporis
1201 852 1291 924 tono,
1321 866 1419 929 quem
1446 847 1638 929 spirituum

519 946 665 1027 firmitas,
682 946 761 1011 dum
774 946 810 1009 in
824 945 933 1029 vigore
948 967 1007 1010 suo
1026 946 1214 1030 persistunt,
1228 947 1292 1011 rite
1306 954 1511 1031 compactum
1524 970 1635 1033 vege·

518 1055 654 1131 tumque
668 1054 782 1127 servat,
797 1048 933 1113 mater-ia
946 1068 1083 1131 peccans
1097 1048 1189 1132 quasi
1203 1049 1357 1132 disruptis
1370 1050 1533 1133 repagulis
1550 1052 1632 1134 jam

518 1150 568 1215 ιιιι
584 1150 667 1235 juris
681 1156 741 1230 est,
757 1156 854 1235 atque
873 1150 914 1215 ab
934 1150 995 1215 hac
1014 1150 1110 1235 plaga
1123 1151 1249 1235 corpori
1266 1151 1391 1215 inflicta
1408 1172 1630 1235 paroxysmus

517 1253 628 1319 statim
643 1254 794 1319 exoritvu.

566 1354 649 1441 [25]
676 1356 723 1421 At
737 1376 811 1421 vero
831 1354 910 1419 haee
927 1355 998 1439 ipsa
1015 1354 1195 1433 methodus,
1209 1361 1286 1419 utut
1302 1354 1482 1438 peruiciosa
1502 1376 1541 1419 ac
1560 1376 1626 1421 uo-
1745 1441 1746 1444 Ἴ

518 1478 603 1538 cens,
619 1458 828 1523 nibilominus
848 1457 1007 1542 empiricis
1027 1458 1229 1541 quibusdam,
1245 1458 1301 1540 qui
1318 1458 1533 1523 catharticum
1554 1480 1625 1542 quo

517 1559 696 1625 utebantur
709 1560 980 1626 medicamentum
995 1566 1102 1623 astute
1116 1580 1228 1623 ornnes
1243 1560 1400 1638 celmmt,
1412 1560 1502 1623 baud
1515 1560 1622 1625 medi·

366 1672 424 1723 Quo
437 1680 507 1737 paeto
519 1684 626 1729 ocrem
651 1662 920 1729 existimationem
944 1662 1134 1727 conciliavit.
1179 1661 1424 1726 Observandum
1444 1669 1495 1726 est
1516 1663 1620 1741 euim,

366 1738 449 1787 ’Μ’
448 1754 615 1851 n⁸,⁸',quod
630 1766 822 1849 purgatione
836 1770 997 1843 currente,
1012 1784 1108 1846 aeger
1121 1764 1171 1827 vel
1186 1784 1254 1827 non
1270 1764 1403 1828 omnino
1418 1764 1468 1827 vel
1481 1765 1622 1829 remisse

363 1816 476 1913 peomn-
401 1867 462 1915 ¹¹¹¹¹0
464 1866 693 1931 ⁰¹¹·admodum
708 1866 853 1944 dolet‚t
820 1872 862 1944 et,
879 1886 906 1929 si
897 1865 1076 1930 catharsis
1096 1864 1137 1929 sd
1156 1865 1263 1947 plures
1277 1864 1345 1929 dies
1359 1864 1493 1949 produci
1508 1872 1620 1948 quest,

364 1884 478 2058 ιζἰἷιοέζ,
473 1968 609 2046 '„nullo
634 1968 877 2051 superveniente
898 1988 1088 2051 paroxysmo
1109 1968 1240 2046 receuti,
1263 1988 1358 2050 aeger
1378 1968 1549 2032 confestim
1576 1968 1620 2032 ab

364 2057 398 2105 ΟΟΟΟ
365 2072 448 2170 xiim
432 2066 480 2107 ΟΟΟ·
518 2090 566 2149 eo,
589 2090 653 2153 quo
670 2071 740 2153 jam
765 2076 905 2148 tenetur,
928 2069 1144 2134 convalescet:
1175 2090 1286 2133 verum
1311 2069 1471 2133 enimvero
1495 2091 1620 2153 poenas

364 2184 395 2233 ιτ
380 2184 481 2263 τιειιρι
468 2202 506 2237 ea
517 2172 726 2255 imposterum
736 2172 856 2255 pendet
867 2172 1042 2236 dirissimas
1056 2171 1097 2237 ab
1112 2170 1250 2258 ἀταξίᾳ
1241 2194 1277 2235 ιιι
1292 2193 1388 2255 quam
1400 2172 1487 2237 dicta
1499 2172 1618 2237 humo-

364 2250 475 2363 {¹me
381 2250 486 2299 “¹³⁵''
516 2296 590 2339 rum
605 2274 777 2357 exagitatio
791 2274 953 2339 Naturam
968 2274 1176 2359 praecipitem
1190 2274 1268 2357 egit.

365 2399 407 2450 Qu
409 2401 465 2449 ιιιιι
566 2376 648 2461 [ad]
676 2376 835 2461 Denique,
850 2378 1004 2441 materiae
1022 2376 1185 2491 peccantis
1209 2396 1267 2459 per
1289 2375 1420 2440 sudores
1439 2378 1615 2457 evacuatio,

363 2466 503 2579 :aspicitur
516 2478 591 2545 licet
612 2479 763 2565 praedict
755 2502 782 2543 rs
740 2479 1066 2545 tevacuationibus
1087 2478 1198 2542 minus
1218 2478 1345 2557 officiat,
1360 2479 1482 2562 liquido
1503 2486 1616 2545 tamen

363 2594 418 2643 offic
419 2596 482 2647 iant.
516 2580 641 2647 officere
656 2580 799 2646 cernitur
809 2580 994 2663 3quamvis
1009 2578 1096 2643 enim
1110 2578 1215 2643 morbi
1228 2579 1376 2644 fomitem
1388 2602 1457 2644 non
1470 2582 1614 2646 retrabat

516 2686 552 2751 in
566 2686 694 2765 viscera,
711 2684 767 2751 sed
788 2704 807 2749 e
830 2684 972 2749 contra
962 2705 998 2746 m
1020 2684 1160 2767 corporis
1181 2682 1330 2747 habitum
1351 2684 1515 2768 propellat,
1529 2692 1612 2747 atta-

516 2788 657 2853 mechis
672 2788 785 2853 saltem
806 2786 992 2853 nominibus
1013 2784 1123 2849 obest:
1147 2785 1256 2849 Primo
1271 2785 1411 2868 qaudam,
1427 2786 1511 2870 quod
1524 2792 1614 2850 extra

515 2912 742 2976 paroxysmum
757 2890 908 2955 humores
928 2888 1034 2953 adbuc
1053 2886 1179 2966 crudos,
1194 2894 1228 2951 et
1246 2887 1393 2951 nondum
1406 2889 1455 2951 ita
1467 2887 1614 2953 subactos

516 3000 555 3059 ut
569 2994 630 3059 rite
645 2991 784 3077 separari
804 2991 952 3071 debeant,
969 2988 1061 3073 qnasi
1076 2989 1109 3052 vi
1123 2988 1262 3072 quadam
1280 2989 1443 3071 protrudit
1463 2989 1500 3053 in
1516 2997 1615 3069 artus,

516 3103 614 3179 atque
636 3118 674 3160 eo
697 3102 791 3179 pacto
814 3100 1023 3158 cunctantem
1045 3112 1274 3176 paroxysmum
1295 3099 1372 3155 ante
1393 3091 1490 3170 dicun
1511 3100 1545 3156 et
1566 3093 1616 3157 vel

515 3199 618 3263 invita
635 3198 773 3274 Natura,
789 3196 939 3259 sollicitat
946 3220 957 3273 ς
980 3194 1117 3272 Deinde,
1134 3193 1221 3277 quod
1241 3193 1367 3258 sudoris
1385 3194 1568 3277 provocatio
1580 3195 1616 3258 in

515 3303 585 3385 ipso
599 3318 788 3384 paroxysmo
803 3297 972 3361 materiam
986 3295 1185 3359 morbificam
1195 3296 1292 3359 nimis
1303 3295 1458 3361 violenter
1471 3297 1508 3360 in
1522 3298 1615 3361 affec·

515 3410 587 3467 tum
602 3398 783 3477 membrum
802 3398 961 3481 impingat
980 3398 1162 3482 adigatqne,
1178 3398 1321 3464 dolorem
1343 3400 1439 3463 simul
1453 3400 1615 3466 addacem

514 3505 602 3571 baud
623 3504 844 3581 tolerandum3
871 3510 914 3581 et,
931 3503 959 3569 si
980 3504 1084 3588 major
1105 3504 1148 3568 sit
1168 3504 1322 3569 materiae
1342 3505 1505 3588 peccantis
1525 3507 1615 3590 copia

515 3628 612 3693 quam
626 3612 665 3671 ut
678 3628 752 3689 pars
767 3604 882 3671 affecta
896 3626 969 3671 eam
980 3614 1078 3689 queat
1092 3606 1272 3686 admittere,
1286 3608 1376 3671 illam
1389 3630 1465 3672 mox
1479 3609 1516 3671 in
1526 3616 1613 3673 artus

514 3710 592 3775 alios
607 3708 768 3787 deturbat,
783 3707 870 3771 unde
886 3729 1053 3791 orgasmus
1072 3708 1197 3771 interca
1215 3715 1312 3791 atque
1328 3710 1445 3793 ingens
1458 3718 1529 3775 tam
1542 3732 1612 3775 san·

515 3812 622 3896 guinis
638 3830 734 3895 quam
749 3816 948 3875 caeterorum
962 3809 1138 3874 humorum
1158 3809 1305 3875 ebullitio
1319 3811 1384 3875 sive
1399 3813 1611 3892 exaestuati03

516 3914 633 3979 sivero
652 3934 767 3996 corpus
787 3910 921 3977 colluvie
940 3932 1047 3975 semea
1065 3910 1230 3995 Podagrae
1244 3914 1446 3994 generandae
1467 3922 1544 3997 apta
1559 3914 1611 3978 ad.

516 4016 650 4081 modum
664 4020 794 4093 scateat,
809 4013 1022 4078 metuendum
1035 4020 1085 4076 est
1098 4033 1141 4076 ne
1158 4012 1323 4096 apoplexia
1335 4014 1477 4097 ingruat.
1527 4015 1606 4099 [22]

516 4118 735 4187 Quamobrem
750 4116 785 4181 in
798 4114 860 4179 hoo
875 4115 994 4179 affectu
1007 4114 1151 4198 (perinde
1165 4136 1203 4179 ac
1216 4115 1252 4177 in
1267 4116 1402 4181 caeteris
1415 4116 1564 4181 omuibus
1576 4118 1611 4181 iu

515 4224 632 4309 quibus
647 4222 778 4289 sudores
800 4217 879 4283 artis
898 4240 960 4301 ope
982 4218 1196 4282 sollicitantur
1214 4217 1256 4281 ad
1270 4218 1500 4283 eliminandam
1513 4228 1611 4284 mate-
1745 4297 1746 4302 ἵ

514 4328 596 4393 riam
611 4324 818 4399 morbificam,
833 4342 901 4385 uon
920 4341 995 4385 vero
1009 4320 1156 4384 Naturae
1171 4319 1273 4383 ductu
1285 4321 1474 4404 profluunt)
1491 4322 1609 4405 pericu-

515 4430 708 4495 losissimum
738 4432 787 4491 est
816 4424 944 4489 eosdem
979 4424 1077 4489 nimis
1105 4424 1269 4503 violenter,
1298 4432 1397 4509 atque
1425 4426 1512 4490 ultra
1540 4448 1610 4491 eum

516 4532 670 4599 coctionis
696 4528 832 4613 gradum
860 4528 901 4591 ad
927 4550 1025 4611 quem
1049 4528 1200 4591 humores
1221 4528 1398 4591 evacuandi
1417 4550 1478 4592 sua
1501 4536 1609 4612 sponte

515 4632 730 4719 pervenerint,
744 4628 858 4695 elicere
867 4656 877 4709 ;
900 4638 934 4695 et
955 4630 1180 4695 celeberrimus
1198 4628 1261 4693 iste
1280 4630 1489 4715 Hippocratis
1504 4632 1609 4714 Apbo-

517 4738 641 4815 rismus,
659 4732 810 4819 [Πέπονα
823 4732 1037 4821 φαρμακεύειν
1050 4729 1105 4796 rol
1118 4728 1239 4807 κινέειν,
1252 4730 1299 4811 μὴ
1312 4730 1395 4813 dud,
1409 4732 1432 4797 i.
1441 4732 1485 4816 e]
1508 4735 1606 4811 Cocta,
