3825 5759
375 722 376 725 Ἴ
612 637 869 703 PROCESSUS
893 638 1096 703 INTEGRI.
1336 638 1400 703 567

301 796 407 863 bitum
415 798 604 882 protrudere
613 799 741 883 satagit,
754 799 904 884 pendere.
938 798 1130 885 Applicetur
1139 799 1250 884 itaque
1266 799 1402 884 emplas-
1464 818 1507 867 ns

301 908 391 965 trum
408 901 636 987 epispasticum
657 902 793 983 nuchae,
814 904 898 967 lecto
917 904 1157 987 quamprimum
1179 903 1402 968 committatur
1414 882 1559 961 Q

301 1025 395 1087 aeger
403 1030 413 1083 ;
435 1004 626 1069 exhibeatur
644 1005 777 1089 insuper
797 1006 990 1085 cardiacum,
1011 1006 1064 1069 cui
1082 1006 1260 1090 paregorici
1278 1005 1402 1091 pauxil-

299 1105 369 1168 lum
388 1113 437 1170 est
460 1106 712 1187 admiscendum,
735 1129 836 1192 puero
855 1128 973 1192 nempe
992 1108 1114 1172 trienni
1134 1109 1267 1173 laudaui
1285 1108 1401 1193 liquidi

300 1214 413 1290 guttae
428 1208 570 1291 quinque
584 1209 620 1273 in
635 1229 737 1292 aquae
752 1210 947 1292 epidemicae
962 1211 1120 1275 cochleari
1133 1233 1211 1277 uno.

346 1310 430 1394 [23]
459 1312 495 1375 Si
509 1311 569 1377 'die
594 1311 775 1391 undecimo,
797 1314 849 1377 vel
872 1314 934 1377 alio
957 1313 1068 1396 quovis
1093 1321 1167 1399 post
1192 1335 1278 1393 eum,
1300 1314 1401 1381 febris

298 1414 488 1478 secundaria
504 1436 579 1480 cum
597 1415 831 1500 inquietudine,
842 1415 1030 1500 jactatione,
1046 1422 1080 1479 et
1094 1416 1229 1480 caeteris
1247 1416 1282 1480 id
1297 1439 1401 1500 genus

299 1518 532 1601 symptomatis,
548 1538 650 1601 usque
672 1518 752 1583 adeo
774 1518 936 1597 efferatur,
959 1525 998 1582 ut
1019 1518 1212 1602 paregoricis
1233 1525 1401 1603 utcumque

297 1621 443 1704 repetitis
458 1622 667 1687 sufflaminari
684 1630 834 1707 nequeat,
851 1629 884 1687 et
903 1644 991 1687 mors
1006 1622 1098 1706 quasi
1116 1621 1285 1687 immineat
1293 1648 1304 1700 ;
1327 1628 1400 1687 tum

297 1725 429 1807 sanguis
463 1724 504 1788 ad
538 1725 616 1789 satis
649 1746 802 1809 magnam
831 1726 1049 1809 quantitatem
1084 1724 1170 1789 illico
1199 1724 1398 1804 detrahatur,

296 1847 413 1910 nempe
435 1826 477 1891 ad
498 1828 611 1892 uncias
633 1827 812 1908 duodecim,
834 1829 886 1893 vel
909 1828 1045 1907 circiter,
1062 1835 1159 1911 atque
1179 1848 1275 1911 porro
1295 1828 1399 1911 repeti

295 1933 396 2015 possit
411 1932 511 1997 semel
529 1934 578 1997 vel
596 1932 647 1997 his
667 1932 703 1997 in
722 1932 932 2016 sequentibus
954 1931 1078 2011 diebus,
1095 1932 1123 1995 si
1142 1938 1399 2015 symptomatum

296 2036 456 2101 dictorum
466 2037 549 2101 ratio
563 2037 649 2102 idem
663 2036 833 2121 postularit
841 2063 852 2117 3
875 2043 909 2101 at
924 2058 993 2101 non
1007 2036 1096 2101 alias.
1118 2036 1284 2101 Catharsis
1299 2036 1399 2100 etiam

293 2137 414 2203 blanda
427 2139 480 2203 die
495 2139 729 2227 decimotertio
747 2140 826 2224 (non
846 2141 965 2222 antea)
985 2139 1037 2204 vel
1051 2138 1161 2223 quovis
1176 2138 1239 2202 alio
1255 2138 1307 2202 die
1321 2158 1397 2202 eum

294 2240 486 2325 insequente
511 2242 618 2325 (modo
639 2242 853 2308 venae-sectio
878 2243 1110 2327 praecesserit)
1134 2240 1264 2307 institui
1284 2240 1397 2325 possit,

294 2364 412 2429 nempe
426 2366 466 2409 ex
480 2346 644 2411 electuarii
658 2346 783 2409 lenitivi
804 2346 901 2410 uncia
919 2368 988 2410 una
1009 2346 1165 2410 dissoluta
1182 2344 1220 2409 in
1237 2365 1340 2429 aquae
1353 2344 1397 2408 ci·

292 2445 396 2511 chorii
410 2447 461 2510 vel
473 2447 566 2511 lactis
581 2448 770 2513 alereteriae
783 2448 888 2512 unciis
905 2454 1053 2531 quatuor.
1096 2448 1323 2511 Venmtamen
1335 2468 1397 2511 nec

294 2548 518 2628 venae-sectio,
528 2569 588 2613 nec
596 2550 761 2628 catharsi,
771 2549 963 2633 impediunt,
974 2571 1038 2633 quo
1047 2549 1157 2613 minus
1166 2548 1352 2631 paregorica
1360 2548 1397 2612 in

294 2670 390 2713 usum
400 2649 551 2727 veniant;
575 2670 656 2733 quae
670 2650 768 2731 (haud
779 2650 984 2715 obstantibus
998 2650 1060 2733 iis)
1073 2657 1143 2713 tam
1154 2647 1260 2732 quoad
1272 2648 1397 2730 largam

294 2749 387 2815 dosin
409 2773 506 2836 quam
527 2752 698 2835 repetitam
717 2752 861 2817 exhiberi
876 2753 1007 2831 debent,
1022 2752 1050 2816 si
1065 2773 1145 2835 opus
1160 2750 1266 2815 adhuc
1278 2750 1395 2816 fuerit:

292 2876 370 2918 nam
385 2855 427 2918 ad
440 2855 520 2941 haec
533 2854 570 2917 in
583 2853 645 2919 hoc
658 2853 771 2919 morbo
786 2874 911 2937 semper
925 2852 1190 2935 conhigiendum.

342 2956 425 3041 [24]
453 2956 593 3023 Quando
612 2957 761 3041 pmtulae
782 2955 923 3040 perfecte
943 2954 1137 3033 exaruerint,
1152 2953 1333 3037 inungatur
1346 2952 1395 3018 fa·

293 3058 357 3123 cies
385 3052 555 3124 linimento
589 3080 628 3125 ex
664 3058 851 3143 aequalibus
879 3057 1027 3143 partibus
1056 3056 1120 3122 olei
1149 3055 1395 3141 amygdalarum

293 3163 436 3227 dulcium
451 3172 484 3229 et
497 3165 621 3250 pemati
634 3186 691 3249 per
704 3164 860 3243 biduum,
883 3170 917 3229 at
931 3185 1001 3228 non
1014 3164 1111 3227 ultra

341 3267 423 3351 [25.]
452 3268 514 3332 Die
525 3267 674 3332 vicesimo
684 3268 788 3351 primo
802 3274 876 3351 post
886 3267 1086 3332 invasionem
1095 3266 1247 3330 mittatur
1261 3265 1393 3348 sanguis

291 3368 477 3449 ebrachi03
501 3376 534 3434 et
556 3370 704 3454 sequenti
726 3370 778 3434 die
800 3370 955 3435 catharsis
977 3368 1178 3449 celebranda,
1194 3388 1277 3453 quae
1298 3388 1394 3452 porro

292 3472 424 3536 alternis
439 3472 562 3551 diebus,
578 3473 620 3536 ad
633 3480 699 3537 tres
715 3472 793 3538 alias
807 3473 901 3553 vices,
916 3478 1093 3558 repetatm.

340 3574 423 3659 [26]
452 3574 567 3641 Quoad
589 3575 745 3659 regimen,
763 3596 784 3639 a
803 3576 888 3641 lecto
910 3576 1072 3641 abstineat
1097 3574 1139 3641 ad
1161 3580 1290 3641 sextum
1306 3573 1393 3639 diem
1406 3586 1528 3651 Regimen

290 3684 363 3760 post
384 3677 592 3758 iuvasionem,
607 3679 642 3743 in
658 3700 722 3763 quo
743 3684 855 3765 postea
876 3700 911 3744 se
932 3680 1099 3745 contineat
1120 3700 1224 3764 usque
1245 3679 1287 3742 ad
1307 3678 1392 3743 deci-
1405 3652 1545 3769 ‘mm'

289 3800 382 3844 mum
411 3782 595 3865 septimum,
624 3803 693 3847 non
721 3781 793 3847 aliis
822 3783 975 3868 stragulis
1004 3789 1111 3849 tectus
1148 3804 1246 3867 quam
1275 3781 1393 3866 quibus

291 3902 388 3948 sanus
403 3884 453 3948 uti
470 3884 605 3950 solebat.

339 3986 442 4070 [27.]'
462 3987 483 4050 J
485 3988 604 4053 usculis
619 3989 793 4068 avenaceis,
804 3988 1000 4067 hordeaceis,
1014 3989 1119 4073 pomis
1134 3988 1242 4066 coctis,
1258 3993 1292 4051 et
1306 4006 1392 4050 cere·

289 4086 368 4151 visio
381 4090 483 4168 tenui,
498 4091 623 4155 victitet
631 4116 641 4169 3
665 4097 698 4155 et
717 4098 789 4175 post
806 4090 1016 4155 undecimum
1035 4090 1122 4153 diem
1137 4088 1206 4152 vini
1221 4088 1393 4171 Hispauici

289 4187 466 4259 cochlearia
477 4198 615 4274 quatuor
624 4192 676 4257 vel
687 4193 829 4276 quinque
845 4191 893 4256 bis
907 4192 944 4255 in
956 4192 1009 4256 die
1022 4190 1244 4269 exhibeantur,
1256 4189 1285 4253 si
1295 4210 1391 4274 aeger

288 4290 435 4354 voluerit.

338 4391 441 4477 [28.]·
464 4392 500 4457 Si
526 4415 658 4459 crurum
678 4402 788 4460 tumor
812 4417 880 4459 non
902 4395 1164 4461 evacuationibus
1184 4394 1388 4479 praescriptis
1401 4411 1510 4463 erorum

288 4493 391 4573 cedet,
415 4502 487 4559 tum
510 4496 582 4561 fotu
609 4496 758 4562 loliorum
782 4498 916 4577 malvae,
940 4498 1094 4579 verbasci,
1117 4498 1271 4579 sambuci,
1293 4499 1387 4580 lauri,
1399 4483 1543 4593 fflffll

286 4616 362 4761 pum
376 4598 508 4665 floribus
527 4600 737 4665 chamaemeli
752 4607 786 4665 et
800 4601 946 4681 meliloti,
961 4601 998 4665 in
1011 4602 1096 4667 lacte
1114 4609 1280 4668 coctorum
1294 4602 1388 4667 facile
1399 4608 1502 4670 gmcua

300 4705 429 4782 ugatur.

352 4834 362 4862 r
379 4829 417 4878 cr.
430 4832 485 4880 rara.
498 4833 510 4893 ς
523 4833 563 4879 ss.
945 4842 954 4869 ι
974 4835 1321 4886 cremabantur.
