3825 5759
528 694 569 759 12
829 694 1026 761 THOMAE
1050 691 1308 760 SYDHNHAM

395 878 494 929 Praei.
524 854 659 940 alicujus
681 853 917 939 philosophicae
938 856 976 921 in
995 854 1141 921 ordinem
1161 854 1243 938 cogi,
1258 874 1296 919 ac
1318 872 1446 937 quoquo
1460 850 1557 917 modo
1571 873 1623 919 ac·

373 942 512 1031 Q
524 957 721 1021 commodari
734 958 846 1041 possit.

560 1058 654 1143 ¹[10.]
683 1059 822 1143 Expedit
852 1064 962 1124 autem
992 1060 1100 1139 tertio,
1130 1064 1169 1123 ut
1204 1058 1241 1123 in
1270 1055 1479 1123 describendo
1516 1056 1623 1145 aliquo

523 1159 636 1225 morbo
646 1160 820 1245 peculiaria
827 1167 862 1226 et
875 1168 1032 1246 perpetua
1041 1162 1265 1246 phaenomena
1275 1160 1409 1225 seorsim
1419 1159 1459 1223 ab
1475 1159 1622 1224 acciden-

522 1262 643 1326 talibus
657 1269 690 1328 et
702 1262 886 1328 adventitiis
901 1264 1022 1349 (qualia
1036 1270 1123 1342 sunt,
1133 1284 1216 1347 quae
1230 1283 1298 1327 non
1308 1269 1439 1327 tanhnn
1454 1261 1495 1326 ob
1511 1282 1622 1344 aegro-

522 1364 665 1429 tantium
700 1366 889 1449 temperiem
919 1371 952 1431 et
982 1372 1132 1444 aetatem,
1162 1364 1220 1429 sed
1249 1365 1347 1429 etiam
1383 1363 1425 1428 ob
1462 1362 1623 1427 rationem

523 1466 674 1543 medendi
689 1467 845 1533 diversam
860 1468 946 1532 varie
965 1489 1001 1532 se
1014 1468 1159 1549 habent)
1176 1473 1379 1532 enarrentur.
1423 1466 1512 1529 Nam
1527 1486 1622 1549 saepe

524 1568 640 1635 accidit
658 1575 697 1634 ιιι
715 1570 811 1634 facies
828 1570 934 1635 morbi
952 1570 1054 1637 variet
1072 1590 1131 1654 pro
1148 1569 1236 1633 vario
1257 1567 1440 1633 medicandi
1458 1588 1621 1652 processu,

523 1690 560 1735 ac
581 1672 739 1735 nonnulla
752 1678 969 1756 symptomata
985 1693 1054 1737 non
1071 1678 1142 1736 tam
1165 1670 1287 1751 morbo,
1303 1691 1401 1754 quam
1422 1670 1546 1734 medico
1566 1670 1621 1734 de·

523 1771 661 1851 beatur,
684 1773 764 1837 adeo
779 1780 817 1837 ut
833 1774 945 1837 eodem
959 1772 1073 1837 morbo
1087 1773 1280 1852 laborantes,
1297 1771 1353 1836 sed
1367 1772 1455 1836 varia
1467 1771 1621 1836 methodo

522 1880 687 1953 tractatos,
714 1875 802 1939 varia
830 1875 929 1939 etiam
954 1880 1173 1960 symptomata
1201 1880 1379 1939 exerceant
1425 1873 1533 1953 Unde,
1556 1873 1621 1938 nisi

522 1978 649 2041 cautela
670 1976 870 2055 adhibeatur,
892 1997 1023 2043 necesse
1045 1984 1094 2042 est
1119 1982 1158 2042 ut
1179 1976 1354 2042 admodum
1375 1997 1494 2059 vagum
1515 1982 1549 2040 et
1569 1976 1620 2040 in-

523 2086 648 2145 certum
663 2079 705 2144 sit
716 2079 801 2143 circa
814 2079 1002 2145 morborum
1016 2086 1233 2164 symptomata
1240 2080 1409 2164 judicium.
1448 2079 1621 2144 Praetereo

523 2182 611 2265 quod
629 2202 721 2247 casus
739 2182 855 2266 oppido
869 2182 934 2247 rari
952 2181 994 2246 ad
1007 2181 1195 2247 morborum
1210 2182 1390 2246 Historiam
1412 2180 1538 2265 proprie
1552 2201 1621 2244 non

521 2284 705 2368 pertineant
714 2309 724 2361 3
747 2282 1017 2367 quemadmodum
1036 2284 1123 2348 etin
1143 2284 1357 2367 descriptione
1377 2283 1502 2361 salviae,
1520 2281 1621 2364 (verbi

522 2384 648 2469 gratia)
674 2405 844 2451 erucarum
866 2405 992 2449 morsus
1013 2368 1100 2449 inter
1121 2384 1216 2471 signa
1243 2385 1499 2449 discriminantia
1525 2383 1621 2449 istius

521 2487 652 2570 plantae
667 2486 857 2569 neutiquam
871 2494 1090 2553 recensentur.

571 2588 653 2673 [11.]
681 2589 840 2673 Denique,
877 2590 955 2653 anni
991 2596 1210 2674 tempestates,
1241 2612 1323 2675 quae
1363 2590 1485 2655 scilicet
1520 2590 1621 2655 cuivis

521 2690 708 2755 morborum
723 2692 833 2775 generi
847 2692 1050 2775 potissimum
1063 2692 1202 2772 faveam,
1214 2693 1386 2777 diligenter
1404 2692 1620 2757 observandae

522 2797 609 2857 sunt.
654 2792 734 2857 Non
762 2792 887 2857 inficior
907 2794 1084 2860 nonnullos
1106 2815 1175 2859 esse
1197 2794 1344 2859 omnium
1371 2795 1543 2873 horarum3
1565 2792 1621 2857 alii

521 2899 642 2973 tamen,
672 2914 733 2959 nec
761 2895 938 2979 pauciores,
961 2896 1088 2961 occulto
1117 2896 1257 2980 quodam
1285 2897 1433 2961 Naturae
1461 2895 1621 2960 instinctu

521 3015 682 3059 annorum
696 3003 851 3080 tempora,
863 3018 932 3063 non
947 3020 1039 3063 secus
1048 3020 1147 3083 quam
1157 2998 1315 3081 quaedam
1324 3019 1397 3064 aves
1411 3005 1469 3063 ant
1479 2998 1619 3081 plantae,

520 3106 710 3180 sequuntur.
757 3099 858 3183 Saepe
874 3100 1005 3182 quidem
1020 3101 1120 3166 subiit
1134 3101 1245 3165 mirari
1259 3101 1322 3165 hoc
1339 3100 1528 3166 morborum
1541 3120 1620 3183 quo·

519 3200 661 3263 rundam
680 3200 859 3283 ingenium,
875 3202 953 3265 satis
974 3203 1115 3282 obvium,
1131 3225 1152 3268 a
1169 3203 1279 3287 paucis
1298 3209 1410 3267 tamen
1426 3203 1525 3267 fuisse
1544 3202 1620 3267 hac·

519 3310 617 3367 tenus
646 3303 851 3369 observatum
862 3330 872 3383 ;
910 3327 985 3371 cum
1014 3328 1078 3390 quo
1107 3307 1221 3392 sydere
1250 3307 1366 3391 stirpes
1394 3312 1452 3373 aut
1480 3305 1619 3390 pecudea

521 3405 698 3469 solenniter
722 3414 940 3490 procreentur,
967 3410 1099 3493 plurimi
1124 3409 1281 3475 curiosius
1302 3410 1499 3475 adnotarint.
1553 3408 1619 3472 Sed

520 3526 730 3591 quaecunque
741 3510 783 3575 sit
797 3510 894 3594 hujus
910 3512 1108 3576 oscitationis
1123 3534 1228 3590 causa,
1238 3534 1297 3596 pro
1310 3518 1399 3577 certo
1413 3518 1521 3576 statuo
1535 3517 1618 3573 tem·

519 3614 692 3691 pestatum,
722 3611 758 3675 in
788 3611 905 3695 quibus
940 3614 1158 3697 aegritudines
1187 3616 1339 3699 ingruere
1372 3617 1617 3689 consueverunt,

519 3710 671 3775 notitiam
692 3712 834 3777 multum
857 3714 988 3781 Medico
1010 3717 1171 3800 prodesse,
1193 3724 1263 3781 tam
1285 3716 1327 3781 ad
1351 3715 1489 3800 speciem
1511 3711 1617 3777 morbi

520 3811 781 3894 dignoscendam,
797 3836 894 3899 quam
909 3816 1072 3901 adipsum
1087 3819 1237 3884 morbum
1251 3816 1498 3901 extirpandum
1520 3820 1619 3897 atquc

518 3914 636 3978 horum
651 3920 825 4001 utrumque
836 3918 944 3983 minus
953 3920 1089 3987 feliciter
1103 3922 1239 4001 evenire,
1251 3922 1308 3986 ubi
1318 3918 1500 3985 istiusmodi
1510 3917 1619 3983 obser·

519 4016 605 4103 ratio
619 4018 805 4101 negligitur.

569 4118 652 4205 [la]
681 4120 772 4187 Haec
789 4121 929 4207 quidem,
945 4125 1007 4190 etsi
1029 4148 1096 4191 non
1116 4128 1193 4206 sola,
1209 4127 1323 4192 saltem
1341 4126 1520 4209 insigniora
1541 4130 1618 4189 sunt

520 4245 602 4308 quae
631 4224 667 4288 in
696 4224 864 4291 scribenda
887 4228 1075 4295 morborum
1098 4230 1245 4295 Historia
1266 4228 1427 4295 ebremari
1456 4226 1617 4293 convenit.

520 4327 621 4411 Cujus
645 4328 808 4394 Historiae
832 4329 956 4394 utilitas
986 4330 1029 4395 ad
1052 4332 1177 4415 praxin,
1201 4353 1331 4397 omnam
1359 4330 1617 4396 aestimationem

519 4429 652 4507 excedit,
668 4451 705 4495 ac
719 4452 795 4514 prae
810 4454 874 4515 qua
888 4432 1023 4497 subtiles
1037 4433 1274 4517 disquisitiones
1289 4456 1326 4499 ac
1344 4433 1532 4517 argutiolae,
1547 4432 1618 4515 qui·

520 4528 580 4593 bus
594 4532 828 4597 neotericornm
843 4534 917 4598 libri
932 4534 974 4599 ad
988 4556 1142 4601 nauseam
1157 4537 1224 4602 lere
1238 4537 1462 4614 inferciuntur,
1477 4534 1568 4598 nullo
1581 4534 1618 4598 in

518 4652 655 4695 numero
670 4640 747 4697 sunt
762 4634 939 4702 habendae.
986 4637 1061 4705 Qua
1080 4640 1168 4704 enim
1183 4647 1241 4705 aut
1262 4636 1544 4723 compendiosiore,
1559 4642 1618 4699 ant
1750 4652 1756 4666 ·

519 4733 697 4797 etiamalio
715 4734 774 4815 via,
790 4736 840 4800 vel
859 4758 974 4804 causae
993 4742 1175 4807 morbificae
1193 4741 1312 4826 quibus
1331 4741 1458 4806 obsiam
1473 4738 1617 4804 eundum

519 4844 568 4903 cst
583 4836 788 4923 deprehendi,
805 4840 854 4904 vel
869 4840 1081 4909 indicationes
1096 4846 1256 4911 curativae
1272 4844 1344 4910 elici
1357 4850 1503 4929 possunt,
1520 4862 1618 4925 qnam
