3825 5759
514 648 580 713 396
822 646 1017 711 THOMAE
1040 647 1299 712 sinuum

381 824 421 872 us
434 826 487 873 Ar·
516 816 604 888 neat,
627 808 707 873 dum
728 808 805 872 huie
829 808 984 872 methodo
1003 808 1202 887 insistamus,
1223 809 1252 871 si
1272 809 1417 887 affectus,
1439 810 1497 892 qui
1518 811 1623 875 eolica

364 890 504 1003 'Jss'ggfjs
516 912 632 977 biliosa
645 918 805 989 oensetur,
820 910 940 993 reipsa
955 910 1147 993 Hystericus
1163 919 1295 975 tantum
1310 912 1421 990 merit,
1434 922 1493 975 aut
1504 914 1619 996 Hyp»

365 1012 739 1092 ‘'*chondriacua
762 1012 887 1077 nemini
912 1034 981 1077 non
1004 1013 1129 1095 liquet;
1165 1034 1241 1077 cum
1265 1014 1385 1079 clamet
1409 1016 1619 1099 experientia,

515 1118 611 1202 quod,
627 1126 700 1202 post
716 1116 835 1201 primas
857 1115 1081 1181 emanationes
1103 1117 1309 1195 universales,
1327 1120 1422 1201 (quae
1442 1118 1618 1182 humorum

512 1220 779 1304 putrescentium,
800 1240 880 1303 quos
901 1218 1027 1303 peperit
1047 1218 1164 1299 ἀταξία
1180 1221 1250 1303 jam
1270 1240 1366 1304 saepe
1387 1220 1484 1298 dicta,
1499 1220 1620 1303 quique

513 1320 671 1407 anodynis
690 1321 856 1386 obstaculo
876 1342 945 1385 esse
963 1321 1099 1404 possint,
1117 1320 1269 1385 saburrae
1288 1322 1489 1387 moliendae
1507 1322 1619 1385 dican·

513 1430 591 1509 tur,)
609 1426 692 1490 nihil
706 1427 775 1511 jam
793 1432 904 1504 restat,
919 1425 984 1489 nisi
997 1432 1036 1489 ut
1049 1426 1288 1490 tumultuantes
1301 1428 1433 1513 spiritus
1451 1426 1619 1509 consupis-

515 1552 598 1610 mus,
611 1530 713 1595 donec
726 1528 860 1593 tandem
875 1535 1093 1613 symptomata
1106 1530 1308 1609 evanuerint,
1323 1538 1422 1613 atque
1435 1530 1476 1593 iis
1489 1550 1617 1593 oeman·

514 1634 602 1699 tibus
622 1640 802 1717 opportune
822 1630 1013 1717 chalybeata
1028 1632 1233 1715 imperemus,
1247 1634 1298 1697 vel
1321 1633 1349 1697 si
1363 1633 1451 1717 quod
1464 1632 1553 1696 aliud
1566 1640 1617 1697 est

513 1736 690 1801 remedium
722 1734 806 1819 quod
836 1734 1028 1817 sanguinem
1056 1734 1261 1799 accendendo
1282 1742 1380 1818 atque
1403 1734 1617 1817 inrigorando

513 1838 663 1905 morbum
682 1836 837 1901 radicitus
858 1836 1006 1919 extirpet.
1050 1835 1167 1899 Meum
1188 1857 1257 1901 uon
1277 1844 1327 1901 est
1346 1836 1501 1919 plurimas
1520 1843 1618 1920 atque

514 1942 661 2025 ingentes
677 1941 748 2005 illas
763 1939 963 2003 calamitates
978 1956 1178 2015 enumerare,
1193 1960 1273 2021 quas
1285 1940 1435 2004 foeminis
1444 1939 1619 2022 contigisse

513 2044 582 2127 ipse
602 2042 686 2121 novi,
701 2040 759 2105 ubi
779 2040 879 2105 colica
897 2040 978 2104 haec
998 2039 1172 2123 Hysterioa
1191 2062 1211 2103 a
1226 2040 1293 2105 bile
1309 2050 1417 2106 ortum
1431 2042 1550 2105 ducere
1564 2062 1619 2105 ex·

361 2160 503 2225 Quarepe
513 2146 722 2209 istimaretur.
766 2144 991 2207 Veruntamen
1008 2143 1132 2206 affirmo
1148 2144 1370 2208 emanationes
1387 2165 1482 2227 saepe
1500 2143 1619 2227 repeti·

360 2225 411 2273 ‘¹¹³'
422 2226 473 2273 '¹¹³⁸
515 2256 574 2327 tas,
588 2268 669 2331 quae
681 2244 811 2330 quidem
826 2245 861 2309 iu
876 2244 977 2309 colica
988 2244 1104 2309 biliosa
1113 2246 1247 2311 omnino
1264 2246 1459 2325 indicantur,
1474 2247 1619 2311 dolorem

361 2288 496 2337 evacuatio·

361 2353 434 2429 „aa
447 2354 500 2401 Me·
514 2350 736 2433 vomitumque
754 2368 823 2412 non
842 2348 946 2411 solum
963 2368 1032 2411 non
1050 2368 1262 2431 compesoere,
1283 2349 1341 2413 sed
1357 2350 1485 2413 irritare
1502 2350 1618 2434 magia,

361 2416 502 2529 iiiiiiion
515 2453 687 2538 spirituum
707 2450 828 2515 scilicet
847 2448 1135 2535 perturbationem,
1151 2470 1234 2533 qnae
1247 2472 1323 2515 vera
1340 2452 1457 2516 homm
1474 2462 1619 2537 sympto-

361 2560 483 2665 {ssfftl‘gd
514 2562 639 2621 matum
654 2576 752 2620 causa
766 2562 824 2630 est,
837 2553 1064 2637 promovendo.
1109 2554 1319 2638 Tandemque
1332 2556 1456 2619 malum
1470 2555 1513 2619 ad
1526 2576 1619 2619 men.

360 2672 464 2723 imunt.
515 2682 565 2725 ses
587 2660 709 2743 aliquot
742 2658 978 2741 prolongatum,
1000 2655 1173 2719 metathesi
1197 2656 1370 2740 derepente
1395 2657 1431 2721 in
1451 2656 1617 2721 cerebrm

514 2764 609 2843 facta,
626 2760 744 2827 desinit
764 2760 799 2825 iu
820 2780 973 2845 spasmos,
989 2758 1141 2843 aquibus
1160 2780 1258 2843 aegra
1275 2760 1364 2825 brevi
1379 2782 1398 2827 e
1411 2760 1515 2825 medio
1528 2760 1615 2823 tolli-

362 2876 507 2955 Praesertim
515 2874 591 2947 tur;
613 2866 710 2950 idque
719 2864 768 2928 vel
782 2862 930 2942 maxime,
942 2861 1009 2940 ubi,
1019 2868 1092 2947 post
1106 2861 1184 2927 alias
1193 2862 1419 2928 evacuationes
1433 2862 1554 2926 diutius
1563 2880 1614 2925 re·

362 2952 496 3071 fflffssg,
516 2968 641 3053 petitas,
658 2966 813 3031 suadente
833 2966 937 3029 colore
952 2962 1046 3027 viridi
1060 2984 1171 3027 eorum
1187 2984 1269 3047 quae
1285 2984 1343 3047 per
1357 2986 1393 3029 os
1407 2985 1427 3028 e
1440 2963 1618 3027 ventriculo

515 3076 742 3149 excernuntur,
758 3068 928 3133 emeticum
943 3066 1041 3131 fuerit
1055 3064 1272 3149 pmpinatum.
1316 3067 1426 3131 Verbo
1441 3067 1567 3130 dicam:
1589 3064 1618 3129 si

363 3180 481 3259 During·
515 3173 592 3259 quid
601 3194 662 3257 ego
673 3170 870 3237 observando
882 3168 988 3246 didici,
998 3168 1155 3251 imprimis
1165 3168 1343 3233 cavendum
1354 3176 1412 3248 est,
1422 3191 1465 3233 ne
1476 3176 1618 3253 sympto-

362 3260 502 3357 ffifffg’,
514 3284 603 3341 mats
616 3274 765 3339 foeminis
782 3270 961 3354 Hysterieis
980 3270 1151 3335 familiaria
1165 3271 1205 3335 ab
1221 3270 1291 3335 aliis
1306 3292 1386 3354 quos
1400 3292 1496 3356 saepe
1510 3292 1619 3336 aemu-

364 3374 477 3421 ventum.
514 3379 625 3443 lantur
639 3374 769 3451 morbis,
785 3372 931 3453 diagnosi
946 3379 1075 3435 errante
1089 3380 1246 3455 putentur
1260 3374 1346 3437 oriri.

564 3476 669 3561 [lau]
698 3472 763 3539 liic
783 3494 848 3537 non
865 3478 914 3537 est
931 3473 1143 3553 reticendum,
1159 3476 1255 3559 quod,
1271 3483 1399 3559 praeter
1413 3496 1537 3540 errores
1550 3476 1619 3560 jam

515 3578 689 3645 recensitos
712 3596 731 3640 a
751 3574 866 3659 quibus
885 3574 1045 3639 foeminae
1064 3577 1245 3641 Affectibus
1261 3578 1442 3662 Hysterieis
1461 3579 1619 3644 obnoxiae

516 3682 556 3747 dc
578 3680 644 3745 vita
669 3678 900 3763 periclitantur,
923 3678 1103 3761 permultae
1129 3679 1261 3761 insuper
1286 3702 1393 3745 errore
1417 3702 1487 3746 non
1510 3681 1617 3746 minus

515 3784 644 3849 lunesto
667 3780 760 3845 dictis
783 3780 963 3844 Affectibus
984 3780 1167 3845 multantur
1188 3802 1227 3845 es
1247 3790 1450 3866 tempestate,
1473 3804 1536 3866 qua
1561 3783 1614 3846 hic

515 3884 656 3965 morbus,
671 3885 746 3949 licet
768 3906 826 3949 sua
844 3892 963 3949 natura
980 3906 1049 3948 non
1069 3886 1111 3949 sit
1131 3886 1269 3965 lethalis,
1285 3894 1398 3952 tamen
1412 3888 1443 3951 ri
1457 3887 1614 3951 malomm

514 3984 738 4069 ἐπυγινομένων
758 4006 794 4051 ac
817 3986 1084 4069 subsequentium
1106 3987 1194 4052 haud
1213 4010 1366 4072 paucase
1383 3990 1492 4053 medio
1510 3988 1615 4052 tollat.

514 4088 662 4173 Exempli
692 4088 812 4171 gratia:
850 4087 993 4151 foemina
1017 4088 1171 4153 teneriori
1198 4097 1295 4173 atque
1322 4090 1453 4154 infirmo
1477 4088 1617 4172 corporis

514 4190 629 4257 habitu
645 4191 803 4255 infantem
826 4189 920 4273 parit,
937 4189 990 4253 cui
1012 4190 1122 4253 omnia
1142 4190 1299 4255 foeliciter
1313 4200 1347 4255 et
1354 4193 1542 4255 ‘secundum
1560 4213 1618 4255 na-

365 4294 488 4343 Plurimae
516 4302 624 4359 turam
644 4293 784 4371 cedunt3
808 4290 963 4355 obstetrix
984 4290 1061 4374 (sire
1082 4290 1172 4356 rudis
1194 4300 1227 4356 et
1248 4293 1408 4377 imperita,
1431 4294 1497 4358 sive
1516 4294 1619 4377 jacta-

363 4374 495 4488 ssiiiiiiw
516 4396 636 4474 buada,
656 4402 689 4459 ct
713 4415 809 4478 quam
831 4394 993 4476 praeclare
1013 4414 1072 4457 suo
1091 4394 1148 4460 illa
1165 4416 1299 4459 munere
1318 4396 1432 4460 functa
1451 4396 1493 4459 sit
1512 4396 1619 4479 palam

365 4486 506 4599 {lg‘fffi‘ffl'
517 4496 706 4579 ostentans)
724 4494 836 4560 suadet
851 4501 888 4559 ut
903 4516 1061 4580 puerpera
1079 4498 1189 4581 paucis
1208 4520 1228 4563 a
1245 4505 1342 4581 partu
1361 4498 1476 4564 diebus
1496 4506 1619 4581 surgat,

365 4616 507 4665 lniooxur·
518 4608 551 4663 et
569 4620 602 4663 se
618 4620 637 4661 a
655 4598 739 4661 lecto
758 4596 945 4679 aliquandiu
966 4596 1147 4677 abstineat3
1170 4601 1250 4664 haec
1268 4622 1392 4665 morem
1412 4622 1538 4683 gerens,
1554 4606 1620 4665 sta·

366 4678 507 4793 ffiss'ffidm‘
518 4700 578 4765 tim
594 4722 613 4763 a
627 4698 731 4783 primo
742 4698 882 4783 corporis
893 4709 986 4765 motu
999 4700 1182 4767 Affectione
1195 4704 1368 4787 Hysterica
1381 4702 1564 4787 corripitur,
1575 4710 1620 4782 et,

366 4822 480 4921 :gerru-
519 4824 576 4887 pro
590 4802 714 4867 ratione
726 4824 790 4886 qua
804 4800 934 4870 morbus
948 4804 1138 4888 inaugescit‚
1149 4806 1255 4871 lochis
1264 4806 1406 4891 primum
1420 4806 1621 4871 imminuun-

403 4906 409 4929 .
