3825 5759
533 651 599 715 374
846 646 1042 711 THOMAE
1066 647 1326 714 SYDENHAM

397 843 438 890 D„
451 835 501 884 sr-
534 811 666 895 guinem
682 808 893 894 perturbante
907 808 1051 886 exoritur
1067 817 1250 894 symptoma
1262 810 1355 891 illud,
1368 818 1439 875 tam
1461 812 1684 897 Hystericis

381 900 517 1019 ffigxs
534 935 632 998 quam
647 910 945 997 Hypochondriaois
956 911 1045 975 baud
1058 912 1211 992 insolens,
1225 914 1275 997 (ut
1289 934 1393 997 supra.
1405 914 1441 1000 [d
1458 914 1534 999 73.]
1555 924 1680 980 nota·

377 1030 520 1103 ffiff'
533 1024 659 1107 vimus,)
674 1020 760 1106 quod
773 1042 889 1105 nempe
901 1041 1130 1105 saepenumero
1140 1022 1269 1087 urinam
1282 1022 1421 1087 reddunt
1431 1024 1562 1089 claram
1575 1027 1675 1089 lim·

377 1116 500 1183 limpidae·
533 1127 705 1211 pidamque
719 1124 816 1187 simul
830 1132 863 1189 et
878 1124 1053 1208 copiosam:
1075 1145 1153 1188 oum
1166 1125 1255 1189 enim
1269 1124 1437 1208 sanguinis
1450 1129 1671 1193 oeconomia

534 1229 669 1293 subinde
686 1226 920 1310 interpellem,
940 1226 1027 1311 quod
1045 1226 1241 1310 importatur
1259 1248 1368 1291 serum
1387 1228 1468 1293 satis
1486 1229 1551 1293 din
1568 1232 1666 1294 reti.

532 1354 610 1397 nere
629 1330 742 1415 nequit
761 1351 866 1414 aeger,
889 1330 947 1395 sed
964 1329 1047 1394 illud
1063 1329 1153 1415 prins
1172 1330 1309 1394 dimittit
1330 1352 1429 1414 quam
1447 1331 1525 1395 istis
1544 1334 1663 1416 parfi-

532 1437 612 1501 culis
627 1436 746 1516 salinis,
762 1458 900 1521 quarum
920 1457 980 1522 ope
994 1438 1082 1502 color
1096 1437 1138 1501 ad
1157 1437 1312 1502 oitrinnm
1328 1437 1456 1502 traduci
1471 1438 1656 1519 debuerat,

532 1532 747 1624 impraegnari
766 1540 919 1623 potuerit.
965 1540 1068 1625 Cujus
1086 1540 1134 1604 rei
1156 1540 1382 1625 quotidianum
1402 1539 1570 1605 babemus
1588 1563 1652 1606 ex-

531 1643 748 1727 perimentum
762 1642 798 1706 in
812 1642 867 1721 eis,
883 1642 948 1726 qui,
960 1662 1036 1707 cum
1050 1643 1124 1727 plus
1141 1643 1220 1706 satis
1233 1642 1376 1726 liquoris,
1386 1643 1531 1707 maxime
1545 1652 1650 1709 tenu·
1749 1631 1750 1702 ἕ

531 1745 606 1810 ioris
621 1752 717 1829 atque
732 1745 942 1823 attenuantis,
957 1744 1240 1828 ingrngitaveriut,
1253 1744 1371 1809 lotium
1388 1766 1466 1809 mox
1479 1746 1644 1830 limpidis-
1749 1771 1750 1812 u

532 1850 650 1913 simum
672 1854 859 1913 excerpunt.
906 1847 982 1913 Quo
999 1848 1036 1911 in
1055 1869 1133 1911 casu
1152 1848 1284 1932 sanguis
1303 1847 1344 1912 ab
1364 1868 1404 1913 ea
1421 1848 1487 1912 seri
1509 1852 1642 1932 quanti·
1749 1827 1750 1854 ¹

530 1958 608 2030 tate,
631 1950 684 2015 cui
705 1950 877 2015 retinendo
898 1970 1029 2033 prorsus
1049 1951 1155 2034 impar
1175 1959 1235 2030 est,
1257 1950 1353 2034 plane
1374 1950 1534 2030 devictus,
1557 1954 1642 2017 illud

531 2054 663 2117 omnino
674 2053 844 2137 limpidum
856 2053 986 2132 amittit,
1001 2052 1143 2119 necdum
1159 2074 1180 2117 a
1193 2052 1334 2137 corporis
1348 2052 1451 2117 mucis
1465 2053 1641 2133 infectum,

531 2155 572 2220 ob
587 2176 711 2219 moram
722 2156 812 2239 justo
826 2155 1017 2219 breviorem.

405 2290 425 2338 5,
436 2291 492 2340 oris
580 2258 663 2343 [86.]
690 2257 817 2321 Tertius
833 2258 902 2341 jam
917 2259 1027 2342 egitur
1049 2279 1155 2322 annus
1169 2278 1271 2341 aquo
1284 2256 1414 2322 Nobilis
1432 2257 1569 2341 qnidam
1584 2281 1641 2324 me

531 2360 592 2425 sibi
614 2360 782 2425 Medicum
802 2361 939 2440 volebat,
967 2360 1023 2444 qui
1045 2361 1188 2425 Colicam
1211 2359 1537 2444 Hypocboudriacam
1567 2363 1640 2445 pati

529 2464 610 2528 mihi
631 2464 809 2541 videbatur,
833 2464 873 2528 ad
895 2464 1078 2547 passionem
1099 2463 1226 2527 iliacam
1247 2463 1314 2527 lere
1335 2462 1555 2543 accedentem,
1579 2464 1638 2529 do·

530 2569 659 2653 loreqne
684 2576 718 2633 et
739 2568 863 2632 vomitu
885 2568 1078 2645 enormiori;
1108 2588 1173 2651 quo
1202 2566 1315 2631 morbo
1344 2566 1402 2631 diu
1426 2567 1637 2651 multumque

529 2673 635 2737 fuerat
655 2680 796 2751 vexatus,
817 2679 850 2735 et
871 2678 1003 2735 tantum
1024 2692 1092 2734 uon
1112 2671 1245 2734 bactria
1290 2670 1354 2734 Per
1374 2691 1506 2734 omnem
1527 2672 1634 2736 morbi

530 2776 700 2843 decursum
716 2775 845 2841 sedulus
857 2773 1078 2851 animadverti,
1090 2772 1187 2855 quod,
1198 2772 1256 2836 ubi
1268 2773 1406 2857 pessime
1420 2794 1455 2836 se
1469 2773 1631 2852 babuerit,

528 2881 623 2944 urina
647 2880 780 2963 limpida
805 2886 838 2942 et
860 2898 952 2941 exors
977 2875 1092 2940 coloris
1118 2896 1245 2959 semper
1268 2875 1379 2954 fuerit,
1401 2874 1532 2958 qnando
1555 2896 1631 2939 vero

527 2984 623 3066 paulo
643 2984 769 3061 melius,
784 2980 824 3045 ad
845 2980 1000 3045 citrinum
1013 2986 1160 3062 vergeret
1181 2980 1246 3043 illa.
1293 2978 1393 3042 Hunc
1415 2978 1468 3042 die
1490 2978 1630 3062 quodam

527 3086 647 3164 adiens,
670 3086 798 3149 urinam
820 3084 970 3167 conspexi
991 3082 1089 3166 quam
1111 3082 1216 3146 tribus
1236 3081 1359 3145 vicibus
1380 3089 1573 3161 excreverat,
1594 3082 1630 3145 in

527 3190 657 3253 matulis
672 3187 807 3253 totidem
827 3194 1033 3263 reservatam,
1048 3185 1165 3249 citrino
1179 3184 1285 3248 colore
1304 3183 1502 3267 praeditam:
1524 3185 1630 3249 laetus

526 3293 593 3375 ipse
618 3290 789 3371 hilarisque
815 3287 924 3350 cibum
950 3308 989 3349 ex
1015 3285 1183 3355 α’πτέποις
1207 3286 1346 3369 aliquem
1371 3288 1441 3372 jam
1466 3308 1630 3351 assumere

525 3393 752 3469 meditabatur,
767 3389 923 3454 invitante
944 3390 1043 3473 (quod
1057 3391 1137 3454 mibi
1155 3390 1304 3473 dicebat)
1322 3390 1469 3474 appetitu
1477 3416 1487 3469 3
1510 3392 1546 3455 in
1565 3412 1630 3475 quo

526 3495 679 3580 temporis
704 3492 839 3557 articulo
862 3493 1088 3575 superveniens
1108 3491 1239 3575 quidam
1258 3513 1399 3576 eousque
1417 3492 1516 3556 bilem
1540 3515 1629 3557 com·

526 3596 684 3674 movebat,
703 3603 742 3659 ut
762 3594 923 3677 extemplo
944 3602 1114 3677 aegrotans
1136 3595 1294 3659 matulam
1313 3596 1510 3679 deposceret,
1530 3618 1628 3681 quam

525 3700 621 3764 urina
648 3696 879 3782 limpidissima,
906 3698 1093 3781 crystallum
1122 3696 1228 3761 colore
1257 3698 1449 3777 aemulante,
1471 3699 1539 3763 sere
1568 3700 1628 3762 im-

525 3802 633 3887 plevit.
1685 3865 1693 3890 Ι

575 3905 657 3989 [87.]
678 3904 774 3967 Forte
789 3901 888 3965 etiam
903 3922 922 3965 a
937 3900 1102 3985 spiritibus
1116 3904 1308 3988 sanguinem
1322 3905 1370 3969 ita
1379 3906 1628 3973 molestantibus

368 4014 484 4111 ciffi·
525 4008 644 4094 pendet
666 4005 856 4093 ptyalismus
877 4004 932 4071 ille
956 4005 1135 4090 Hystericis
1156 4008 1331 4088 familiolis,
1346 4031 1422 4073 cum
1443 4011 1487 4075 ad
1506 4013 1627 4077 mrdtaa

469 4099 475 4111 ⁸
525 4114 720 4198 septimanas
742 4110 872 4174 salivam
887 4118 1030 4193 expuant
1043 4118 1186 4190 tenuem,
1201 4112 1335 4196 perinde
1349 4136 1387 4178 ac
1408 4115 1436 4178 si
1457 4125 1626 4199 unguento

525 4240 564 4284 ex
589 4216 754 4283 Mercurio
776 4212 897 4277 suerint
923 4212 1103 4279 delibutae:
1131 4212 1270 4279 durante
1295 4216 1383 4280 enim
1408 4218 1471 4282 hoc
1494 4218 1625 4283 turbido

524 4321 691 4407 sanguinis
709 4326 806 4397 statu,
822 4316 858 4380 in
875 4338 939 4401 quo
960 4317 1195 4382 excretionibus
1215 4318 1258 4381 ad
1272 4319 1419 4383 Naturae
1434 4322 1625 4386 methodum

524 4426 689 4511 exigendis
711 4424 814 4506 impar
836 4421 863 4485 is
886 4428 944 4499 est,
961 4443 1078 4499 serum,
1100 4426 1226 4485 motum
1247 4421 1336 4486 hunc
1357 4423 1521 4488 inversum
1541 4424 1624 4489 forte

524 4530 586 4595 sibi
601 4528 784 4604 vendicans,
800 4546 867 4589 non
883 4524 1001 4607 jamin
1021 4545 1114 4588 renes
1135 4545 1193 4607 pro
1212 4524 1284 4608 lege
1305 4526 1454 4591 Naturae
1472 4547 1624 4592 exonera·

524 4642 588 4708 tur,
605 4632 660 4695 sed
679 4650 737 4713 per
751 4627 941 4691 arteriarum
961 4627 1180 4690 extremitates
1200 4627 1235 4690 in
1256 4628 1425 4709 glandulas
1440 4630 1622 4713 deponitur,

525 4742 557 4798 et
573 4754 629 4816 per
644 4732 760 4794 ductus
776 4728 918 4792 salivales
934 4729 1049 4791 salivae
1065 4730 1167 4792 forma
1181 4731 1298 4813 prodit.
1332 4732 1424 4795 Idem
1439 4732 1502 4795 dici
1517 4739 1622 4814 potest

524 4837 563 4899 de
579 4833 744 4897 nocturnis
759 4831 829 4895 istis
845 4830 1024 4905 sudoribus,
1037 4831 1153 4912 quibus
1169 4833 1326 4903 foeminae
1342 4832 1531 4916 Hystericae
1542 4856 1621 4898 non·
