3825 5759
518 695 818 764 DISSERTA'PIO
840 699 1149 771 EPISTOLARIS.
1317 708 1386 772 855·

272 857 401 940 plantis
431 857 629 942 applicitum.
686 858 782 926 Quod
812 861 923 929 allium
960 885 1070 931 revera
1097 866 1249 947 attrahet,
1276 867 1379 934 mani·
1395 879 1533 930 navin-

273 959 401 1025 festum
417 970 466 1024 est
481 983 501 1025 a
514 961 661 1028 vesiculis
676 983 754 1046 quas
773 983 866 1047 saepe
888 965 1016 1045 excitet,
1032 975 1065 1034 et
1085 990 1105 1032 a
1119 969 1228 1036 dolore
1240 971 1296 1038 illo
1311 993 1379 1036 nou
1392 947 1536 1059 οξξζξξξ·

273 1062 414 1126 ferendo
430 1083 526 1146 quem
540 1084 775 1148 nonnunquam
792 1065 878 1147 (licet
892 1070 987 1149 raro,)
1004 1070 1108 1148 affert,
1124 1072 1222 1138 etiam
1243 1095 1311 1138 non
1325 1095 1378 1138 ex·
1391 1076 1538 1141 ιῖῑῖιιιῖῖ

276 1165 390 1230 citatis
413 1165 570 1243 vesiculis,
593 1165 744 1230 humores
768 1167 888 1234 scilicet
913 1170 949 1232 in
972 1179 1079 1254 partes
1100 1174 1171 1238 illas
1192 1159 1505 1270 invitandostffiq‘l'gz

275 1266 371 1330 unde
393 1267 483 1332 dolor
503 1275 572 1332 tam
594 1269 765 1334 vehemens
788 1272 980 1355 quandoque
1001 1283 1132 1341 exortus
1153 1286 1212 1358 est,
1234 1287 1273 1344 ut
1293 1288 1379 1345 cata·
1392 1238 1520 1335 ‹londw-

276 1368 439 1451 plasmate
462 1391 480 1434 e
501 1371 585 1438 mica
606 1371 697 1454 panis
720 1372 911 1456 similaginei
930 1375 967 1438 in
983 1375 1067 1440 lacta
1081 1381 1164 1444 cocti
1178 1382 1316 1447 eundem
1332 1404 1380 1447 se-
1392 1359 1527 1478 ffiffi

278 1470 360 1537 dare
371 1492 500 1536 neccsse
510 1472 689 1538 habuerim.
720 1475 763 1538 In
774 1474 893 1540 adultis
908 1475 1016 1560 itaque
1031 1480 1087 1562 qui
1098 1482 1236 1547 Variolis
1250 1485 1380 1548 Conflu-
1393 1481 1455 1556 ’ΞΜ
1464 1481 1517 1529 fue-

277 1572 413 1638 entuus
432 1574 717 1654 buamundum
731 1576 870 1644 nusum
893 1585 926 1644 et
945 1579 1047 1647 iuteo
1066 1582 1248 1649 involutum
1262 1586 1382 1668 puna„
1393 1551 1432 1593 ¹¹⁸·

277 1675 403 1758 pedum
420 1677 588 1742 admovere
608 1678 694 1742 soleo
717 1699 737 1744 a
760 1677 812 1744 die
834 1687 957 1760 octavo,
976 1682 1012 1748 in
1034 1705 1099 1767 qno
1119 1686 1262 1768 primum
1283 1687 1382 1753 facies

276 1778 479 1858 intumescit,
498 1779 600 1844 donec
616 1781 684 1865 jam
705 1781 836 1848 morbus
856 1784 998 1866 periculo
1017 1787 1107 1851 omni
1124 1795 1226 1868 vacet,
1247 1790 1382 1873 singulis

277 1881 395 1946 diebus
410 1883 639 1948 renovandum.

330 1985 413 2070 [db]
441 1987 557 2070 Neque
568 1987 699 2052 interim
708 1987 796 2052 istud
807 1989 1167 2073 mihipraetcreundnm
1177 2002 1237 2072 est,
1249 2015 1382 2078 aegrum
1395 2005 1484 2053 Diaeta
1494 2020 1537 2068 per

279 2090 403 2154 scilicet
423 2112 442 2154 a
461 2091 611 2155 carnibus
631 2091 770 2156 durante
790 2092 902 2158 morbo
918 2093 1093 2158 arcendum
1107 2096 1241 2160 omnino
1255 2117 1334 2176 esse,
1349 2105 1382 2164 et
1394 2077 1473 2182 iffi
1484 2135 1526 2183 ae-

279 2193 465 2258 oerevisiam
486 2194 665 2278 lupulatam
687 2216 822 2278 eamque
842 2196 1066 2262 tenuissimam
1085 2205 1215 2262 tantum
1230 2221 1288 2284 pro
1302 2207 1383 2284 potu
1395 2215 1503 2248 aunum.

280 2296 530 2361 concedendam.
576 2299 597 2362 J
598 2297 717 2362 usculi
732 2297 907 2376 evenaceis,
921 2298 1026 2382 pomis
1039 2299 1149 2378 coctis,
1165 2305 1198 2364 et
1212 2300 1282 2383 jam
1297 2301 1383 2366 diota

280 2400 441 2480 cerevisia,
453 2399 711 2464 commodissime
725 2400 852 2464 interea
864 2400 965 2464 vitam
978 2401 1139 2466 tolerabit.
1184 2403 1230 2466 At
1245 2423 1319 2468 vero
1334 2403 1382 2466 in·
1396 2422 1468 2480 vino,
1480 2423 1518 2471 in-

280 2509 389 2566 stante
411 2503 480 2586 jam
503 2503 730 2581 maturatione,
754 2502 812 2566 ubi
834 2503 1010 2586 particillas
1035 2504 1227 2587 purulentae
1250 2505 1287 2570 in
1309 2529 1382 2570 san-
1395 2493 1537 2598 ffiffl'

281 2605 388 2686 guinis
403 2625 542 2668 massam
556 2605 795 2687 regurgitantes
815 2605 949 2670 eandem
964 2606 1041 2670 tabo
1060 2628 1119 2670 suo
1132 2607 1382 2689 inquinaverint,
1395 2615 1526 2676 indulcen-

280 2707 361 2770 ntile
383 2707 445 2770 erit
468 2706 646 2772 cochlearia
660 2707 726 2769 vini
749 2707 871 2789 aliquot
891 2707 1027 2788 singulis
1048 2709 1171 2772 auroris
1186 2717 1219 2773 et
1233 2711 1383 2774 noctibus
1396 2682 1463 2728 Μ’
1583 2715 1587 2722 ’

280 2829 377 2890 aegro
406 2808 585 2890 indulgere.
632 2808 783 2890 Stragula
808 2808 896 2892 quod
921 2808 1040 2872 attinet
1066 2817 1099 2872 et
1122 2809 1241 2874 lodices
1267 2811 1383 2892 quibua

281 2931 377 2992 aeger
394 2909 429 2972 in
446 2910 530 2973 lecto
552 2915 601 2972 est
618 2908 848 2990 contegendus,
869 2929 977 2994 neque
996 2910 1090 2992 plura
1111 2911 1178 2974 sint
1199 2911 1255 2974 illa
1277 2933 1383 2998 neque

281 3011 432 3094 pauciora
453 3031 552 3097 quam
572 3008 687 3094 quibus
709 3031 806 3074 sanus
828 3009 989 3075 utebatur.
1035 3010 1125 3076 Quin
1143 3019 1176 3076 et
1195 3013 1333 3078 liberum
1352 3017 1383 3078 ei
1397 3031 1501 3107 squam

283 3112 334 3194 sit,
357 3114 483 3200 quoties
502 3113 648 3192 voluerit,
664 3134 698 3176 se
720 3113 761 3177 ab
783 3113 845 3177 bac
866 3113 902 3176 in
923 3113 1014 3176 illam
1036 3113 1112 3178 lecti
1133 3122 1260 3198 partem
1277 3125 1382 3182 trans·
1395 3103 1522 3147 ‘'mm“

282 3221 373 3298 ferre,
390 3241 453 3302 quo
472 3217 652 3303 praepediri
671 3218 795 3302 possint
813 3217 945 3282 sudores
966 3219 1021 3282 isti
1039 3221 1287 3304 symptomatici,
1303 3245 1383 3306 quos

283 3341 377 3404 aegro
391 3341 516 3400 nocere,
533 3321 610 3385 satis
629 3321 775 3404 (opinor,)
794 3321 882 3384 evici.
927 3321 1052 3385 Eodem
1071 3329 1165 3406 pacto
1180 3323 1278 3388 etiam
1292 3347 1382 3408 prae.

284 3425 446 3490 cavebitur
465 3425 626 3488 efferatior
645 3424 910 3490 exanthematum
931 3424 1105 3508 phlogosis,
1125 3427 1231 3492 excita
1247 3449 1268 3492 a
1280 3428 1383 3494 nimio

282 3529 384 3592 calore
403 3547 498 3611 quem
517 3547 629 3591 carnes
652 3527 848 3591 contrahunt
869 3527 993 3610 quoties
1013 3548 1110 3610 aeger
1129 3550 1255 3613 semper
1268 3532 1381 3596 eodem

282 3632 315 3694 in
329 3631 408 3708 loeo,
425 3649 485 3693 ceu
498 3630 571 3712 palo
587 3629 717 3708 defixus,
730 3630 828 3713 jacet.
873 3630 924 3692 De
938 3628 1000 3693 hoc
1015 3637 1124 3694 autem
1139 3632 1217 3695 alias
1237 3633 1379 3716 [obses.

284 3733 367 3795 Med.
383 3731 428 3795 iii.
445 3735 476 3795 2.
492 3733 546 3810 46,
562 3732 631 3815 50.]
650 3731 805 3815 prolixius
820 3730 967 3796 dissensi.

326 3835 409 3922 [aa]
438 3835 557 3900 Casum
580 3835 813 3920 nuperrimum,
841 3855 901 3898 ceu
926 3834 1089 3918 specimen
1111 3835 1257 3919 integrae
1282 3837 1380 3922 hujus
1393 3851 1472 3928 casus

283 3961 423 4024 praxeos,
440 3939 638 4003 subnectam.
677 3939 750 4002 Hac
764 3939 834 4022 ipsa
847 3937 962 4022 hyeme
976 3957 1030 4001 me
1044 3936 1225 4002 accersebat
1238 3937 1381 4004 foemina
1391 3930 1472 3965 “¹¹⁰⁵

283 4041 406 4118 nobilis,
429 4040 571 4104 Domine
592 4039 723 4117 Dacres,
743 4047 781 4102 ut
807 4040 970 4122 quendam
991 4061 1087 4103 suum
1108 4048 1270 4122 nepotem,
1293 4041 1379 4103 Ι)ΙΙιΙῘιι

284 4143 437 4206 'ibomam
456 4141 573 4220 Obeut,
591 4147 846 4224 temperamento
868 4162 1024 4224 perquam
1046 4143 1224 4224 sanguineo
1241 4149 1275 4204 et
1292 4151 1378 4205 aeta-

283 4251 314 4308 te
334 4245 502 4308 florentem
524 4243 674 4307 Medicus
696 4261 852 4306 umorem
897 4241 1007 4305 Pridie
1028 4249 1176 4324 coeperat
1196 4241 1379 4305 febricitare

283 4346 502 4424 vehementem
535 4344 704 4409 colluviem
723 4343 870 4406 biliosam
888 4342 923 4405 in
941 4363 1062 4424 magna
1086 4343 1178 4424 copia
1199 4363 1258 4424 per
1277 4344 1377 4405 vomi-

284 4457 349 4513 tum
364 4448 547 4532 rejiciebam
571 4447 701 4510 dorsum
716 4444 892 4527 plurimum
912 4443 1051 4506 dolebat.
1097 4444 1159 4506 His
1180 4443 1274 4506 malis
1296 4445 1376 4507 sola-

284 4552 363 4616 tium
384 4571 540 4634 quaerens
561 4556 594 4613 et
616 4549 771 4623 levamen,
794 4545 915 4608 lectum
934 4543 1075 4628 petebat,
1092 4553 1125 4610 et
1139 4552 1212 4608 tum
1226 4547 1378 4628 stragulis

286 4654 451 4717 acervatim
473 4652 611 4736 injectis,
627 4657 699 4714 tum
717 4647 828 4712 calidis
848 4647 1021 4729 assumptis
1043 4647 1229 4731 liquoribus,
1245 4648 1377 4714 sudores

285 4776 336 4838 per
358 4755 444 4818 diem
463 4755 628 4836 integrum
651 4752 739 4816 omni
766 4771 825 4834 ope
848 4747 1051 4829 sollicitabat,
1072 4750 1128 4813 sed
1149 4749 1279 4830 fivutra,
1302 4772 1377 4815 cum

285 4863 372 4918 tanta
394 4855 434 4918 ad
456 4855 651 4919 vomendum
666 4853 856 4936 proclivitas,
878 4859 911 4916 et
927 4851 988 4914 alvi
1002 4851 1117 4931 fluxius,
1132 4853 1208 4916 licet
1222 4853 1375 4930 modicus,
