3825 5759
437 690 833 777 OBSERVA'HONUM
857 690 1236 759 numerabunt.
1344 693 1386 760 79

282 862 386 922 tatem
401 853 548 921 obtinere
564 855 683 919 debent
669 855 841 939 tliquores
857 856 1035 935 memorati,
1051 863 1090 920 ut
1109 856 1241 939 spiritus
1254 876 1386 939 prorsus
1417 869 1521 919 uenies

282 959 425 1024 obruant
440 958 695 1041 opprimantque,
712 956 791 1020 adeo
805 962 844 1020 ut
858 978 925 1020 non
939 956 1073 1022 omnino
1084 965 1283 1023 moveantur.
1397 933 1538 1047 ΑῙΞξξξζζ,

333 1057 417 1145 [27]
447 1060 509 1123 His
520 1058 616 1143 jactis
627 1051 848 1122 fundamentis
849 1060 966 1142 ,(quae
981 1058 1110 1142 quidem
1126 1060 1234 1125 nescio
1246 1083 1288 1125 an
1303 1062 1383 1139 aliis,
1418 1064 1470 1110 61-
1474 1064 1521 1111 Ηθι

282 1162 365 1227 mihi
374 1168 461 1227 certe
471 1162 597 1226 ratione
608 1182 675 1225 non
685 1161 922 1225 contemnendo
931 1161 992 1225 niti
1004 1162 1156 1226 videntur
1155 1164 1177 1245 ,l
1189 1162 1308 1227 mirum
1317 1184 1385 1227 non
1397 1144 1432 1256 f
1421 1147 1533 1259 ff,
1499 1147 1538 1195 ¹

282 1267 347 1331 erit
362 1288 389 1329 ει
379 1266 466 1329 illis
480 1286 548 1329 non
560 1264 656 1328 aliam
670 1262 822 1327 medendi
836 1263 1027 1328 methodum
1041 1273 1270 1347 superstruam,
1287 1288 1384 1350 quam
1396 1280 1433 1323 tes
1444 1291 1520 1337 aeque

283 1388 367 1452 quac
381 1368 417 1431 in
440 1366 596 1431 Febribns
612 1365 784 1429 Continuis
804 1364 845 1428 ad
867 1364 1120 1449 despumationis
1138 1368 1284 1432 debitum
1303 1390 1384 1452 opu,
1396 1340 1522 1452 ηξηὲοῇιι

282 1471 346 1534 rite
360 1464 592 1553 perficiendum
610 1466 793 1533 adhibenda
811 1466 991 1545 videatur,
984 1489 1090 1532 ·cum
1106 1470 1261 1534 nimirum
1276 1470 1385 1536 illaec
1396 1483 1443 1515 ⁸¹¹¹
1395 1475 1509 1580 ”ffl-

284 1573 458 1638 Continuis
480 1571 571 1635 nullo
593 1570 778 1635 discrimine
800 1570 1024 1653 sejungantur,
1042 1571 1070 1634 si
1092 1572 1238 1657 ordinem
1260 1547 1458 1657 spectesrhae

282 1696 348 1759 qno
367 1676 497 1739 Natura
511 1674 686 1739 earundem
707 1672 877 1737 materiam
899 1674 1057 1757 expellere
1076 1674 1167 1753 solet,
1183 1675 1304 1739 sedicet
1326 1598 1501 1773 ριιΞΡΞΡαὰ
1426 1677 1455 1724 P
1448 1677 1536 1789 mp

282 1778 556 1843 effervescentiam
580 1782 668 1841 certa
688 1775 820 1860 periodo
846 1776 1128 1859 comprehensam:
1151 1778 1213 1841 etsi
1235 1778 1321 1861 quod
1342 1741 1455 1851 adperm
1439 1790 1522 1838 ficien-

283 1900 395 1945 earum
411 1880 558 1964 speciem,
574 1884 671 1963 atque
685 1886 822 1942 naturae
836 1876 1066 1962 proprietatem
1080 1880 1210 1959 attinet,
1224 1881 1296 1943 illas
1316 1887 1350 1944 et
1364 1852 1411 1945 ud
1395 1868 1455 1983 ἐξ
1443 1926 1488 1968 ,u

282 1982 465 2061 Continuis,
489 1988 522 2045 et
542 2002 562 2045 a
582 2002 617 2045 se
638 1980 776 2045 invicem
798 1981 975 2063 plurimum
997 1981 1126 2045 differre
1146 2004 1215 2045 non
1234 1981 1382 2047 diffitear.

282 2083 401 2167 Itaque
413 2084 465 2147 vel
485 2083 676 2147 methodum
692 2104 756 2167 qua
778 2103 812 2146 se
829 2083 960 2147 Natura
978 2083 1115 2148 liberare
1130 2084 1171 2148 ab
1191 2085 1253 2149 hoc
1270 2084 1384 2151 morbo

282 2189 374 2267 solet,
389 2195 483 2253 caute
499 2188 684 2272 soliciteque
702 2188 910 2266 observando,
925 2188 1082 2253 indicium
1099 2212 1226 2256 sumere
1246 2198 1383 2276 oportet,

283 2311 347 2374 quo
361 2290 643 2355 fermentationem
659 2289 807 2353 obortam
824 2290 1047 2369 acceleremus,
1063 2297 1161 2375 atque
1179 2293 1228 2357 ita
1242 2293 1283 2357 ad
1298 2294 1383 2357 sani·

281 2396 385 2455 tatem
408 2412 519 2475 aegros
541 2391 772 2475 perducamus;
795 2391 847 2455 vel
867 2391 903 2455 in
924 2392 1029 2476 ipsam
1049 2414 1180 2459 causam
1203 2394 1383 2479 specificam

281 2493 492 2577 penetrando,
523 2492 629 2557 danda
658 2492 719 2557 erit
754 2513 852 2577 opera
887 2498 925 2557 ut
954 2496 1104 2560 remediis
1133 2498 1314 2562 efficacibus
1342 2519 1381 2563 ac

283 2596 437 2679 specificis
458 2594 570 2659 morbo
590 2594 716 2659 obviam
737 2602 838 2659 estun
889 2596 971 2680 [28.]
998 2598 1052 2661 Ab
1073 2598 1191 2663 horum
1210 2601 1383 2665 alterutro·

283 2697 494 2763 indicationes
510 2697 684 2762 sumendae
708 2704 796 2762 sunt.
840 2700 911 2781 Ego
931 2706 1103 2782 utramque
1117 2702 1202 2765 viam
1216 2702 1380 2785 ingressus

283 2798 455 2883 aliquando
474 2799 532 2879 fui,
548 2808 645 2883 atque
664 2800 774 2864 illaesa
791 2800 852 2883 (uti
871 2801 1005 2884 opinor)
1028 2803 1221 2867 verecundia
1237 2805 1381 2886 profiteri

283 2923 414 2986 possum
428 2924 496 2966 non
518 2902 587 2965 sine
606 2924 732 2967 summa
754 2909 943 2985 minuatque
965 2903 1146 2967 attentione
1167 2905 1268 2968 animi
1289 2905 1379 2969 inde-

282 3004 365 3069 fessa
373 3030 383 3083 ;
408 3005 463 3069 sed
478 3004 624 3069 nondum
639 3026 711 3069 eam
726 3004 914 3069 felicitatem
929 3004 1064 3088 adeptus
1079 3028 1152 3070 sum
1165 3013 1205 3070 ut
1218 3008 1380 3070 Autumni

282 3108 401 3172 Febres
416 3108 675 3173 Intermittentes
691 3115 779 3173 certa
793 3108 900 3192 aliqua
913 3108 1004 3193 praxi
1019 3114 1116 3192 atque
1133 3109 1316 3174 medicandi
1328 3132 1381 3174 ra·

281 3210 371 3274 tione
384 3210 498 3275 tollere
512 3210 641 3295 possim,
657 3218 832 3295 autequam
847 3206 947 3275 statas
961 3211 1033 3275 illas
1047 3211 1310 3276 fermentationes
1327 3213 1381 3297 (de

281 3312 399 3397 quibus
419 3334 516 3398 supra
535 3314 569 3400 [ξ
585 3316 627 3379 23
643 3314 704 3398 sq.]
727 3313 828 3377 locuti
847 3315 981 3398 sumus)
1003 3316 1196 3398 peregerint,
1215 3323 1381 3401 utcunque

280 3416 453 3481 molestum
464 3417 526 3480 boc
540 3416 798 3480 febricitantibus
812 3416 969 3494 videatur,
985 3417 1040 3499 qui
1055 3412 1194 3501 eousque
1209 3418 1381 3483 sanitatem

282 3540 372 3584 suam
391 3526 558 3603 expectare
576 3518 670 3582 inviti
690 3525 860 3601 coguntur.
907 3520 1031 3582 Revera
1047 3527 1156 3584 autem
1178 3520 1277 3603 siquis
1294 3522 1382 3586 inter

283 3622 433 3687 mortales
462 3622 650 3705 reperiatur,
681 3621 746 3705 qui,
777 3621 842 3685 sive
871 3621 1023 3685 methodo
1053 3623 1160 3706 aliqua
1188 3630 1285 3703 certa,
1317 3625 1382 3688 sive

282 3723 423 3787 remedio
442 3723 588 3807 specifico
609 3724 764 3802 adhibito,
781 3722 931 3787 Febrium
954 3722 1069 3787 harum
1088 3725 1381 3790 Intermittentium

283 3846 411 3889 cursum
437 3846 505 3889 uon
527 3825 629 3889 solum
651 3825 808 3903 inhibere,
832 3825 888 3888 sed
914 3824 1012 3889 etiam
1038 3827 1170 3892 omnino
1194 3810 1382 3912 abrumpere

283 3930 371 3993 novit
380 3954 390 4007 3
414 3928 557 3992 existimo
572 3950 643 3993 eum
660 3928 746 3992 omni
762 3928 836 4011 jure
854 3928 968 4007 teneri,
983 3935 1021 3994 ut
1035 3929 1175 3994 humano
1191 3931 1301 4014 generi
1314 3952 1382 3995 rem

283 4028 367 4094 illam
384 4051 580 4114 summopere
595 4029 805 4113 expetendam
820 4030 1010 4113 patefaciat:
1034 4031 1120 4115 quod
1135 4033 1162 4095 si
1176 4053 1244 4095 non
1257 4032 1380 4109 fecerit,

284 4150 342 4215 ego
352 4133 444 4197 illum
457 4153 518 4197 nec
530 4132 609 4197 boni
623 4132 708 4212 civis,
719 4152 779 4196 nec
794 4132 963 4216 prudentis
974 4135 1033 4197 viri
1048 4154 1166 4197 nornen
1180 4133 1294 4197 mereri
1307 4154 1381 4215 pro-

282 4235 437 4299 nunciare
453 4235 572 4312 ausim;
590 4254 695 4318 neque
710 4234 794 4297 enim
810 4234 887 4297 civis
901 4233 980 4297 boni
995 4241 1054 4313 est,
1063 4233 1144 4296 illud
1158 4235 1194 4296 in
1208 4253 1274 4315 rem
1291 4252 1381 4296 suam

283 4344 415 4417 vertere,
440 4336 525 4421 quod
554 4337 616 4402 toti
642 4336 753 4420 generi
783 4336 925 4399 humano
950 4340 1016 4399 tam
1045 4336 1161 4416 ingens
1190 4332 1381 4403 beneficium

283 4446 448 4523 apportet3
470 4460 531 4503 nec
559 4440 619 4503 viri
648 4438 826 4523 prudentis,
858 4437 977 4501 Divina
1006 4435 1237 4500 Benedictione
1266 4442 1380 4499 semet-

282 4541 385 4624 ipsum
404 4541 538 4624 privare,
555 4562 648 4623 quam
669 4564 688 4605 a
710 4542 839 4605 Summa
858 4540 1011 4604 Bonitate
1028 4538 1140 4603 liceret
1159 4546 1336 4623 expectare,
1352 4540 1380 4603 si

282 4642 324 4707 ad
344 4642 508 4727 publicum
529 4643 649 4707 bonum
671 4642 918 4729 promovendum
944 4662 977 4706 se
1000 4640 1190 4724 accingeret.
1237 4643 1379 4710 Honoris

1430 1854 1536 1902 madhi-

279 4776 281 4781 Ι
316 4818 328 4849 ¹
344 4813 429 4859 recres
441 4810 494 4937 ἧι]
506 4826 552 4859 om.
566 4813 603 4859 ed.
615 4812 662 4863 ¹76.
885 4819 895 4845 Ρ
911 4811 1037 4875 alterutro]
1050 4814 1123 4860 allero
1134 4812 1186 4860 edd.
1198 4812 1247 4867 ³66,
1260 4812 1307 4859 ¹68.

315 4881 325 4905 ¹
341 4878 445 4923 videmur
470 4879 560 4923 videtur
571 4876 623 4925 cdd.
636 4876 684 4933 ¹66,
698 4874 745 4921 ¹6⁸.
