3825 5759
509 656 552 719 70
816 650 1012 717 ἸἮΟΜΑΕ
1036 650 1294 717 SYDENHAM

375 824 479 874 aaaron
508 820 605 898 atque
619 834 673 879 me
686 814 829 879 fortassis
849 814 910 879 hoc
927 814 1062 879 nomine
1076 812 1274 897 culpandum
1293 810 1457 896 putabunt
1471 809 1558 894 qnod
1571 809 1611 874 in

355 890 493 1002 ³:22}ss
508 917 587 982 haec
600 917 778 1001 penetralia
792 937 860 980 non
873 916 1052 999 irrumpere
1066 923 1201 980 conatus
1216 916 1287 993 aim,
1299 934 1416 978 moneo
1429 914 1503 979 illos
1519 919 1558 976 ut
1572 913 1610 977 in

360 1019 494 1097 Q
506 1019 576 1083 aliia
595 1020 742 1083 Naturae
764 1019 921 1101 operibus,
938 1039 1019 1101 quae
1036 1016 1156 1100 ubique
1175 1016 1269 1082 nobis
1289 1017 1509 1094 obversantur,
1523 1016 1608 1079 vires

507 1142 581 1185 suas
595 1120 731 1204 experiri
745 1121 855 1199 velint,
868 1126 1043 1204 antequam
1053 1120 1124 1183 aliis
1139 1119 1244 1183 dicam
1255 1118 1408 1184 scribant.
1449 1104 1609 1181 Libenter

506 1223 594 1287 enim
616 1222 815 1306 quaesierim,
831 1243 889 1287 cur
903 1243 1006 1305 equus
1020 1222 1062 1287 ad
1076 1219 1182 1302 ἀκμήν
1195 1242 1288 1285 suam
1304 1221 1469 1305 pertingat
1483 1225 1609 1303 septem

507 1346 666 1388 annorum
688 1325 800 1408 spatio,
822 1324 920 1389 homo
941 1324 1039 1387 unius
1061 1331 1096 1388 et
1115 1324 1257 1407 viginti?
1286 1343 1345 1387 cm·
1365 1322 1402 1387 in
1422 1322 1609 1405 plantarum

505 1448 616 1510 regno,
631 1427 710 1491 haec
727 1448 838 1492 mense
857 1428 959 1507 Maio,
977 1427 1033 1490 illa
1056 1426 1166 1505 Junio,
1185 1427 1249 1490 ista
1266 1425 1329 1489 alio
1350 1426 1463 1489 florere
1480 1424 1607 1488 soleat?

504 1538 543 1593 ut
556 1529 728 1594 innumera
747 1530 810 1593 alia
822 1550 911 1593 nunc
926 1530 1049 1593 sileam.
1094 1528 1234 1595 Quodsi
1249 1527 1449 1591 doctissimos
1463 1546 1608 1610 quosque

504 1631 587 1695 viros
602 1653 668 1696 non
683 1632 804 1715 pudeat
815 1654 906 1695 suam
921 1631 1140 1714 ignorantiam
1153 1630 1190 1693 in
1203 1630 1254 1694 hie
1269 1630 1367 1693 rebus
1381 1630 1487 1713 palam
1501 1628 1608 1708 fateri,

503 1754 571 1798 non
594 1734 686 1797 video
711 1754 770 1797 cur
792 1733 873 1797 mihi
896 1732 975 1797 vitio
1000 1732 1082 1797 verti
1104 1731 1231 1810 debeat,
1252 1731 1334 1796 siin
1350 1752 1385 1795 re
1407 1752 1477 1795 non
1498 1731 1608 1795 minus

504 1836 635 1914 difficili,
651 1842 748 1919 atque
762 1835 897 1899 forsitan
916 1856 1048 1918 prorsus
1069 1834 1296 1918 inexplicabili,
1311 1854 1427 1897 manns
1448 1832 1490 1898 ab
1509 1830 1609 1897 αἰτιο-

503 1938 602 2027 λογίᾳ
620 1938 801 2003 abstineam
811 1964 820 2015 3
844 1938 962 2021 qnippe
983 1958 1059 2002 cum
1081 1938 1343 2021 persuasissimus
1363 1938 1425 2001 sim
1444 1936 1608 2001 Naturam

505 2062 572 2104 non
601 2041 709 2105 minus
733 2040 786 2103 hic
811 2040 882 2119 loci,
908 2062 1006 2123 quam
1027 2041 1063 2103 in
1085 2041 1156 2104 aliis
1178 2040 1433 2123 quibuscunque,
1454 2039 1609 2110 methodo

507 2142 645 2225 quadam
660 2148 748 2205 certa
762 2149 859 2224 atque
873 2142 986 2207 ordine
1000 2142 1168 2226 progredi:
1190 2149 1379 2227 qrsortoaoao
1393 2142 1481 2205 enim
1498 2143 1548 2224 (ut
1562 2141 1611 2210 sic

508 2245 634 2325 dicam)
649 2264 686 2308 ac
700 2246 869 2308 tertioaoso
884 2246 1019 2309 materia
1032 2267 1099 2310 non
1113 2245 1222 2309 minus
1231 2245 1377 2309 Naturae
1392 2244 1518 2327 legibus
1532 2244 1610 2308 sub·

504 2348 591 2431 jacet
605 2346 708 2429 iisque
722 2348 854 2431 regitur,
871 2369 968 2431 quam
983 2348 1046 2411 alia
1060 2368 1193 2431 corpora
1207 2348 1451 2431 qualiacunque.
1564 2426 1568 2435 Ι

355 2458 475 2521 Ριιοκγν
556 2449 637 2533 [6.]1’
661 2448 748 2513 Cum
770 2450 875 2533 rigore
897 2458 994 2533 atque
1019 2451 1151 2515 horrore
1172 2451 1208 2515 in
1229 2451 1416 2515 universum
1439 2450 1609 2515 Intermit·

354 2538 490 2648 ffissfio,
507 2557 613 2616 tentes
628 2572 740 2616 omnes
765 2551 934 2635 incipiunt,
958 2553 1011 2616 cui
1030 2574 1106 2616 mor
1127 2554 1214 2617 calor
1237 2552 1390 2633 succedit,
1414 2559 1511 2636 atque
1530 2552 1610 2618 hnic

507 2654 657 2737 deinceps
677 2654 792 2732 sudor;
815 2676 873 2739 per
891 2662 1067 2738 utrumque
1086 2676 1324 2739 paroxysmum,
1340 2662 1413 2719 tum
1432 2655 1525 2718 illum
1542 2676 1608 2737 qno

506 2757 591 2840 riget
606 2777 710 2839 aeger,
726 2763 798 2820 tum
814 2758 877 2839 quo
895 2757 969 2841 plus
983 2758 1061 2821 satis
1080 2757 1255 2836 incalescit,
1270 2758 1437 2823 vomiturit
1455 2762 1493 2819 ut
1507 2756 1608 2839 pluri-

506 2880 608 2938 mum,
631 2858 839 2923 vehementer
865 2866 1022 2943 aegrotat,
1046 2880 1121 2925 cum
1145 2859 1200 2922 siti
1224 2866 1259 2923 et
1283 2859 1397 2942 lingua
1422 2858 1521 2937 arida,
1544 2864 1608 2923 etc.

508 2961 601 3027 Quae
616 2961 746 3045 quidem
768 2968 985 3045 symptomata
1001 2961 1116 3025 iisdem
1131 2960 1264 3025 omnino
1285 2960 1438 3044 gradibus
1452 2960 1609 3024 recedunt

507 3064 623 3147 quibus
642 3064 829 3147 provehitur
848 3064 955 3143 sudor,
973 3084 1037 3146 quo
1051 3063 1183 3127 uberius
1206 3069 1437 3147 prorumpente
1456 3082 1607 3146 paroxys-

507 3186 580 3227 mus
602 3165 680 3229 eolvi
700 3164 839 3229 videtur.
885 3165 973 3227 Satis
992 3171 1080 3228 recte
1101 3164 1186 3229 valet
1209 3164 1265 3246 qui
1290 3163 1387 3227 modo
1409 3162 1608 3246 aegrotabat,

508 3266 611 3330 donec
624 3288 833 3351 paroxysmus
852 3268 984 3351 periodo
1004 3268 1066 3333 sibi
1085 3276 1241 3333 consueta
1259 3268 1366 3332 denuo
1386 3268 1608 3345 recrudescat;

508 3368 543 3429 in
556 3366 754 3433 Quotidiano
768 3370 888 3433 scilicet
904 3370 1048 3454 quolibet
1063 3369 1303 3458 maxdpplppfin
1313 3370 1466 3433 'l'crtiana
1476 3370 1610 3434 alternis

509 3468 632 3547 diebus,
647 3468 682 3533 in
698 3471 866 3537 Quartana
885 3473 983 3537 tertio
1005 3494 1133 3557 qnoque
1153 3473 1214 3553 die,
1230 3473 1442 3538 calculatione
1461 3472 1610 3537 videlicet

508 3568 594 3632 facta
618 3570 659 3634 ab
684 3573 782 3635 nnius
807 3575 990 3658 paroxysmi
1014 3576 1109 3639 initio
1135 3576 1177 3639 ad
1205 3575 1338 3640 initium
1362 3573 1608 3657 subsequentis:

508 3670 584 3734 licet
598 3672 685 3736 haud
699 3695 772 3737 raro
786 3675 1030 3758 ingeminantur
1043 3678 1235 3761 posteriores
1250 3678 1324 3756 duo,
1339 3678 1387 3740 ita
1399 3682 1438 3741 ut
1456 3674 1610 3739 'Pertiana

509 3772 652 3855 quolibet
667 3774 719 3837 dic
733 3774 873 3854 invadat,
885 3777 1055 3842 Quartana
1068 3800 1126 3861 per
1140 3779 1221 3844 duos
1235 3780 1303 3843 dies
1318 3778 1497 3855 continuos,
1509 3776 1609 3840 tertio

510 3874 639 3956 quidem
669 3874 709 3939 ab
736 3876 861 3940 insultu
886 3878 989 3943 libero
1013 3887 1187 3960 manente;
1218 3881 1410 3964 quandoque
1435 3879 1532 3945 etiam
1555 3883 1611 3943 ter

508 3975 612 4039 tribus
635 3976 748 4041 diebus
769 3980 931 4044 continuis
953 3982 1095 4062 infestet,
1116 4006 1191 4048 cum
1206 3985 1335 4068 Triplex
1349 3984 1518 4049 Quartana
1538 3988 1608 4060 cst3

508 4077 621 4143 morbo
647 4079 687 4144 ab
714 4080 785 4158 isto,
809 4104 905 4165 quem
931 4084 1072 4167 primum
1096 4086 1278 4169 assumpsit,
1300 4095 1379 4170 typo
1400 4106 1520 4151 nomen
1541 4105 1610 4148 sor·

509 4180 621 4246 tiente.

356 4294 476 4359 ramxys-
558 4284 639 4369 [7.]¹³
662 4286 754 4352 Quae
769 4308 847 4353 sane
861 4309 1124 4373 paroxysmorum
1143 4290 1353 4374 reduplicatio
1372 4310 1610 4373 nonnunquam

356 4375 498 4485 ffifssffi'
510 4408 530 4449 a
551 4390 704 4454 materiae
727 4392 862 4455 Febrilis
884 4414 1016 4456 excessu
1038 4394 1264 4476 activitathue
1286 4393 1388 4457 nimia
1409 4393 1608 4477 producitur,

357 4486 484 4535 velsma-
510 4510 573 4570 quo
595 4490 629 4553 in
649 4513 727 4555 casu
747 4516 956 4579 paroxysmus
982 4496 1178 4560 adventitius
1203 4497 1393 4580 primarium
1416 4496 1608 4574 antevertit3

356 4550 474 4663 ξέιῗξρξῗ
510 4610 743 4675 nonnunquam
774 4598 872 4660 etiam
902 4620 921 4661 a
950 4600 1066 4662 virium
1095 4600 1320 4682 prostratione,
1346 4620 1422 4662 cum
1450 4599 1486 4662 in
1512 4618 1609 4681 aegro

356 4686 473 4729 ΜΝ·
510 4713 625 4775 nempe
651 4694 788 4758 nimium
818 4699 890 4763 illae
914 4701 1036 4763 fuerint
1067 4700 1219 4783 dejectae,
1247 4710 1280 4767 et
1309 4700 1492 4786 paroxyffli
1518 4700 1607 4782 Vl8⁰¹

375 4761 404 4792 ue
416 4743 475 4791 scti-

357 4762 373 4809 q
687 4829 698 4860 Ρ
715 4824 741 4881 §t
754 4825 777 4881 6,
789 4825 802 4875 7
816 4827 902 4875 desunt
915 4828 939 4875 in
952 4828 1005 4875 edd
1019 4830 1067 4889 ⁹66,
1080 4831 1128 4877 ¹68.
1146 4830 1184 4879 Cf.
1198 4834 1299 4881 Procm.
1313 4834 1360 4880 lat.
1371 4848 1392 4879 c.
1405 4834 1428 4879 4.
