3825 5759
407 617 804 684 OBSERVATIONUM
828 617 1114 684 MEDICARUM
1133 625 1181 680 IV.
1200 628 1226 677 a.
1302 617 1366 680 169

275 779 406 844 inferiori
444 779 601 846 intestino
632 783 728 864 (recto
764 783 903 865 nempe)
945 779 1108 846 molestias
1147 786 1267 858 creent,
1303 800 1366 861 quo
1388 799 1507 848 narrar.

275 883 399 948 materia
423 882 459 946 iu
486 904 527 948 eo
549 885 622 948 solo.
641 883 811 948 conficitur
836 891 934 968 atque
959 883 1037 948 inde
1062 883 1253 948 excernitur.
1300 882 1365 945 Hic
1378 865 1518 980 {232}ss

273 991 373 1048 autem
393 985 529 1050 morbus
550 986 626 1050 licet
649 985 779 1064 adtritis,
798 986 938 1050 maxime
964 987 1163 1069 grandaevis,
1182 986 1271 1050 haud
1291 1005 1365 1048 raro
1379 1028 1427 1074 Hic
1439 1041 1504 1074 mor-

273 1087 410 1166 exitialis,
432 1087 617 1152 infantibus
641 1087 852 1154 nihilominus
877 1088 1095 1172 perbenignus
1119 1089 1288 1172 reperitur,
1310 1087 1366 1172 qui
1378 1093 1424 1139 uu.
1434 1091 1492 1168 lieet

272 1188 309 1252 ad
326 1211 451 1254 meuses
466 1191 591 1274 aliquot
611 1190 652 1254 ab
667 1191 780 1255 eodem
796 1191 988 1275 quandoque
1002 1191 1186 1256 afficiuntur
1204 1192 1273 1256 sine
1289 1214 1366 1275 quo·
1378 1156 1485 1268 ffiss'e

272 1290 313 1354 ris
326 1292 543 1373 incommodo,
559 1293 882 1358 modoresNaturae
896 1293 1112 1377 permittatur.
1379 1285 1496 1361 ΝΜ·

315 1394 373 1479 [5.]
401 1395 573 1462 Qu'antam
599 1416 673 1460 cum
701 1395 772 1476 hac,
796 1418 893 1479 quam
920 1394 1154 1479 descripsimus,
1177 1365 1507 1490 affinitatemiiihhii‘

272 1495 381 1563 habeat
400 1498 556 1564 endemia
573 1498 636 1562 ista
651 1497 872 1563 Hibernorum
886 1498 1089 1583 Dysenteria,
1107 1520 1176 1563 non
1194 1499 1272 1563 satis
1292 1498 1367 1577 scio,
1379 1479 1513 1605 ffisslgf

272 1619 338 1662 cum
356 1601 508 1666 nondum
528 1621 567 1665 ea
588 1600 668 1664 mihi
687 1600 883 1666 innotuerit:
906 1600 986 1684 quin
1005 1608 1038 1664 et
1057 1600 1094 1663 in
1112 1600 1163 1663 his
1183 1621 1262 1683 quas
1281 1600 1368 1664 inco-
1381 1621 1428 1653 mu
1439 1616 1482 1654 est

271 1699 359 1766 limus
380 1703 573 1787 regionibus
593 1704 751 1787 quomodo
772 1725 806 1768 se
827 1701 946 1768 habeat
961 1702 1165 1787 Dysenteria,
1182 1723 1279 1785 quam
1300 1702 1370 1786 jam

273 1802 482 1887 depinximus,
499 1805 527 1869 si
548 1804 590 1869 ad
604 1805 675 1870 illas
689 1806 848 1870 referum
866 1827 948 1889 quae
963 1805 1034 1869 aliis
1052 1805 1146 1870 annis
1161 1803 1369 1882 infestabant,

272 1905 344 1970 mihi
365 1909 491 1992 pariter
513 1907 749 1992 incompertum
771 1916 820 1973 est
829 1933 840 1986 ;
871 1929 945 1972 cum
967 1907 1037 1972 tieri
1060 1906 1190 1992 quidem
1210 1906 1312 1992 possit
1332 1915 1371 1972 ut

272 2007 370 2074 variae
389 2018 590 2076 enascantur
604 2009 870 2094 Dysenteriarum
889 2010 1020 2095 species,
1035 2018 1073 2074 ut
1088 2018 1165 2075 sunt
1179 2010 1371 2076 variolarum

271 2117 301 2173 et
321 2111 576 2196 epidemicorum
596 2111 741 2191 aliorum,
757 2111 889 2176 diversis
908 2111 1193 2178 constitutionibus
1214 2113 1370 2198 propriae,

270 2219 302 2278 et
322 2235 403 2298 quae
424 2213 565 2298 proinde
590 2213 741 2278 medendi
763 2214 953 2278 methodum
974 2214 1011 2278 in
1032 2215 1191 2300 aliquibus
1214 2215 1372 2281 diversam

271 2316 328 2382 sibi
347 2340 405 2384 suo
427 2319 506 2403 ¹jure
525 2317 705 2382 vendicent.
750 2319 868 2402 Neque
890 2325 940 2383 est
959 2340 1018 2384 cur
1036 2320 1095 2386 hos
1114 2320 1262 2384 Naturae
1282 2321 1373 2384 lusus

271 2419 327 2486 hac
340 2421 376 2485 in
389 2443 429 2486 re
445 2425 614 2504 tantopere
625 2419 839 2500 demiramur;
861 2442 936 2486 oum
950 2421 987 2485 in
1001 2423 1145 2487 confesso
1160 2423 1246 2506 apud
1260 2444 1373 2487 omnes

272 2521 320 2602 sit,
335 2523 435 2608 quod,
447 2545 510 2607 quo
524 2522 714 2606 profundius
729 2522 764 2586 in
779 2543 989 2609 quaecunque
1003 2526 1150 2590 Naturae
1165 2546 1263 2608 opera
1275 2545 1373 2607 pene·

272 2631 400 2707 tremus,
423 2646 464 2691 eo
488 2624 684 2690 luculentius
706 2625 799 2690 nobis
825 2627 999 2711 affulgeat⁸
1019 2627 1135 2711 ingens
1160 2627 1217 2690 illa
1236 2627 1373 2690 varietas

272 2735 303 2796 et
324 2731 472 2796 divinum
492 2751 576 2814 pene
598 2729 770 2794 artificium
795 2731 1018 2814 operationum
1040 2733 1120 2814 ejus,
1140 2738 1375 2820 quae‘oaptum
1457 2797 1460 2801 ,

272 2841 420 2900 nostrum
440 2832 627 2916 longissime
656 2841 827 2916 superant:
858 2833 938 2898 adeo
960 2841 998 2897 ut
1028 2833 1170 2917 quisquis
1196 2833 1251 2896 ille
1275 2831 1374 2895 fuerit

271 2936 323 3019 qui
339 2935 375 3002 in
399 2957 433 3001 se
451 2935 607 3020 receperit
626 2936 830 3002 haecomnia
847 2943 957 3000 mente
979 2935 1114 3019 assequi,
1131 2942 1165 3000 et
1182 2932 1375 2998 multifarias

271 3039 420 3106 Naturae
434 3039 634 3124 operationes
648 3038 732 3104 κατὰ
748 3038 849 3110 πόδας
863 3039 1026 3123 indagare,
1042 3037 1161 3123 partim
1175 3036 1302 3121 magnis
1317 3057 1373 3100 au-

271 3143 313 3207 sis
327 3141 486 3223 excidetl,
500 3163 606 3226 neque
620 3142 686 3207 voti
700 3163 759 3228 per
773 3141 883 3208 omnia
897 3163 1026 3227 compos
1040 3141 1194 3206 reddetur
1202 3167 1212 3219 ς
1235 3139 1375 3206 convitia

272 3243 415 3325 interim,
434 3245 472 3328 (si
495 3244 572 3329 quid
591 3244 766 3329 judicando
780 3245 888 3328 valet)
905 3267 964 3330 pro
983 3251 1184 3330 repertorum
1198 3245 1249 3309 vel
1270 3243 1373 3308 utilis-
1387 3259 1518 3338 lapsumq

271 3347 429 3416 simorum
447 3369 544 3432 quam
558 3347 634 3412 fecit
649 3355 803 3427 semente,
819 3355 907 3412 certo
926 3347 1045 3414 certius
1061 3348 1122 3412 sibi
1136 3347 1288 3412 metenda
1300 3369 1373 3432 pro·
1386 3327 1527 3438 ffiolffi'

273 3459 383 3534 ponet,
399 3450 495 3534 idque
509 3471 581 3515 eam
595 3449 725 3515 tantum
740 3451 781 3515 ob
797 3473 936 3530 causam,
953 3452 1041 3539 quod
1055 3453 1177 3536 primus
1191 3451 1325 3516 invenit.
1384 3454 1535 3532 upeuaprin-

321 3554 385 3640 [6.]
413 3554 514 3618 Porro
538 3552 773 3630 observandum
795 3561 845 3618 est
871 3553 957 3638 quod
979 3554 1147 3638 epidemici
1172 3575 1295 3634 omnes,
1317 3534 1514 3646 ubigffsspiii.

273 3657 416 3740 primum
434 3677 452 3720 e
473 3656 621 3720 Naturae
641 3655 715 3720 sinu
730 3653 901 3740 emergunt
916 3657 1126 3742 exiliuntque,
1144 3659 1316 3742 (quantum
1335 3678 1374 3721 ex
1387 3647 1522 3760 affin·

275 3779 388 3824 eorum
401 3757 632 3842 phoenomenis
642 3758 718 3822 licet
729 3758 908 3842 conjicere)
922 3758 1079 3843 principio
1089 3761 1193 3843 magis
1203 3760 1374 3844 spirituoso
1384 3725 1532 3831 uiimcinm

274 3882 311 3926 ac
330 3859 442 3926 subtili
456 3861 608 3925 videntur
624 3859 853 3940 inhaerescere,
870 3883 968 3945 quam
983 3861 1042 3925 ubi
1057 3863 1127 3946 jam
1143 3864 1247 3946 magis
1268 3861 1375 3926 adole-
1386 3839 1530 3952 {fflff‘

273 3963 390 4042 verint,
414 3983 541 4046 quoque
563 3963 666 4046 magis
688 3962 729 4027 ad
748 3983 898 4028 occasum
917 3970 1066 4047 vergunt,
1087 3985 1126 4028 eo
1146 3965 1250 4047 magis
1271 3964 1376 4026 indies
1388 3974 1473 4043 restes
1480 3983 1530 4042 ωρ-

273 4065 376 4130 crassi
397 4073 495 4149 atque
513 4065 697 4130 humerales
717 4065 802 4130 fiunt
809 4091 820 4143 3
843 4065 966 4130 etenim
987 4063 1222 4148 qualesquales
1244 4065 1376 4128 demum
1388 4045 1514 4142 ffiffi?

273 4167 398 4233 fuerint
411 4167 561 4232 inimicae
580 4167 662 4232 istae
680 4167 866 4250 particulae,
883 4189 962 4250 quus
982 4167 1051 4232 aeri
1071 4167 1187 4230 intime
1203 4165 1377 4248 permixtas
1390 4158 1532 4269 Ψῑξῆᾚξ·

275 4267 544 4334 constitutionem
559 4268 768 4352 epidemicam
785 4269 924 4332 formare
939 4267 1152 4351 opinabimur,
1168 4267 1301 4330 omnino
1318 4287 1378 4348 par
1389 4237 1487 4334 dolini.

277 4377 328 4436 est
341 4377 381 4435 ut
402 4369 530 4434 easdem
545 4369 659 4454 majori
675 4369 792 4454 agendi
809 4369 956 4453 potentia
972 4389 1030 4452 per
1044 4389 1083 4432 ea
1096 4375 1242 4450 tempora
1258 4367 1378 4452 pollere
1392 4365 1422 4440 151
1433 4381 1490 4441 ⁰9¹²·

276 4472 497 4537 existimemus
509 4472 626 4555 quibua
638 4472 779 4555 primum
790 4469 966 4554 eruperint,
978 4491 1075 4552 quam
1086 4477 1257 4554 postquam
1268 4491 1379 4533 earum
1390 4429 1505 4541 diffidi

275 4575 359 4638 vires
374 4572 498 4636 fuerint
517 4573 683 4638 refractw
729 4575 784 4638 ita
797 4573 909 4658 primis
931 4571 1098 4636 mensibus
1120 4572 1238 4657 quibus
1257 4593 1379 4656 grassa·
1391 4557 1522 4644 ΜΨ·

409 4723 421 4754 .
761 4729 767 4750 .

410 4723 562 4848 *iidig‘iii
573 4723 756 4839 hildilid}
766 4725 855 4839 iiiuc·
874 4788 956 4852 (oua
968 4789 1064 4838 aaa
1075 4789 1100 4839 u
1113 4789 1182 4850 ara.)
