3825 5759
508 554 573 618 508
821 548 1017 617 uuonan
1041 526 1300 615 aroannam

222 782 224 785 ,
355 726 496 777 Dertona
509 720 635 799 postero
656 713 718 779 hoc
741 712 984 779 sudorilicorum
1008 712 1129 777 abusu:
1151 711 1203 775 his
1226 710 1314 774 enim
1334 727 1425 773 more
1445 710 1630 789 receptum

357 794 491 905 Ῑξξζζᾞυ
509 827 567 899 est,
591 824 638 897 ut,
662 818 689 881 si
719 818 789 901 quis
819 817 860 882 de
888 818 995 901 rigore
1020 825 1053 882 et
1082 817 1196 899 capitis
1225 823 1323 899 atque
1351 813 1472 878 ossium
1501 810 1628 875 dolore

358 928 497 945 “·““““
511 925 605 1006 (quae
630 928 668 985 ut
693 920 868 1004 plurimum
894 920 1006 984 Febris
1027 942 1102 983 mox
1128 920 1297 984 invasurae
1321 916 1487 1002 praeludia
1508 915 1622 995 sunt,)

508 1031 732 1108 conqueratur,
763 1024 923 1107 extemplo
952 1024 1046 1086 illum
1079 1024 1163 1087 lecto
1197 1022 1393 1107 adjudicant,
1423 1027 1457 1083 ct
1486 1016 1623 1081 sudori-

506 1126 577 1194 bna¹
598 1146 726 1210 quoquo
754 1124 850 1190 modo
879 1125 1106 1208 extorquendis
1135 1125 1198 1189 toti
1226 1124 1432 1190 incumbunt.
1484 1121 1517 1184 A
1546 1140 1622 1203 quo

507 1232 691 1315 importuno
713 1230 880 1295 molimine
905 1238 1035 1295 tantum
1062 1230 1153 1295 abeat
1177 1236 1217 1293 ut
1237 1234 1464 1313 praecaveatur
1488 1225 1619 1302 Febris,

511 1336 605 1419 (quae
634 1335 717 1399 forte
746 1334 796 1398 vel
825 1356 884 1397 sua
909 1341 1033 1419 sponte,
1060 1333 1110 1398 vel
1139 1333 1264 1398 eductis
1293 1332 1416 1416 aliquot
1445 1328 1618 1412 sanguinis

508 1438 622 1517 unciis,
637 1444 787 1523 potuerat
804 1439 1014 1519 evanescere)
1032 1444 1069 1500 ut
1084 1458 1102 1500 e
1117 1442 1231 1500 contra
1250 1436 1353 1518 magis
1368 1455 1502 1498 accensa
1515 1430 1617 1495 vehe-

508 1542 651 1605 mentius
666 1540 860 1618 exardeecat,
876 1545 909 1603 et
929 1539 965 1602 in
982 1539 1130 1603 morbum
1148 1540 1217 1623 jam
1237 1538 1418 1602 radicatum
1439 1536 1615 1600 confirma-

508 1649 643 1727 tumque
665 1642 769 1707 abeat.
820 1640 901 1727 [40]
930 1640 1017 1705 Illud
1037 1640 1170 1725 insuper
1194 1641 1243 1724 (ut
1263 1640 1387 1703 vetulas
1404 1638 1475 1722 jam
1495 1636 1615 1700 missas

508 1747 685 1829 faciamus‚)
703 1745 907 1811 notissimum
927 1751 985 1824 est,
1002 1744 1098 1828 quod,
1114 1744 1198 1809 sicut
1215 1744 1347 1809 sudores
1366 1742 1422 1807 isti
1435 1741 1491 1826 qui
1505 1740 1614 1804 Febre

508 1849 649 1933 primum
663 1848 835 1932 ingruente
847 1836 1217 1931 ‘spontaneierumpunt
1230 1845 1466 1932 symptomatici
1477 1843 1615 1908 omnino

510 1958 596 2031 sunt,
608 1952 794 2015 nullatenus
808 1972 882 2014 vero
897 1950 1016 2025 critici3
1039 1950 1087 2013 ita
1101 1951 1209 2030 etiam,
1222 1951 1277 2034 qui
1290 1950 1401 2034 primis
1415 1946 1527 2013 Febris
1542 1945 1613 2009 die-

508 2052 570 2117 bus
593 2053 883 2136 diaphoreticorum
905 2052 935 2115 vi
957 2053 1191 2136 exprimuntur,
1213 2053 1296 2117 nihil
1316 2052 1419 2136 magis
1441 2050 1483 2115 ad
1503 2048 1613 2113 morbi

509 2156 708 2219 curationem
723 2155 912 2239 plerumque
932 2156 1105 2220 conferunt
1119 2178 1217 2241 quam
1231 2157 1336 2221 solent
1353 2155 1447 2219 alteri
1459 2154 1508 2217 illi
1522 2174 1611 2237 sym·

456 2322 457 2325 ,
508 2256 676 2342 ptomatici
699 2257 745 2321 ita
765 2264 969 2342 praemature
992 2281 1049 2322 sua
1070 2268 1185 2343 sponte
1210 2266 1390 2337 manantes,
1412 2257 1473 2321 hoc
1495 2263 1544 2319 est
1570 2262 1611 2319 ut

509 2359 694 2446 plurimum,
709 2381 752 2425 ne
766 2360 870 2423 hilum
886 2360 1024 2444 quidem
1060 2362 1187 2425 Deinde
1201 2384 1286 2440 vero,
1301 2362 1385 2426 sicut
1401 2360 1529 2443 ignorat
1543 2358 1610 2421 Ars

509 2463 786 2548 opportunitatem
805 2463 895 2527 illam
912 2464 1145 2548 temporisque
1161 2465 1293 2529 sudores
1311 2462 1459 2527 eliciendi
1474 2460 1610 2539 frierint,

509 2568 557 2631 ita
570 2566 691 2651 pariter
704 2566 813 2631 nescia
823 2572 872 2631 est
884 2548 981 2650 quam
996 2566 1053 2631 diu
1065 2567 1102 2631 in
1116 2567 1231 2631 iisdem
1242 2566 1449 2631 sollicitandis
1463 2584 1609 2647 perseve-

509 2670 648 2735 randum
663 2670 714 2735 sit.
760 2670 857 2737 Quod
872 2670 899 2733 si
914 2670 1109 2755 diaphoresis
1127 2671 1215 2735 ultra
1229 2670 1377 2735 debitum
1390 2677 1525 2750 tempus,
1541 2687 1609 2748 quo

510 2772 631 2837 scilicet
654 2772 789 2836 materia
812 2772 962 2836 morbum
988 2773 1194 2837 committens
1214 2774 1345 2856 penitus
1366 2772 1464 2836 fixerit
1486 2775 1609 2847 exacta,

509 2876 716 2959 protrahatur
725 2904 734 2956 3
756 2876 965 2941 humidarum
983 2878 1118 2941 istarum
1138 2878 1379 2961 particulamm,
1400 2875 1517 2959 quihus
1535 2894 1609 2936 san-

510 2979 582 3062 guis
606 2978 776 3043 diluendos
790 2980 1155 3064 contemperandusque
1177 2987 1256 3059 erat,
1282 2979 1475 3062 absumptio,
1498 2976 1609 3041 Febris

509 3088 581 3143 turn
601 3100 710 3145 morae
733 3079 925 3144 diuturniori
946 3088 1020 3145 tum
1041 3081 1240 3145 incremento
1260 3079 1468 3145 ministrabit.
1524 3080 1608 3143 Con-

443 3246 444 3251 ,
510 3190 575 3246 stat
592 3183 702 3265 itaque
721 3204 818 3266 quam
839 3182 875 3246 in
894 3183 1018 3247 lubrico
1037 3204 1088 3247 res
1107 3184 1161 3248 hic
1178 3192 1340 3264 vertatur;
1363 3206 1438 3249 cum
1458 3206 1477 3248 e
1496 3190 1610 3248 contra

509 3306 608 3368 penes
632 3284 797 3349 Medicum
822 3285 873 3362 sit,
898 3286 1033 3349 alteram
1058 3286 1148 3351 illam
1175 3288 1365 3353 methodum
1389 3309 1454 3372 qua
1475 3285 1610 3351 materia

510 3386 645 3451 Febrilis
661 3408 717 3469 per
731 3386 983 3469 phlebotomiam
1001 3395 1035 3452 et
1056 3390 1219 3455 cathamin
1238 3392 1434 3470 eliminatur,
1449 3413 1508 3475 pro
1525 3388 1608 3454 arbi·

509 3488 572 3551 trio
590 3507 649 3550 suo
671 3485 838 3551 moderari.
882 3488 987 3569 Adde,
1004 3492 1090 3574 quod
1110 3493 1172 3556 hoc
1193 3494 1292 3558 etiam
1310 3494 1442 3558 nomine
1461 3493 1541 3557 haec
1561 3491 1619 3555 illi

510 3588 602 3653 alteri
624 3589 851 3673 anteponenda
872 3598 931 3670 est,
953 3593 1040 3675 quod
1062 3594 1191 3675 scilicet,
1212 3595 1240 3659 si
1259 3597 1344 3661 forte
1365 3596 1515 3661 Medicus
1536 3618 1607 3681 pro

394 3742 395 3745 ,
509 3692 651 3776 positum
671 3691 733 3757 sibi
754 3713 886 3777 scopum
907 3716 976 3759 non
993 3696 1136 3779 attigerit
1156 3698 1193 3760 in
1210 3699 1354 3763 sanando
1373 3720 1479 3781 aegro,
1495 3699 1608 3763 saltem

511 3792 651 3858 eundem
671 3794 707 3858 in
723 3795 852 3859 nullum
869 3796 1041 3862 discrimen
1062 3798 1203 3879 adducit,
1220 3802 1306 3885 quod
1327 3802 1362 3865 in
1379 3802 1607 3885 diaphoretico·

510 3920 585 3963 rum
598 3921 662 3964 usu
676 3898 845 3983 contingit,
861 3900 924 3963 nisi
944 3902 1161 3967 convalescat:
1185 3905 1307 3968 etenim
1321 3906 1372 3969 vel
1390 3906 1477 3969 calor
1490 3902 1606 3969 lectulo

507 4001 630 4087 jugiter
644 4002 768 4083 inclusi,
784 4002 837 4067 eui
850 4010 977 4087 praeter
996 4006 1127 4070 solitum
1146 4028 1270 4072 morem
1291 4007 1479 4091 aliquandiu
1497 4028 1532 4071 se
1553 4005 1607 4069 ad·

511 4106 602 4187 dixit,
617 4108 665 4191 (ut
680 4108 825 4173 cardiace
838 4128 920 4191 quae
934 4108 970 4171 in
984 4108 1046 4171 hac
1059 4108 1212 4173 medendi
1224 4110 1349 4174 ratione
1363 4110 1471 4174 locum
1484 4128 1608 4191 semper
1681 4163 1685 4168 .
1761 4099 1762 4118 ¹

510 4212 660 4276 obtinent
675 4212 884 4293 omittamus,)
902 4212 1049 4277 Naturae
1063 4214 1282 4277 oeconomiam
1296 4213 1476 4292 confundit,
1487 4221 1519 4277 et
1534 4232 1607 4275 con-

510 4314 647 4380 vrdsivos
662 4322 793 4379 artuum
811 4322 919 4379 motus
939 4314 1063 4399 aliaque
1081 4324 1298 4400 symptomata
1314 4337 1445 4400 prorsus
1462 4315 1608 4379 anomala

510 4418 624 4483 adfert.
649 4418 741 4485 Quae
756 4440 832 4483 sane
846 4418 920 4483 ideo
935 4416 1089 4483 delineari
1101 4440 1170 4483 non
1183 4427 1328 4503 possunt,
1340 4420 1416 4502 quia
1430 4418 1491 4483 sub
1506 4417 1607 4483 morbi

510 4520 678 4583 historiam
704 4542 772 4585 non
797 4520 927 4599 cadunt,
955 4521 1053 4603 (quod
1075 4522 1112 4585 in
1135 4523 1358 4607 symptomatis
1383 4522 1543 4606 plerisque
1569 4517 1617 4584 ad

511 4620 686 4705 quemlibet
707 4623 857 4688 morbum
878 4622 1098 4706 spectantibus
1119 4646 1182 4689 usu
1203 4627 1313 4710 venit)
1338 4626 1395 4691 sed
1417 4648 1437 4690 a
1458 4624 1606 4710 superad-

512 4722 579 4787 dito
604 4723 747 4787 tumultu
777 4732 809 4789 et
839 4724 1027 4789 confirsione
1055 4726 1214 4807 oriuntur,
1239 4729 1356 4812 quibus
1385 4750 1479 4814 saepe
1505 4726 1605 4813 oppri-
