3825 5759
621 620 876 685 PROCESSUS
900 620 1103 685 INTEGRI.
1343 621 1405 684 561

306 788 339 845 et
359 781 583 865 magnitudine
601 790 715 847 auctae
736 784 923 849 racematim
941 784 1136 863 coalescunt,
1151 789 1185 847 et
1203 783 1320 849 faciem
1337 803 1405 847 ma·
1424 800 1465 847 ne
1477 799 1555 847 Moa-

308 888 388 953 culis
406 888 512 952 rubris
529 888 715 973 majusculis
736 888 1004 971 interstinguunt.
1051 888 1124 953 Hae
1142 888 1287 953 maculae
1302 908 1320 951 e
1333 908 1405 970 par-
1421 877 1562 945 Q·-

308 991 387 1055 vulis
405 991 530 1075 papulis
549 1013 646 1075 supra
665 992 767 1055 cutim
785 992 953 1075 pardulum
972 991 1103 1058 elevatis
1121 992 1313 1070 conflantur,
1329 1013 1406 1075 qua·

309 1116 382 1159 rum
398 1095 642 1177 protuberantia
661 1094 764 1179 digito
780 1096 852 1175 leri,
867 1096 919 1161 vix
936 1097 1103 1161 oculorum
1118 1096 1196 1174 acie,
1211 1094 1408 1179 deprehendi

307 1198 418 1279 possit.

359 1300 420 1383 [2.]
447 1301 479 1365 A
493 1300 585 1379 facie,
601 1323 698 1385 quam
715 1302 820 1387 primo
842 1301 947 1367 solum
964 1306 1133 1383 occupant,
1148 1298 1190 1364 ad
1203 1304 1316 1383 pectus
1330 1320 1407 1364 ven-

307 1406 464 1485 tremque,
490 1424 585 1469 crura
609 1403 726 1469 deiude
751 1403 919 1487 tibiasque,
942 1408 1162 1486 propagantur
1188 1400 1349 1478 maculae3
1372 1401 1407 1465 in

308 1503 359 1567 his
383 1512 492 1569 autem
517 1506 662 1589 partibus
687 1508 772 1571 latae
798 1514 831 1573 et
856 1506 983 1585 rubrae,
1006 1504 1206 1588 superficiem
1232 1502 1315 1569 cutis
1340 1525 1408 1567 non

308 1614 507 1689 superantes,
523 1610 774 1693 conspiciuntur.
819 1610 998 1693 Eruptione
1013 1606 1240 1671 Morbillorum
1253 1626 1322 1670 non
1335 1626 1407 1690 per-

308 1708 385 1772 inde
407 1710 608 1776 deliniuntur
627 1720 851 1797 symptomata,
874 1733 911 1776 ac
932 1712 968 1775 in
992 1710 1136 1775 variolis:
1173 1708 1312 1773 vomitus
1334 1714 1408 1791 post

308 1812 509 1893 eruptionem
523 1814 632 1878 nullus
640 1840 650 1893 ;
674 1815 730 1878 sed
743 1814 898 1879 tussicula
915 1822 949 1879 et
966 1813 1064 1878 febris
1082 1834 1155 1876 cum
1170 1810 1313 1895 spirandi
1327 1809 1408 1873 diffi-

309 1914 430 1980 cultate
449 1916 674 1997 intenduntur,
689 1918 725 1983 in
743 1920 852 1983 oculos
872 1918 1021 1996 defluxio,
1037 1915 1251 1981 somnolentia
1264 1921 1298 1978 et
1316 1914 1407 1996 inap-

305 2019 451 2101 petentia
464 2028 678 2104 perseverant.
723 2022 786 2086 Die
808 2029 898 2086 sexto
920 2027 978 2085 aut
1000 2020 1135 2097 circiter,
1150 2018 1238 2082 frons
1257 2024 1290 2081 et
1309 2016 1407 2081 facies

308 2130 524 2205 asperescunt,
540 2124 769 2189 emorientibus
786 2125 924 2209 pustulis
945 2130 1105 2208 ruptaque
1125 2120 1283 2199 cuticula;
1305 2120 1342 2183 iu
1356 2141 1406 2184 re-

306 2220 395 2305 liquo
409 2244 540 2308 corpore
554 2226 699 2291 maculae
712 2226 886 2293 latissimae
906 2232 994 2305 sunt,
1013 2232 1046 2289 et
1065 2224 1204 2289 maxime
1218 2223 1405 2288 rubescunt.

308 2324 430 2391 Octavo
445 2327 570 2392 circiter
585 2328 646 2404 die,
662 2329 698 2393 iu
712 2329 792 2395 facie
814 2335 1020 2407 evanescunt,
1036 2334 1069 2393 et
1083 2327 1136 2391 vix
1149 2328 1185 2391 in
1200 2328 1324 2410 reliquo
1338 2347 1407 2391 cor·

305 2448 382 2509 pore
393 2436 594 2512 permanent.
627 2431 736 2509 Nono,
752 2432 860 2495 nullae
873 2452 1004 2515 prorsus
1019 2438 1097 2495 sunt
1104 2456 1114 2508 3
1136 2450 1194 2514 per
1207 2430 1322 2495 faciem
1332 2451 1407 2495 vero

308 2536 342 2593 et
357 2536 456 2608 artus,
472 2531 664 2615 quandoque
678 2539 711 2597 et
731 2540 837 2599 totum
852 2555 977 2617 corpus,
991 2533 1028 2597 iu
1041 2533 1180 2597 farinam
1194 2533 1358 2615 quandam
1372 2540 1406 2597 et

306 2632 523 2713 squammulas
533 2632 695 2697 facessunt
703 2659 713 2711 3
736 2640 769 2697 et
784 2640 863 2699 tune
874 2635 1028 2718 temporis
1042 2634 1149 2712 febris,
1168 2634 1310 2717 spirandi
1325 2634 1405 2700 diffi-

305 2735 417 2812 cultas,
432 2742 466 2801 et
484 2736 639 2801 tussicula
661 2744 831 2821 augentur.
877 2740 920 2803 In
943 2739 1061 2804 adultis
1083 2762 1104 2805 a
1124 2740 1227 2805 calido
1248 2740 1405 2823 regimine

305 2843 462 2913 livescunt
476 2848 590 2932 primo,
604 2870 680 2914 mox
694 2850 882 2933 nigrescunt
897 2851 1135 2917 exanthemata.

307 2996 514 3066 [Form.177.]⁷
538 2998 569 3078 R
590 3000 700 3055 Deoocti
713 3000 857 3054 Pectoralis
867 3000 1060 3071 sesquilibram,
1419 2989 1550 3038 cmm·

590 3086 688 3159 Syrupi
699 3087 827 3152 violacei,

588 3170 713 3245 [Syrupi]
727 3173 892 3244 (lapillorum
903 3172 1025 3239 Veneris,
1035 3190 1088 3228 aua
1100 3175 1312 3245 sesquiunciam;

448 3259 546 3325 Mimer
571 3259 620 3315 liat
636 3276 777 3330 aporema:
802 3260 891 3331 capiat
913 3261 1007 3318 undu
1023 3270 1077 3317 tres
1100 3262 1142 3315 rel
1164 3270 1279 3332 quatuor
1298 3269 1339 3315 ter
1362 3261 1403 3314 rel

140 3344 142 3449 l
448 3358 541 3419 quater
552 3349 581 3403 in
593 3348 644 3402 die.

324 3485 410 3539 Fam.
426 3483 514 3548 178.]·
534 3482 567 3564 R
585 3483 648 3539 Olei
659 3484 866 3555 Amygdalarum
879 3486 1007 3541 Dulcium
1018 3488 1111 3542 undu
1123 3486 1199 3551 duos,

589 3570 686 3643 Syrupi
697 3572 845 3638 violarum,

589 3660 712 3733 [Syrupi]
727 3661 890 3735 Capillorum
902 3661 1021 3727 Veneris,
1033 3679 1086 3717 ana
1096 3663 1204 3716 unciam
1218 3677 1309 3724 uuam,

409 3802 410 3807 .
588 3747 714 3801 Sacchari
727 3747 813 3801 Caudi
826 3748 954 3803 albissimi
966 3750 1145 3819 quantitatem
1157 3748 1347 3809 sufficientem

447 3836 549 3901 Misce;
572 3827 765 3907 fiat⁴eclegma,
777 3835 810 3891 de
828 3852 880 3907 que
899 3838 1003 3908 saepius
1021 3837 1131 3901 lambat,
1142 3837 1284 3907 praecipue
1299 3833 1406 3905 quando

447 3926 528 3978 tussis
540 3930 624 3995 urget

310 4060 409 4129 [Form.
427 4059 496 4129 179.]
504 4072 518 4101 ⁸
537 4058 569 4141 R
589 4062 681 4131 Aquae
693 4061 851 4115 cerasorum
863 4058 1008 4129 Nigrorum
1020 4058 1113 4111 uncias
1123 4066 1184 4122 tres,

588 4146 685 4217 Syrupi
697 4146 729 4200 da
742 4146 868 4201 Maeonio
880 4146 987 4199 unciam
1000 4160 1100 4206 unam3

445 4232 545 4297 Misoe;
569 4232 617 4289 fiat
630 4232 750 4297 haustus,
762 4230 873 4301 singulis
887 4230 1009 4283 noctibus
1026 4228 1179 4293 sumendus,
1190 4245 1207 4282 a
1218 4230 1303 4298 primo
1313 4229 1400 4281 morbi

445 4318 556 4383 insutu,
567 4334 650 4387 usque
662 4316 727 4371 dum
742 4317 906 4371 convaluerit
917 4332 1011 4386 segem
1034 4313 1110 4369 dosia
1128 4314 1253 4385 augendo
1264 4314 1307 4367 rel
1318 4315 1406 4368 immi·

446 4403 553 4458 nuendo
564 4420 612 4475 pro
624 4404 726 4457 ratione
737 4404 840 4457 aetam.

354 4544 415 4629 [3.]
444 4544 551 4627 Aeger
565 4564 599 4608 se
614 4540 779 4607 contineat
797 4542 832 4605 in
851 4542 935 4606 lecto
949 4562 1007 4627 per
1020 4518 1167 4619 biduum,
1181 4546 1254 4624 post
1268 4539 1406 4625 primam
1453 4632 1458 4637 ι

305 4646 516 4730 eruptionem.

339 4812 352 4850 1
369 4805 409 4853 Cf.
419 4804 514 4854 forrum.
524 4804 564 4862 tr,
575 4806 614 4865 85,
626 4804 680 4863 165,
691 4806 745 4855 250.
807 4804 874 4853 ¹·Cl'.
884 4804 982 4853 forrum.
993 4806 1032 4862 28,
1041 4804 1082 4861 36,
1094 4804 1147 4853 166.
1205 4811 1216 4833 ·
1234 4804 1274 4853 Cl.
1285 4802 1355 4852 torm.
1365 4804 1404 4853 29.

829 4890 851 4949 4
867 4906 884 4949 c
