3825 5759
418 662 813 727 OBSERVATIONUM
836 662 1123 728 MEDICARUM
1146 670 1187 724 11.
1209 677 1234 725 2.
1338 667 1380 727 99

274 824 354 889 fieri.
401 824 491 888 Alias
514 825 601 889 enim
623 846 690 889 ncn
712 846 863 909 assequor
885 825 1019 909 quibat
1042 826 1138 890 utin
1159 826 1272 891 eodem
1294 818 1375 889 coeli
1406 835 1511 950 ἕξεί

274 932 383 990 tractu
400 926 481 1027 dum
499 917 603 990 unum
625 926 753 1010 aliquod
775 927 928 1011 oppidum
948 927 1044 992 Peste
1058 927 1243 1012 gravissime
1262 921 1374 1010 affligi-
1399 964 1529 1013 &Peene

275 1035 340 1108 tur,
357 1029 446 1093 aliud
466 1050 534 1095 non
553 1030 650 1112 longe
670 1030 828 1110 dissitum,
844 1051 976 1095 omnem
996 1031 1178 1096 commercii
1200 1025 1374 1095 necessitu-
1387 1030 1528 1118 qssqsuu

276 1130 387 1195 dinem
401 1127 476 1195 curn
490 1132 560 1197 loco
575 1130 760 1216 contagioso
774 1140 869 1197 caute
883 1132 1070 1213 inhibendo,
1085 1154 1215 1217 prorsus
1229 1095 1535 1247 immune‘N‘Z’PZZ⁸

276 1254 311 1297 se
330 1234 545 1317 praestiterit3
568 1235 840 1318 quemadmodum
864 1256 932 1299 non
950 1243 1029 1301 ante
1051 1237 1172 1300 multos
1196 1258 1298 1301 annos
1315 1235 1375 1323 [sc.
1389 1263 1525 1325 ,praemia

278 1335 390 1423 losa]
407 1336 496 1401 Pesti
509 1358 568 1421 per
585 1337 768 1402 universam
783 1338 850 1403 fere
871 1336 1003 1402 Italiam
1017 1340 1205 1403 immaniter
1218 1340 1378 1423 grassanti
1391 1327 1537 1440 ww

277 1438 396 1523 Magni
415 1440 515 1504 Ducis
536 1440 748 1524 [Fordinandi
763 1439 829 1527 ΙΙ.]
846 1462 925 1505 cura
942 1447 1040 1524 atque
1058 1441 1234 1525 prudentia
1253 1441 1378 1506 aditum
1391 1456 1489 1532 idonea
1536 1487 1538 1490 -

274 1542 311 1605 in
327 1540 501 1606 Hetruriae
516 1542 597 1606 fines
613 1544 742 1626 penitus
756 1536 965 1607 interclusitl.
1392 1520 1518 1632 ἶξὲἷὼῑ·

326 1644 387 1728 [8.]
415 1645 543 1709 Primus
557 1646 697 1710 insultus
711 1647 850 1729 rigorem
866 1666 903 1710 ac
917 1646 1094 1725 horrorem,
1107 1646 1379 1729 quemadmodum
1393 1671 1484 1719 Modus
1492 1672 1532 1720 in-

276 1753 311 1810 et
324 1746 464 1810 febrium
476 1747 764 1812 intermittentium
776 1750 982 1830 accessiones,
994 1748 1061 1814 fere
1072 1757 1266 1833 perpetuum
1280 1749 1380 1812 habet
1393 1736 1508 1847 ffig}

278 1850 439 1913 comitem.
471 1849 551 1913 Mox
566 1848 705 1914 vomitus
720 1844 877 1930 enormes,
894 1850 985 1916 dolor
999 1852 1084 1916 circa
1098 1851 1202 1915 cordis
1215 1852 1382 1934 regionem
1394 1872 1439 1913 aa.

276 1972 314 2015 ac
329 1950 358 2015 si
370 1952 523 2016 torculari
542 1960 776 2036 premerentur,
792 1952 904 2018 Febris
919 1954 1035 2037 ardens
1050 1954 1172 2018 usitata
1186 1961 1382 2038 symptoma-

277 2062 351 2117 tum
374 2050 533 2139 σννδρομῇ
558 2055 685 2140 stipata,
708 2056 930 2121 indesinenter
955 2077 1068 2140 aegros
1094 2056 1255 2135 divexant,
1279 2056 1399 2121 donec'

277 2162 335 2219 aut
358 2176 445 2220 mors
469 2155 548 2240 ipsa,
574 2164 631 2222 aut
656 2157 799 2242 benigna
823 2158 964 2223 bubonis
989 2160 1039 2223 vel
1064 2158 1220 2243 parotidis
1243 2160 1380 2243 eruptio,

281 2278 364 2342 quae
385 2258 555 2323 materiam
576 2258 775 2325 morbificam
802 2260 887 2325 foras
911 2260 1049 2345 ablegat,
1073 2282 1127 2325 eos
1149 2260 1190 2326 ab
1212 2252 1382 2326 luctuosis-

281 2362 363 2427 simc
393 2362 576 2427 discrimine
605 2362 730 2427 liberet.
776 2362 892 2428 Rarius
922 2363 1053 2447 quidem
1086 2363 1204 2429 accidit
1232 2369 1271 2427 ut
1300 2356 1382 2428 citra

276 2464 378 2527 ullam
390 2464 501 2529 Febris
517 2465 775 2549 praesensionem
790 2466 931 2550 ingruat,
944 2488 982 2531 ac
995 2467 1143 2531 homines
1155 2465 1196 2531 de
1210 2459 1381 2551 improviso
1394 2483 1531 2547 mmm.

278 2588 297 2631 e
325 2566 433 2630 medic
460 2567 564 2645 tollat,
594 2567 728 2631 maculis
762 2570 940 2652 purpureis,
970 2570 1195 2652 praesentanei
1228 2570 1380 2642 interitus
1393 2550 1530 2671 {iffi-¹2¹5„

277 2664 413 2747 nuntiis,
429 2665 526 2733 etiarn
547 2669 626 2733 dum
646 2663 681 2733 in
701 2671 771 2735 foro
790 2680 969 2751 versantur,
985 2663 1240 2755 erumpentibus.
1286 2672 1380 2737 Quae
1393 2676 1527 2725 Passar-

277 2770 448 2853 repentina
462 2770 656 2835 exanimatio
674 2770 772 2855 (quod
792 2773 1067 2837 animadversione
1087 2773 1246 2855 dignum)
1264 2774 1327 2836 nisi
1343 2775 1378 2836 in
1392 2741 1501 2852 fflff,

277 2873 383 2937 Pestis
403 2872 577 2939 admodum
596 2874 745 2939 funestae
767 2874 896 2939 exordio
910 2876 964 2938 vix
985 2875 1167 2955 contingit;
1190 2870 1378 2939 remittente
1392 2868 1503 2944 ⁰3¹⁰¹d⁵⁰r

277 2997 316 3041 ac
329 2974 466 3041 refracta
477 2978 547 3061 jam
560 2976 624 3056 lue,
640 2984 697 3042 aut
717 2977 754 3040 in
774 2976 868 3040 annis
882 2976 919 3039 in
934 2976 1051 3059 quibus
1071 2998 1138 3039 non
1151 2976 1262 3040 existit
1276 2998 1377 3061 popu·
1390 2944 1434 3055 {ii
1440 2940 1534 2980 conen.

276 3080 363 3159 laris,
386 3075 554 3164 nunquam
578 3080 745 3145 observata
774 3086 834 3143 est.
879 3079 932 3143 Fit
956 3072 1054 3143 etiarn
1078 3100 1316 3162 nonnunquam
1339 3072 1378 3143 ut
1390 3070 1532 3185 ffiuffle

277 3170 422 3247 tumores
436 3190 657 3268 prorumpant,
673 3203 734 3247 nec
750 3182 852 3247 Febre
869 3178 930 3246 nec
945 3180 1089 3265 graviore
1108 3180 1217 3268 aliquo
1235 3178 1377 3267 symptc-
1391 3197 1468 3247 reare
1478 3208 1503 3247 et

277 3291 366 3349 mate
388 3305 590 3369 praegressc;
616 3306 801 3369 quanquam
824 3284 968 3369 suspicor
990 3284 1130 3367 rigorem
1154 3293 1187 3349 et
1211 3263 1530 3392 horroremffi'25fflp

276 3388 488 3453 leviusculum
522 3408 559 3451 ac
592 3384 701 3451 minus
730 3387 970 3471 perceptibilem
1005 3408 1130 3470 semper
1158 3389 1376 3471 praecessisse.
1391 3398 1483 3441 amsa

279 3488 407 3554 Quibus
431 3496 540 3553 cutem
562 3488 624 3554 hoc
647 3488 797 3572 obtingit,
822 3490 861 3554 iis
886 3488 1053 3573 integrum
1078 3497 1128 3554 est
1153 3510 1210 3576 per
1232 3472 1500 3583 publicam

276 3592 400 3676 plateas
422 3613 479 3676 pro
501 3590 615 3657 libituk
636 3591 856 3671 obambulare,
878 3614 915 3657 ac
937 3594 1123 3657 communia
1143 3593 1228 3658 vitae
1253 3590 1376 3673 munia,
1389 3584 1534 3698 {fflffim

278 3716 430 3759 sanorum
444 3691 542 3775 more,
556 3702 665 3778 spreta
679 3694 768 3783 omni
782 3695 948 3777 regiminis
963 3716 1050 3775 cura,
1065 3695 1164 3760 obire.
1285 3694 1288 3697 ’
1513 3686 1519 3698 ’

326 3797 387 3881 [9.]
415 3797 588 3861 (lectenrm
617 3797 702 3880 quod
735 3796 776 3861 ad
805 3797 909 3862 morbi
942 3794 1116 3862 essentiam
1145 3795 1280 3883 spectat,
1305 3821 1376 3864 eam
1390 3808 1534 3884 Morbqrum

277 3900 444 3964 enucleate
459 3896 592 3963 definire
613 3899 649 3963 in
670 3922 722 3963 me
742 3920 811 3963 uon
834 3900 984 3983 suscipio.
1029 3900 1101 3965 Nec
1121 3896 1257 3966 fortasse
1273 3880 1529 3997 homi-„²⁸,⁸,{,¹},{¹,⁸‘,c

276 4002 373 4067 nibus
388 4001 620 4066 cordation'bus
639 4022 707 4065 rem
727 4002 834 4065 minus
854 3999 1074 4085 importunam
1096 4002 1151 4065 ille
1170 4003 1274 4066 facere
1289 4002 1374 4065 vide-
1387 4000 1532 4075 animalium

275 4098 374 4184 bitur,
396 4106 452 4189 qui
471 4126 491 4167 a
509 4124 562 4168 me
581 4104 752 4188 postularit
772 4104 850 4187 quid
869 4104 954 4167 hanc
974 4102 1034 4168 aut
1053 4104 1142 4167 illam
1162 4104 1374 4186 aegritudinis
1387 4072 1531 4176 iffi&

276 4208 414 4291 speciem
425 4207 612 4285 constituat,
624 4228 720 4291 quarn
733 4207 1063 4289 egoetiamfccerem,
1075 4205 1102 4268 si
1114 4204 1221 4268 abillo
1235 4204 1323 4267 idem
1334 4206 1375 4268 de

276 4304 359 4393 equo
373 4304 473 4392 (verbi
487 4310 605 4391 causa)
618 4309 705 4373 inter
716 4307 876 4387 animalia,
888 4308 938 4371 vel
950 4308 990 4371 de
1002 4306 1151 4369 betonica
1158 4305 1245 4369 inter
1259 4306 1374 4389 stirpes

274 4412 412 4476 vicissim
428 4410 615 4474 sciscitarer.
660 4411 826 4474 Nimirum
846 4408 1031 4473 certissimis
1050 4407 1171 4490 ubique
1184 4406 1321 4490 legibus,
1337 4404 1375 4471 ac

275 4513 412 4577 artificio
441 4511 503 4575 sibi
536 4512 595 4575 soli
628 4512 803 4591 intellecto,
833 4532 942 4575 rerum
976 4508 1123 4585 omnium
1152 4506 1375 4593 generationes

275 4614 406 4679 Natura
424 4634 540 4697 parens
560 4610 729 4697 exequitur
739 4642 749 4694 3
772 4634 917 4698 quaeque
936 4612 1063 4694 uspiam
1082 4632 1101 4675 e
1120 4609 1289 4677 causarum
1304 4610 1375 4695 g're-

309 4772 315 4804 ¹
332 4774 396 4822 Vide
409 4772 534 4831 Galluzzi,
550 4775 617 4822 nar.
632 4776 671 4823 del
688 4776 804 4825 Grandae.
881 4773 894 4807 ²
911 4768 993 4831 libita]
1004 4768 1044 4816 Sic
1054 4769 1121 4834 Syd,
1129 4770 1218 4820 melius
1226 4770 1278 4819 cdd
1287 4776 1375 4818 recent.

277 4842 303 4886 di
319 4840 421 4886 Terram
433 4836 471 4898 810.
482 4836 520 4885 vll.
534 4838 556 4885 6.
569 4844 584 4885 t.
598 4836 629 4885 iv.
641 4853 664 4901 p.
678 4840 731 4887 122.
849 4836 928 4883 tubiro.
