3825 5759
460 670 856 736 OBSERVA'PIONUM
879 671 1164 735 MEDICARUM
1188 687 1219 738 v.
1238 691 1263 738 4.
1350 674 1415 736 223

315 831 450 898 Variolis
473 832 719 896 Confluentibus
740 832 897 911 laborant,
921 854 960 896 eo
980 834 1150 918 praecipue
1174 842 1331 918 urgentur
1352 835 1414 898 dia.
1428 842 1570 895 varmum

313 936 455 1016 crimine,
472 937 561 1021 quod
580 937 677 999 saliva
691 935 741 998 his
760 935 872 1000 diebus
891 936 1040 1000 viscidior
1058 938 1185 1002 reddita
1197 938 1306 1002 fauces
1323 960 1414 1022 prae·
1427 907 1569 1023 ffl‘ss

312 1040 429 1118 cludat,
453 1039 507 1102 cui
529 1038 660 1124 quidem
683 1037 890 1122 symptomati
914 1038 976 1102 hoc
1000 1039 1037 1102 in
1058 1061 1135 1103 casu
1156 1041 1323 1104 diarrhoea
1344 1062 1415 1105 suc·
1428 1039 1570 1120 Q

311 1141 418 1220 currit,
440 1162 526 1226 quaa
547 1141 598 1206 vel
620 1149 734 1224 sponte
756 1161 815 1204 sua
837 1141 972 1220 desinet,
992 1143 1044 1206 vel
1065 1144 1188 1222 saltem,
1208 1145 1266 1208 ubi
1287 1145 1415 1209 nullum

311 1246 447 1328 amplius
462 1267 483 1308 a
497 1244 636 1308 Variolis
650 1245 829 1328 periculum
849 1253 907 1323 est,
923 1247 1006 1311 lacte
1021 1255 1054 1311 et
1069 1270 1154 1334 aqua
1172 1250 1275 1314 mistis
1294 1259 1326 1314 et
1340 1273 1414 1314 nar-

310 1349 409 1413 ootico
425 1348 600 1432 assumptis
614 1348 706 1412 facile
721 1357 950 1432 compescetur.

356 1454 416 1537 [9.]
445 1454 557 1536 Aegro
578 1452 708 1516 interim
730 1452 765 1516 in
787 1453 871 1516 lecto
889 1454 1022 1537 jacenti,
1040 1454 1173 1519 inclusis
1195 1479 1322 1541 quoque
1341 1459 1414 1524 bra-

308 1553 396 1633 chiis,
420 1555 568 1637 stragula
590 1561 717 1637 praeter
739 1555 833 1620 solita
858 1555 953 1640 adjici
977 1577 1045 1619 non
1070 1557 1234 1640 patiebar;
1270 1563 1415 1626 concessi

308 1657 403 1720 etiam
425 1665 467 1720 ut
483 1656 524 1720 ab
546 1657 608 1720 hac
622 1656 764 1722 inillam
783 1657 859 1722 lecti
878 1665 1005 1742 partem
1024 1679 1059 1722 se
1080 1681 1140 1742 pro
1155 1660 1287 1725 arbitrio
1308 1670 1413 1727 hans·

307 1763 411 1845 ferret,
431 1765 476 1828 ad
496 1765 629 1828 sudores
650 1765 812 1844 arcendos,
834 1765 870 1828 in
890 1785 969 1849 quos
988 1763 1237 1848 proclivissimus
1258 1772 1336 1843 erat,
1351 1765 1413 1830 hoc

307 1889 371 1933 non
401 1869 557 1934 obstante
585 1868 737 1933 remedio.
786 1869 807 1932 J
810 1869 928 1931 usculis
957 1866 1091 1931 interim
1121 1867 1286 1931 avenaceis
1316 1875 1413 1951 atque

307 1971 492 2036 hordeaceis
512 1969 689 2049 victitabat,
704 1992 941 2053 nonnunquam
961 1978 995 2034 et
1015 1990 1112 2053 pomo
1131 1977 1233 2034 cocto.
1278 1971 1412 2036 Ultimis

308 2073 429 2154 diebus,
453 2075 480 2138 si
500 2075 550 2137 vel
571 2073 739 2156 langueret
762 2094 866 2156 aeger,
887 2073 937 2136 vel
954 2078 1135 2156 aegrotaret
1155 2074 1329 2150 stomacho,
1344 2075 1412 2139 vini

307 2175 462 2242 Canarini
485 2176 661 2242 cochlearia
682 2175 747 2242 tria
770 2185 947 2259 quatuorve
970 2175 1102 2239 indulsi.
1148 2175 1315 2241 Haustum
1336 2200 1412 2244 vero

306 2280 531 2364 paregorienm
548 2281 617 2363 jam
633 2301 652 2342 a
667 2279 781 2361 quinto
802 2285 929 2342 sextove
948 2279 1000 2343 die
1021 2279 1157 2362 singulis
1171 2281 1311 2364 vesperis
1327 2289 1410 2345 tem-

306 2383 412 2464 porius
445 2381 683 2466 propinandum
709 2381 821 2446 adulto
847 2381 1039 2464 (infantibus
1064 2382 1158 2445 enim
1181 2405 1219 2448 eo
1244 2405 1312 2447 nou
1341 2392 1411 2449 erat

306 2487 405 2569 opus)
433 2484 631 2568 praescripsi,
662 2484 793 2548 laudaui
822 2484 937 2567 liquidi
969 2485 1088 2549 scilicet
1118 2493 1228 2568 guttas
1257 2494 1410 2569 quatuor-

307 2586 410 2652 decim
426 2589 462 2651 in
478 2609 579 2671 aquae
593 2587 708 2650 florum
722 2586 913 2671 paralyseos.

354 2691 439 2775 [10.]
468 2691 531 2754 Die
553 2688 677 2753 decimo
693 2696 807 2772 quarto
823 2710 956 2772 aegrum
977 2709 995 2753 e
1014 2689 1098 2753 lecto
1115 2711 1245 2772 surgere
1260 2691 1389 2773 permisi
1398 2718 1408 2770 ς

305 2791 457 2858 vicesimo
487 2793 591 2876 primo
621 2792 812 2875 sanguinem
842 2813 859 2855 e
888 2791 1020 2856 brachio
1049 2791 1252 2855 educendum
1280 2795 1407 2872 curavi,

305 2897 520 2961 catharticum
545 2895 660 2958 deinde
684 2895 725 2958 ad
748 2895 828 2959 duas
849 2894 899 2958 vel
924 2901 990 2956 tres
1010 2893 1094 2956 vices
1118 2893 1277 2970 exhibui3·
1291 2895 1407 2976 quibus

305 3000 444 3083 peractis
459 2999 547 3082 aegri
561 2999 658 3063 facies
673 2999 843 3063 coloratior
857 3017 895 3060 ac
909 2996 1012 3078 magis
1022 2995 1128 3060 vivida
1142 2996 1407 3079 conspiciebatur,

306 3123 404 3186 qnam
427 3103 549 3166 solebat
564 3123 676 3166 eorum
699 3123 778 3185 quos
798 3100 851 3164 hic
865 3097 999 3162 morbus
1015 3098 1063 3161 ita
1083 3099 1167 3162 male
1186 3098 1407 3165 mulctaverat.

306 3206 410 3283 Adde,
427 3206 513 3288 quod
527 3203 698 3269 methodus
718 3202 850 3268 laudata
864 3201 916 3265 vix
930 3202 1054 3285 patitur
1072 3200 1187 3265 faciem
1206 3201 1407 3268 cicatricibus

306 3307 481 3392 deturpari,
498 3329 579 3390 quae
601 3306 641 3370 ab
656 3305 847 3370 humoribus
864 3304 976 3369 calidis
993 3304 1196 3387 efferatisque
1214 3307 1406 3388 proveniunt

307 3411 483 3474 cuticulam
497 3407 697 3473 rodentibus.

354 3513 438 3597 [lh]
467 3513 528 3576 Die
558 3511 639 3574 Julii
667 3511 720 3588 26,
753 3510 848 3587 1675,
877 3509 926 3572 vir
954 3507 1072 3572 nobilis
1100 3509 1244 3592 mihique
1274 3513 1405 3591 amicus,

307 3617 381 3679 ΒΜ·
401 3615 510 3694 Elliot,
527 3615 609 3696 Regi
632 3635 652 3676 a
672 3612 830 3690 cubiculo,
847 3611 1060 3674 domesticum
1079 3633 1098 3675 e
1119 3613 1185 3676 suis
1207 3633 1297 3678 meae
1312 3637 1406 3680 curae

305 3719 476 3797 commisit,
496 3718 564 3782 fera
582 3717 644 3780 hac
663 3715 868 3778 Variolarum
891 3713 1129 3778 Confluentinm
1149 3715 1316 3797 nigrarum
1336 3740 1405 3802 spe.

306 3821 353 3886 cie
380 3821 564 3906 propediem
593 3818 824 3882 laboraturum.
870 3815 1023 3880 Habebat
1048 3817 1077 3880 is
1102 3839 1204 3881 annos
1229 3820 1406 3887 octodecim

306 3927 440 4004 circiter,
461 3931 716 4009 temperamento
736 3929 807 3986 erat
822 3921 997 3985 admodum
1017 3921 1202 4005 sanguineo,
1218 3931 1251 3986 et
1269 3925 1305 3987 in
1318 3926 1407 3990 hunc

305 4029 455 4092 morbum
481 4027 624 4091 animia
649 4024 885 4109 compotatione
910 4045 1022 4088 recens
1045 4024 1212 4087 inciderat.
1256 4026 1405 4091 Conflue-

305 4130 385 4194 bant
404 4131 553 4214 pustulae
573 4129 719 4193 densiore
739 4127 867 4210 agmine
892 4147 990 4210 quam
1010 4127 1088 4189 alias
1102 4125 1167 4189 vidi
1189 4148 1343 4209 unquam,
1359 4130 1406 4194 ita

305 4241 342 4296 ut
358 4233 449 4297 nulla
462 4233 528 4297 fere
547 4233 634 4296 inter
656 4251 709 4294 eas
724 4229 929 4311 intercapedo
947 4228 1147 4311 linqueretur
1168 4249 1233 4311 qua
1250 4229 1406 4313 distingui

305 4341 445 4417 possent.
492 4333 639 4398 Remedii
660 4332 758 4415 hujus
780 4328 1038 4416 δραστικωτάτου
1055 4333 1193 4396 confisus
1208 4331 1337 4428 viribus,
1352 4355 1404 4398 ve·

304 4457 382 4500 nam
400 4437 510 4500 nullus
532 4436 627 4514 secui,
643 4435 718 4499 licet
732 4441 861 4517 tempus
881 4455 944 4517 quo
967 4435 1150 4499 accersebat
1167 4434 1202 4498 id
1223 4434 1305 4498 mihi
1325 4436 1403 4501 libe-

304 4559 376 4602 rum
390 4539 519 4618 faceret,
535 4547 632 4622 atque
647 4537 745 4602 etiam
764 4557 870 4602 secare
886 4536 1076 4615 debuissem,
1092 4559 1168 4602 cum
1186 4559 1207 4602 a
1222 4539 1325 4604 nimia
1338 4542 1405 4607 vini

305 4639 558 4724 ingurgitatione
572 4642 763 4705 invitaretur
777 4639 918 4704 morbus.
957 4641 1035 4704 Post
1050 4640 1252 4724 eruptionem
1266 4642 1402 4723 finitam,

305 4742 357 4807 die
377 4743 524 4817 videlicet
551 4743 665 4826 quinto
694 4743 744 4807 vel
773 4749 872 4822 sexto,
899 4743 1049 4826 spiritum
1077 4743 1196 4808 vitrioli
1216 4747 1252 4808 in
1272 4745 1403 4829 lagenas

306 4845 428 4931 aliquot
454 4845 603 4909 cerevisia
628 4847 719 4910 tenui
740 4847 878 4929 repletas
904 4847 987 4929 jussi
1009 4846 1170 4927 instillari,
1193 4855 1289 4932 atque
1314 4847 1402 4912 hunc
