3825 5759
538 618 604 679 414
850 617 1045 683 THOMAE
1069 618 1330 683 SYDENIIAM

393 792 435 841 Dr
448 793 516 843 Pon.
538 774 733 858 cupaverint,
750 797 815 841 non
831 784 907 841 ante
922 778 1009 841 diem
1026 778 1188 843 decimum
1202 786 1356 865 quartum
1369 786 1475 843 carna
1486 786 1646 844 movent:

416 872 496 905 ΛΟΜ.

384 928 524 995 n'e'ea—nre‘
538 878 642 960 primo
657 878 698 942 ad
713 880 792 943 haec
808 887 864 943 aut
879 882 1022 946 saciando
1039 889 1113 965 post
1128 884 1299 966 appulsum
1313 884 1376 961 die,
1391 904 1497 966 aeger,
1512 892 1646 966 praeter

383 1011 447 1058 di„
458 1014 525 1059 14¹·-
537 977 689 1057 dolorem,
709 981 881 1064 aliqualem
901 984 1001 1047 etiam
1018 984 1254 1067 aegritudinem
1273 984 1406 1068 patitur,
1424 992 1523 1067 atque
1543 984 1645 1049 simul

382 1083 522 1187 Jffifm'
536 1082 755 1147 omnimodam
770 1086 930 1167 appetitus
944 1087 1203 1169 prostrationem.

586 1184 646 1267 [8.]
675 1186 852 1265 Postremo,
868 1209 953 1267 cum,
970 1198 1145 1271 antequam
1164 1188 1287 1251 malum
1306 1208 1410 1270 usque
1429 1188 1510 1251 adeo
1529 1188 1642 1252 mern·

536 1286 662 1365 duerat,
678 1310 773 1371 aeger
788 1311 854 1355 non
869 1292 974 1354 solum
985 1291 1186 1373 long'oribus
1199 1291 1362 1354 fineretur
1374 1311 1642 1373 paroxysmornm

536 1392 723 1472 intervallis,
740 1393 909 1457 sedetiam
928 1394 1067 1458 durante
1085 1395 1147 1458 ista
1161 1394 1399 1457 intermissione
1416 1400 1504 1457 recte
1518 1395 1641 1458 valeret

535 1500 605 1557 tam
619 1494 755 1558 artubus
766 1516 864 1579 quam
878 1496 1001 1579 reliquo
1015 1518 1156 1580 corpore,
1168 1494 1376 1560 facultatibus
1390 1495 1527 1578 singulis
1542 1506 1641 1561 netu·

382 1600 413 1650 ln
424 1601 500 1651 inter·
535 1597 656 1661 ralibus
675 1598 779 1663 officio
798 1620 856 1664 ruo
875 1599 984 1664 debite
1000 1599 1213 1683 lirngentibus
1221 1626 1232 1677 3
1255 1601 1325 1683 jam
1344 1606 1434 1662 artus
1451 1598 1553 1662 habet
1570 1600 1641 1664 iere

380 1666 524 1717 vallisartus

382 1738 509 1781 suntcon-
535 1702 742 1786 undiqueque
767 1710 947 1767 contractos
977 1711 1074 1786 atque
1102 1702 1284 1786 impeditos,
1309 1701 1357 1765 ita
1384 1707 1433 1780 nt,
1459 1702 1640 1783 quamlibet

382 1797 460 1845 Μ
535 1812 621 1868 stare
635 1805 745 1888 possit,
758 1805 841 1869 forte
856 1806 954 1870 etiem
966 1804 1197 1888 aliquantisper
1210 1801 1392 1887 procedere,
1403 1822 1515 1885 gressu
1525 1808 1637 1866 nmen

535 1914 583 1978 ita
596 1914 797 1977 claudicante
813 1936 849 1979 ac
864 1915 1058 1998 permolesto
1072 1912 1223 1997 prorepit,
1235 1917 1274 1973 nt
1288 1911 1388 1974 etiam
1401 1930 1478 1972 cnm
1492 1908 1638 1973 ambulet

383 2018 483 2095 Quanto
535 2016 698 2098 quiescere
712 2016 876 2095 videatur3
900 2023 943 2095 et,
959 2017 987 2080 si
1001 2017 1089 2080 ultra
1102 2016 1185 2078 vires
1199 2013 1364 2078 ambulare
1380 2010 1559 2095 perstiterit
1573 2033 1639 2095 qno

382 2098 521 2209 Ἠῶ
535 2118 670 2201 pedibus
692 2119 811 2181 rectius
830 2119 945 2197 valeat,
967 2126 1090 2201 quanto
1111 2116 1214 2199 magis
1235 2115 1321 2199 ipsos
1341 2113 1538 2178 ambsdando
1560 2134 1638 2178 oon-

381 2210 513 2325 illiniri
535 2220 642 2282 firmat
672 2227 705 2283 et
731 2220 832 2283 dolori
862 2221 1050 2304 excipiendo
1079 2219 1187 2283 minus
1216 2218 1370 2281 obnoxios
1398 2215 1517 2293 reddit,
1541 2222 1638 2280 tento

381 2348 513 2389 senonen.
535 2320 639 2385 morbi
665 2322 775 2401 lomes,
796 2344 965 2406 nunqnam
987 2344 1045 2406 per
1066 2323 1128 2385 hoe
1153 2342 1249 2385 omne
1270 2318 1475 2383 intervallum
1494 2318 1638 2401 perfecte

380 2403 521 2529 ffl‘gglgg„
535 2420 716 2505 dissipatus,
732 2422 905 2487 amanus
923 2424 1131 2507 pascuosam
1150 2422 1310 2499 imminet,
1325 2442 1400 2484 cum
1418 2421 1455 2483 in
1471 2420 1571 2503 pere
1589 2420 1638 2483 aa

378 2536 499 2583 armorui
534 2523 634 2589 libere
652 2532 793 2609 nequeat
812 2526 946 2605 effundi,
970 2527 1026 2609 qui
1047 2526 1108 2589 hoc
1128 2524 1233 2588 morbi
1251 2531 1395 2607 tempore
1413 2523 1468 2585 vix
1489 2544 1636 2606 unquam

380 2594 521 2712 {qqpqpia
535 2627 652 2693 doloris
682 2636 759 2693 sunt
788 2638 943 2714 expertes,
966 2629 1024 2694 aed
1048 2629 1230 2693 sensatione
1259 2628 1367 2711 aliqua
1390 2628 1463 2711 plut
1487 2627 1636 2690 minum
1737 2689 1738 2692 ,

380 2724 499 2780 immines
534 2733 670 2797 molesta
694 2741 850 2817 perpetuo
878 2740 1059 2797 tentantur.
1109 2731 1170 2815 [9.]
1206 2731 1396 2797 Quinetiam
1423 2730 1533 2794 multss
1561 2729 1634 2791 ⁸15⁸

381 2806 504 2923 {mm
534 2836 757 2919 symptomatis
772 2836 944 2901 infestatur
962 2856 1067 2919 aeger,
1083 2842 1122 2898 ut
1136 2856 1291 2897 venarum
1308 2831 1632 2897 haemorrhoidalinm

379 2935 522 3052 qugqlppm
534 2936 652 3016 dolore,
672 2946 768 3003 ructu
787 2939 937 3003 nidoroso
964 2940 1027 3003 cibi
1045 2939 1114 3023 jam
1135 2937 1324 3001 manducati
1345 2944 1380 3001 et
1400 2937 1437 2999 in
1456 2934 1633 2999 ventriculo

378 3068 407 3111 tu
418 3066 514 3117 nidoro-
533 3043 746 3123 putreseentis
762 3050 894 3125 gustum
913 3044 1081 3120 referente,
1097 3040 1223 3124 quoties
1237 3040 1287 3103 vel
1301 3038 1423 3123 aliquid
1437 3060 1456 3102 e
1470 3038 1633 3121 dyspeptis

379 3142 419 3240 ἓξ
427 3134 520 3257 w·
533 3143 749 3225 assumpserit,
761 3144 811 3205 vel
826 3165 896 3206 eam
911 3151 1042 3207 tantum
1053 3142 1117 3206 eibi
1128 3142 1345 3226 quantitatem
1359 3162 1441 3224 quae
1455 3136 1534 3203 sario
1545 3161 1631 3204 com-

379 3258 520 3309 aaronem.
533 3242 624 3325 petit.
669 3244 843 3325 Appetitin
865 3244 1009 3326 languet,
1030 3244 1080 3307 nti
1102 3252 1135 3308 et
1157 3251 1264 3307 totum
1288 3264 1411 3327 eorpus,
1427 3264 1504 3326 prae
1524 3243 1633 3327 inopia

380 3320 501 3435 {m
533 3345 714 3426 spintuum.
760 3346 908 3428 Denique
925 3347 998 3410 ideo
1017 3354 1148 3411 aarum
1166 3348 1244 3411 vivit
1261 3354 1299 3410 ut
1317 3347 1521 3410 mmmm
1540 3346 1583 3409 sit
1599 3353 1632 3411 et

378 3448 428 3497 lam
441 3451 497 3499 imi-
531 3444 638 3521 miser,
654 3464 722 3507 non
740 3452 777 3507 ut
793 3446 875 3509 vitae
893 3446 1063 3511 dulcedine
1077 3449 1128 3512 vel
1145 3450 1317 3513 minimum
1335 3449 1472 3513 fruatur.
1517 3448 1629 3526 Urius,

378 3519 513 3628 {fffflg
528 3564 630 3626 quam
646 3546 735 3628 prius
749 3546 981 3626 coloratiorem,
1000 3550 1139 3613 maxime
1155 3550 1190 3612 in
1209 3550 1416 3634 paroxysmis,
1432 3556 1466 3613 et
1480 3549 1516 3612 in
1531 3570 1631 3632 penca

376 3644 503 3755 332¹qu
533 3645 712 3727 quantitate
738 3646 860 3711 solebat
885 3649 1028 3727 reddere,
1051 3652 1121 3734 jam
1145 3651 1235 3713 illam
1259 3658 1328 3715 tam
1357 3652 1461 3715 colore
1486 3651 1631 3715 imitatur

380 3771 520 3820 numeriae.
533 3768 630 3829 quam
655 3748 746 3831 copia
772 3770 852 3831 quae
877 3751 913 3814 in
936 3752 1063 3816 diabete
1088 3754 1280 3817 excernitur.
1325 3754 1468 3818 Dorsum
1489 3754 1629 3837 aliaeque

379 3844 519 3947 ffliff²⁸
531 3856 638 3931 partes
653 3851 786 3915 moleste
801 3853 963 3935 pruriunt,
978 3853 1117 3917 maxime
1132 3854 1192 3917 sub
1207 3854 1320 3917 horam
1334 3854 1448 3918 somni.

376 3964 496 4025 pariana
581 3951 663 4037 [10.]
692 3954 732 4017 Id
747 3954 845 4018 etiam
859 3955 895 4019 in
910 3956 971 4020 hoe
985 3956 1107 4034 morbo,
1120 3957 1246 4037 quoties
1257 3957 1326 4040 jam
1341 3956 1558 4021 confirmatior
1572 3962 1628 4034 eat,

388 4054 391 4063 '
530 4053 725 4121 incommodi
741 4056 865 4137 accidit,
883 4059 968 4141 qnod
988 4058 1029 4123 ab
1045 4058 1244 4136 oscitatione,
1259 4058 1417 4141 imprimis
1435 4080 1512 4124 vero
1525 4064 1628 4122 matu·

530 4158 610 4238 tine,
633 4160 810 4243 ligamenta
834 4160 953 4224 ossium
980 4161 1146 4225 metetarsi
1167 4160 1374 4225 vehementer
1397 4161 1627 4240 convelluntur,

378 4230 519 4349 ,222¹ss
531 4284 605 4327 cum
627 4284 725 4327 sensu
747 4263 837 4346 quasi
858 4264 1083 4329 cometationis
1102 4265 1153 4329 vel
1175 4265 1419 4347 compressionis
1439 4266 1628 4329 sneisane

377 4360 521 4491 {2¹:ng
532 4396 552 4437 a
570 4396 670 4439 manu
687 4373 800 4437 valida.
847 4374 1050 4459 Quandoque
1069 4375 1168 4439 etiam
1187 4375 1278 4438 nulla
1296 4377 1485 4440 oscitatione
1504 4394 1628 4459 praeoe-

378 4490 413 4536 mi
425 4491 450 4537 in
466 4500 519 4541 ten-
531 4476 639 4557 dente,
662 4498 758 4561 aeger
776 4478 844 4561 jam
867 4500 901 4543 se
923 4500 1037 4544 somno
1058 4480 1265 4544 committens
1286 4480 1389 4543 ictum
1411 4480 1504 4563 qnasi
1524 4478 1628 4542 clarae

378 4553 502 4667 ξζζξζῗο
530 4584 740 4641 metatarsum
763 4580 997 4664 confringentis
1019 4582 1192 4664 derepente
1213 4582 1426 4665 persentiscit,
1446 4582 1535 4646 unde
1556 4602 1627 4645 mam

377 4678 653 4761 rustitiaejulatu
682 4682 920 4765 expergiscitur.
976 4684 1138 4747 Tendines
1170 4685 1391 4748 musculorum
1420 4706 1502 4768 quae
1534 4683 1627 4747 tibias

376 4754 518 4863 ww
530 4783 720 4850 suffulciunt
743 4786 880 4851 subinde
898 4808 1025 4870 spasmo
1042 4787 1260 4871 corripiuntur
1276 4789 1323 4852 ita
1343 4788 1409 4853 aeri
1428 4796 1462 4852 et
1480 4788 1626 4866 ricboto,
