3825 5759
535 585 601 650 ets
849 577 1045 644 'I'HOMAB
1068 577 1328 642 SYDENHAM

384 768 427 818 ns
440 767 523 814 vin.
536 765 604 810 nou
624 741 687 807 nisi
706 747 779 825 post
801 739 930 824 aliquod
949 761 971 804 a
991 739 1044 804 die
1062 738 1160 804 tertio
1178 737 1332 821 temporis
1353 739 1500 822 spatium
1520 761 1568 804 se
1588 763 1673 806 exe

383 833 525 946 οξίζξξξ·
536 853 620 916 rant.
665 845 802 928 Eruptio
817 851 927 908 eutem
940 850 980 908 ut
999 842 1175 925 plurimum
1192 842 1230 906 in
1244 842 1331 906 diem
1343 842 1481 907 tatium
1496 844 1545 908 eb
1564 846 1672 910 insa·

385 967 525 1035 “52'OE
537 951 626 1018 aione
637 947 749 1012 incidit
757 972 768 1024 ;
786 953 820 1012 et
834 952 872 1010 ut
886 946 1074 1028 plurimum,
1086 943 1143 1026 qui
1155 945 1305 1027 (exempli
1318 945 1446 1028 gratim)
1460 945 1517 1010 die
1528 948 1668 1014 Lunae

383 1003 507 1128 iiiam
537 1049 782 1118 confluentibus
797 1049 936 1114 Variolis
955 1048 1097 1132 primum
1110 1045 1256 1112 laborare
1274 1048 1398 1131 incipit,
1413 1049 1467 1112 die
1482 1050 1666 1115 Memmii

383 1117 512 1244 ppnetmm
536 1153 684 1240 sequenti
705 1153 909 1236 pustulamm
929 1150 1085 1235 primitias
1106 1150 1144 1214 in
1164 1157 1240 1216 cute
1260 1172 1388 1216 summa
1408 1152 1663 1235 deprehendet,
1725 1206 1726 1221 ,

537 1267 570 1326 et
586 1258 674 1324 Jovis
689 1257 757 1322 dies
772 1254 812 1320 ab
829 1255 886 1320 ilio
901 1254 953 1320 die
969 1254 1083 1318 Lunae
1097 1254 1268 1332 secundus,
1282 1254 1478 1320 undecimus
1497 1257 1560 1321 ille
1577 1261 1661 1336 erit,

536 1361 669 1446 perimdi
682 1359 895 1444 plenissimus,
910 1357 975 1422 nisi
988 1357 1216 1439 interposuerit
1230 1378 1265 1420 se
1279 1357 1438 1422 Medione

385 1486 476 1534 Omnis
585 1463 669 1548 [ts]
697 1463 806 1545 Atque
820 1461 874 1524 hic
892 1460 1011 1524 iterum
1024 1466 1145 1542 repeto,
1160 1459 1361 1524 theoremata
1373 1460 1454 1524 boec
1473 1463 1597 1526 omnia
1611 1465 1657 1526 ad

383 1550 520 1665 ffl‘d
538 1567 746 1632 Confluentes
766 1569 896 1628 tantum
915 1562 1062 1627 vnum
1082 1561 1194 1626 more
1214 1561 1341 1640 senem,
1359 1584 1442 1646 quae
1462 1564 1500 1627 in
1522 1587 1656 1648 gem

385 1681 517 1729 Confluen-
538 1669 701 1736 Distincto
724 1667 850 1730 nullum
872 1686 1003 1748 prorsus
1023 1686 1121 1728 usum
1142 1663 1275 1742 habeut,
1296 1686 1359 1730 nec
1380 1665 1422 1730 ab
1445 1667 1505 1730 illo
1528 1689 1652 1752 expos-

383 1753 524 1876 {ffiff
538 1781 666 1838 eunus.
708 1771 752 1836 nt
766 1777 835 1834 um
850 1769 910 1832 uu
926 1789 1024 1852 quun
1037 1767 1109 1832 uin
1121 1767 1305 1851 imponunt,
1320 1769 1377 1851 qui
1390 1769 1549 1834 attollunt
1565 1774 1651 1836 mu

536 1881 587 1940 tas
602 1873 728 1957 quoties
742 1892 796 1936 eos
816 1871 998 1934 sanaverint
1013 1870 1130 1953 quibus
1144 1870 1372 1934 exanthemata
1384 1893 1524 1937 numero
1537 1896 1651 1956 pauca
1725 1940 1726 1963 2

538 1997 638 2058 eaque
652 1973 858 2040 interstincta
872 1973 1123 2038 efflorescebuut.
1169 1971 1204 2036 Si
1217 1981 1345 2038 tentare
1363 1973 1464 2038 libeat
1478 1985 1646 2058 quantum
1725 2000 1726 2029 1

537 2076 572 2140 in
587 2077 668 2140 Arte
687 2075 826 2152 valeant,
841 2075 876 2138 in
891 2075 1033 2140 Veriolis
1051 2075 1299 2140 confluentibus
1315 2076 1398 2140 sires
1419 2079 1645 2161 experiantur,

537 2177 676 2244 maxime
699 2176 825 2260 quoties
848 2177 899 2242 vel
923 2177 1075 2242 florentes
1096 2185 1212 2254 aetate,
1234 2179 1285 2242 vel
1305 2199 1361 2242 eos
1385 2179 1443 2262 qui
1466 2181 1646 2246 immodica

537 2279 603 2344 vini
617 2279 869 2363 ingurgitatione
884 2280 1021 2344 nimium
1035 2279 1236 2357 incaluerint,
1250 2280 1305 2344 bic
1320 2281 1454 2346 morbus
1466 2283 1643 2362 invaserit,

536 2403 589 2460 nc,
604 2382 640 2448 in
659 2382 831 2448 levioribus
851 2381 1028 2460 exercitati,
1043 2382 1091 2446 its
1103 2389 1174 2446 toto
1192 2383 1282 2447 coelo
1304 2383 1465 2462 abmoent,
1478 2394 1518 2451 nt
1532 2409 1569 2451 se
1587 2410 1642 2453 eos

537 2505 676 2552 masse
690 2485 885 2563 existiment,
901 2505 981 2568 quos
995 2485 1057 2567 ipsi
1070 2484 1237 2548 adstames
1250 2505 1319 2548 nou
1333 2487 1520 2552 occiderint.

586 2589 670 2674 [te]
691 2589 815 2654 Verum
831 2587 1157 2653 Dissertatiuuculam
1174 2586 1298 2652 baneoe
1317 2610 1385 2652 non
1403 2591 1493 2673 prius
1514 2593 1637 2672 tiniam,

537 2713 635 2776 qnam
654 2691 712 2758 ubi
730 2693 871 2758 retulero
892 2711 975 2775 quae
994 2690 1086 2768 mihi,
1106 2689 1187 2754 dnm
1204 2689 1285 2754 haee
1301 2691 1484 2772 ambesa,
1504 2717 1565 2760 suo
1583 2718 1638 2760 ore

537 2797 679 2862 camut
708 2796 919 2862 mnicissimus
944 2793 1019 2858 Dm·
1043 2793 1177 2858 Carolus
1202 2793 1349 2871 Geodail,
1371 2795 1477 2875 Mu,
1503 2799 1636 2882 collegii

536 2899 740 2966 Medicorum
772 2898 893 2978 Socius,
919 2905 1017 2980 atque
1045 2896 1345 2979 impraesentiarum
1371 2897 1513 2964 Censor:
1551 2903 1635 2985 quod

537 3003 616 3068 mihi
639 3003 712 3068 ideo
733 3001 917 3066 iaciendum
940 2999 1027 3078 duxi,
1051 3019 1116 3082 quo
1136 2998 1253 3062 melius
1275 2999 1315 3062 iis
1337 3000 1437 3065 fidem
1458 3005 1634 3083 concilim,

536 3112 701 3188 quactum
716 3103 863 3181 hic,tnm
879 3100 1064 3180 alibi,etde
1078 3100 1634 3189 petecbiiaetdemictusanguineo

536 3207 703 3283 affirmavi3
718 3211 894 3287 utrumque
904 3225 1020 3287 nempe
1029 3204 1092 3269 hoc
1102 3213 1294 3288 symptoms,
1305 3208 1431 3289 quoties
1440 3211 1544 3274 acutis
1551 3233 1633 3275 mor·

535 3313 585 3378 bis
595 3313 728 3389 accedit,
738 3312 885 3376 atrociori
896 3313 1064 3396 sanguinis
1072 3313 1320 3379 inflammationi
1328 3317 1462 3382 omnino
1469 3318 1632 3400 deberi,sc

536 3413 671 3498 proinde
681 3413 1052 3496 refrigerentiaindicare
1062 3415 1215 3480 remedia
1247 3419 1349 3483 Casus
1359 3421 1406 3484 ita
1416 3424 1574 3489 sebsbnit
1582 3453 1631 3490 :-

412 3539 432 3584 ε,
471 3539 477 3550 ’
590 3518 672 3600 [50.]
705 3517 868 3580 “Juveuis
902 3539 1062 3582 annornm
1090 3520 1182 3601 quasi
1210 3523 1325 3606 vigniti
1357 3533 1492 3608 septem,
1520 3529 1630 3593 babitu

384 3603 431 3649 ⁵⁸¹³
467 3603 524 3713 5⁰¹1„
537 3619 676 3702 corporis
696 3627 879 3696 extenuato,
899 3627 932 3682 et
955 3619 1059 3682 calido
1078 3627 1335 3704 temperamento
1354 3626 1530 3707 praeditus,
1546 3630 1629 3694 febre

383 3745 398 3777 ι
446 3795 452 3804 ,
496 3731 526 3778 ii·
539 3722 676 3785 violemn
696 3729 730 3784 et
749 3721 904 3784 continua
924 3727 1090 3803 correptus
1110 3729 1160 3784 est
1180 3744 1294 3788 mense
1311 3726 1422 3806 Junio,
1436 3750 1525 3793 anno
1540 3733 1627 3794 1681.

383 3809 517 3905 „2¹¹¹ss
538 3823 667 3904 Lingus
689 3829 758 3886 erat
784 3822 868 3885 sicca
892 3829 925 3886 et
951 3821 1072 3900 ambre,
1098 3823 1169 3887 sitis
1191 3827 1374 3908 vehemens,
1396 3833 1510 3915 pulsus
1531 3835 1626 3906 celer:

432 3923 437 3931 ’
456 3922 461 3932 ’
537 3924 628 3988 dolor
637 3925 802 4007 regionem
816 3925 920 3988 cordis
931 3925 1109 3991 scrobiculo
1116 3929 1254 3994 vicinam
1269 3933 1492 4015 dumuciabst,
1504 3938 1625 4002 dorsum

536 4045 611 4088 vero
624 4025 792 4108 imprimis,
802 4026 838 4090 in
850 4047 913 4110 quo
923 4028 1047 4112 jugiter
1056 4029 1257 4097 desaeviebat
1265 4061 1275 4112 ;
1295 4038 1487 4120 sangninem
1498 4041 1624 4104 subinde

535 4123 693 4202 meiebst3
715 4133 788 4188 tum
813 4135 846 4190 et
871 4129 1037 4211 petechiae
1059 4132 1174 4196 eoloris
1198 4136 1340 4200 subfusci
1362 4140 1492 4219 collum,
1510 4151 1622 4226 pectus,

534 4237 567 4292 et
587 4249 709 4313 carpos,
730 4229 829 4296 dense
846 4231 1041 4298 insidebant.
1086 4237 1149 4300 Die
1170 4247 1261 4303 serto
1281 4244 1454 4307 accersitm
1475 4247 1621 4324 Medicus,

534 4337 567 4392 et
589 4349 723 4414 aegrum
741 4330 782 4396 de
800 4332 866 4396 vita
883 4336 1056 4417 periclitari
1073 4360 1094 4400 a
1110 4339 1211 4404 nimis
1231 4343 1345 4406 minae
1366 4348 1621 4429 sanguinolentae

533 4437 715 4502 excretione
734 4440 943 4522 comperiens,
963 4441 1176 4506 indicationes
1197 4447 1356 4512 curatisas
1378 4449 1421 4512 ad
1444 4453 1621 4534 sanguinem

532 4537 789 4620 refrigerendum
807 4541 1127 4628 incr-assandumque,
1146 4553 1218 4610 tum
1237 4549 1337 4613 etiam
1355 4551 1398 4614 sd
1412 4575 1560 4619 vasorum
1578 4579 1619 4620 oe

532 4637 614 4712 tilla,
630 4662 713 4722 quae
732 4643 766 4704 in
789 4644 920 4707 renibus
943 4646 1084 4709 relaxata
1105 4647 1323 4730 debiscebsnt,
1345 4654 1538 4734 obturando,
1556 4659 1619 4722 alifi.

532 4739 654 4819 gendss
668 4745 830 4808 censebat.
