3825 5759
529 610 594 673 572
836 606 1033 671 ΤΗΟΜΑΕ
1063 604 1324 670 SYDENHAM

384 780 426 828 ne
441 780 515 828 ora·
576 766 611 829 Si
625 765 675 829 his
690 764 840 830 remediis
859 766 994 829 affectus
1012 764 1101 829 haud
1120 764 1224 845 cedat,
1238 772 1407 848 repetatur
1421 774 1672 837 venae-soets'o

378 859 519 928 Q
531 870 630 933 cernel
644 869 694 932 vel
708 868 769 948 bis,
787 868 967 952 (praecipue
982 868 1009 931 ai
1024 868 1155 951 sanguis
1169 868 1357 953 pleuriticus
1373 874 1616 959 apparuerit)
1635 884 1672 939 ut

531 972 629 1037 etiam
644 972 810 1035 catharsis.

573 1074 748 1139 Abstineat
763 1072 804 1138 ab
818 1095 881 1137 usu
894 1073 962 1137 vini
980 1080 1012 1138 et
1028 1074 1166 1158 cujusvis
1186 1072 1318 1157 liquoris
1334 1077 1506 1157 generosi,
1528 1078 1579 1143 ab
1603 1102 1671 1143 usu

531 1177 630 1241 etiam
644 1176 789 1241 ciborum
799 1184 894 1241 coctu
905 1176 1083 1241 difficilium
1097 1184 1130 1240 et
1146 1177 1211 1240 soie
1226 1176 1454 1257 conditorum
1482 1187 1520 1243 et
1541 1182 1673 1246 diebus

530 1279 618 1342 inter
630 1279 839 1363 purgationes
853 1278 944 1344 bibat
960 1280 1169 1365 hydrogulam
1183 1286 1318 1345 coctam.

574 1382 675 1461 Nota,
690 1382 777 1466 quod
798 1403 892 1466 saepe
914 1383 1040 1462 accidit,
1060 1382 1147 1466 quod
1164 1381 1416 1446 venae-sectioni
1440 1390 1478 1447 et
1504 1386 1671 1452 cathani
1743 1418 1744 1447 r

531 1494 698 1570 utcunque
716 1486 862 1570 repetitis
877 1486 1088 1569 ophthalmia
1110 1507 1178 1549 non
1192 1484 1276 1550 cedit
1285 1510 1295 1563 3
1318 1484 1432 1549 hocin
1454 1508 1547 1553 casu
1564 1513 1670 1574 pare-
1743 1496 1744 1533 ³

532 1589 677 1672 goricum
699 1610 738 1653 ex
760 1590 870 1675 syrupi
892 1588 933 1654 de
951 1588 1098 1655 meconio
1123 1590 1221 1653 uncia
1241 1610 1308 1652 una
1327 1586 1468 1671 singulis
1491 1595 1670 1660 noctibus

450 1718 454 1727 ·
533 1692 712 1757 exhibitum
726 1692 926 1758 curationem
940 1691 1010 1757 aine
1025 1692 1162 1757 alionum
1176 1691 1330 1777 suppetiis
1344 1690 1500 1757 absolvit.

965 2056 1061 2121 CAP.
1086 2056 1198 2121 XIX.y

889 2218 939 2281 De
959 2168 1047 2281 Uteri
1060 2220 1270 2283 Prouidentia.

376 2347 509 2398 curario.
531 2349 632 2421 [Form.
648 2353 741 2419 1904*
781 2348 812 2419 R
831 2352 945 2407 corticis
956 2353 1078 2416 Quercus
1089 2356 1181 2408 uncias
1193 2354 1273 2417 duan

670 2438 762 2577 Cpque
775 2438 804 2492 in
816 2456 901 2512 aquae
917 2439 1043 2495 fontanae
1054 2442 1128 2495 libris
1140 2450 1255 2511 quatuor
1266 2438 1301 2493 ad
1312 2439 1391 2493 libras
1404 2440 1486 2509 duas,
1493 2446 1549 2498 sub
1561 2446 1652 2501 tinem

670 2542 687 2578 a
706 2524 793 2580 deado

812 2612 926 2666 Corticia
938 2613 1118 2667 Granatorum
1131 2614 1236 2668 contusi
1248 2613 1355 2667 uncum
1367 2629 1459 2677 uuam,

810 2700 941 2755 noeman
954 2701 1115 2768 Rubrarum,

808 2786 918 2842 Horum
930 2788 1119 2853 Granatorum,
1131 2805 1184 2843 ana
1193 2788 1344 2857 manipulos
1355 2785 1428 2855 duos,

808 2874 870 2929 dein
883 2875 952 2929 adde
964 2875 1027 2928 Vini
1042 2874 1127 2929 Rubri
1140 2875 1235 2928 libram
1248 2872 1401 2937 dimidiam,

669 2962 798 3017 colatura
816 2963 851 3015 ait
867 2980 916 3033 pro
936 2962 1003 3025 fotu,
1025 2962 1143 3031 quicum
1157 2962 1254 3032 pannis
1271 2961 1355 3014 laneis
1370 2960 1440 3029 parti
1456 2958 1573 3016 affectae
1592 2962 1639 3016 ad·

667 3058 806 3105 moveatur
816 3066 896 3104 mane
907 3050 980 3104 horis
991 3048 1094 3103 duabus
1107 3058 1250 3119 autequam
1262 3066 1277 3103 e
1288 3050 1356 3103 lecto
1373 3060 1504 3121 assurgat,
1515 3060 1544 3105 et
1556 3062 1636 3108 nocte

666 3148 727 3209 port
738 3139 901 3204 decubitum,
913 3138 997 3194 donec
1009 3146 1159 3209 symptoma
1169 3139 1275 3209 penitius
1287 3140 1429 3193 evanuerit

981 3453 1077 3517 CAP.
1101 3453 1190 3519 XX.⁸

846 3614 896 3677 De
911 3615 1106 3697 Paroryarno
1120 3615 1312 3696 Ncphritico.

375 3762 457 3841 Mqrbr
469 3765 509 3814 ro
570 3748 712 3811 Ansunr
731 3748 823 3813 dolor
844 3750 927 3813 fixus
946 3750 983 3814 in
1004 3749 1191 3815 lumborum
1210 3750 1350 3833 regione,
1366 3748 1462 3813 urina
1483 3756 1621 3829 cruenta,

374 3836 479 3892 ’ΨΜ
527 3848 732 3914 erenularum
748 3856 805 3914 aut
819 3851 933 3916 calculi
952 3853 1102 3933 excretio,
1118 3860 1230 3937 stupor
1249 3850 1350 3915 curris
1368 3872 1387 3916 e
1405 3851 1527 3916 directo
1539 3851 1621 3914 renis

525 3952 713 4033 laborantis,
740 3953 832 4019 testis
861 3956 1013 4019 retractio
1047 3956 1115 4039 ejus
1145 3956 1254 4019 lateris
1288 3954 1324 4017 in
1354 3976 1418 4039 quo
1446 3960 1494 4017 est
1523 3952 1616 4029 dolor,

525 4078 647 4121 nausea
658 4064 691 4121 et
707 4058 856 4122 vomitus.
900 4058 1003 4124 Dolor
1017 4060 1136 4123 colicus
1151 4058 1343 4143 Nephritico
1357 4058 1446 4121 haud
1461 4056 1618 4136 absimilis,

524 4157 600 4228 licet
614 4164 650 4227 in
666 4162 859 4247 quibusdam
874 4164 1099 4249 symptomatis
1118 4164 1214 4247 piane
1230 4162 1398 4247 discrepet,
1414 4183 1498 4245 quae
1517 4182 1619 4226 receu-

524 4266 587 4330 aita
601 4266 637 4330 in
651 4268 756 4351 capite
771 4268 825 4331 Dc
842 4268 946 4331 Colica
961 4268 1082 4331 Bilioac
1096 4266 1213 4331 videas.
1235 4266 1307 4349 [inf.
1324 4288 1351 4330 c.
1367 4264 1436 4349 23.]

371 4384 502 4437 ουωιο.
569 4369 604 4432 Si
619 4390 715 4453 aeger
733 4377 990 4454 temperamento
1012 4370 1190 4453 sanguineo
1205 4368 1313 4448 fuerit,
1331 4368 1481 4432 mittatur
1495 4366 1618 4448 sanguis

522 4490 541 4533 e
563 4470 696 4537 brachio
722 4472 837 4537 affecto
858 4473 942 4537 chi
964 4472 1172 4556 respondenti
1195 4471 1237 4536 ad
1259 4472 1372 4535 uncias
1396 4471 1526 4548 decem3
1549 4468 1617 4532 dein

521 4572 653 4657 liquoris
670 4575 829 4658 possetici,
853 4576 906 4641 cui
924 4576 1040 4641 radicis
1066 4576 1211 4641 althaeae
1236 4577 1350 4641 unciae
1374 4576 1458 4642 duae
1480 4576 1617 4641 incoctae

521 4732 527 4741 ·
553 4722 616 4770 tet.
629 4725 729 4773 Dismr.
741 4727 816 4786 Epist.
829 4728 841 4787 ς
856 4728 908 4774 139.
1127 4728 1190 4777 ⁸05.
1212 4732 1288 4779 itaer.
1306 4732 1326 4778 1.
1344 4732 1356 4789 ᾗ
1374 4730 1421 4784 oo;
1440 4732 1520 4778 Seted.
1541 4730 1620 4777 Morta

552 4787 613 4836 ¹01⁴.
627 4788 697 4835 form.
709 4790 749 4837 91.
1095 4796 1142 4841 111.
1155 4798 1167 4854 5
1183 4796 1219 4842 ll.
