3825 5759
421 698 817 766 OBSERVA'PIONUM
840 696 1127 763 MEDICARUM
1150 710 1192 765 II.
1209 717 1236 765 2.
1313 697 1376 760 117

274 861 393 945 ubique
419 862 578 941 diffissam,
603 861 663 926 sub
685 861 747 925 hoe
769 861 865 927 titulo
887 860 969 925 mihi
990 864 1272 943 repraesentarem,
1296 877 1377 940 quae
1412 880 1510 929 aaran

274 966 398 1030 ratione
421 966 528 1049 aliqua
552 974 585 1030 et
615 965 746 1029 consilio
774 962 858 1027 freta
881 983 1014 1046 corpora
1038 960 1166 1045 quaevis
1188 966 1314 1042 regeret
1340 980 1376 1023 ao
1395 945 1524 1058 ἕζξζζη

275 1067 494 1131 moderaretur
501 1094 511 1147 ;
535 1067 628 1151 quale
643 1066 807 1150 quidpiam
826 1066 866 1131 de
880 1066 997 1129 Maedi
1011 1066 1128 1128 Anima
1141 1064 1291 1130 nonnulli
1304 1062 1375 1147 phi-
1388 1074 1528 1122 Assorus

274 1168 479 1253 losophorum
498 1170 654 1254 cogitasse
668 1168 828 1233 videntur.
871 1168 996 1233 Verum
1013 1169 1054 1232 ad
1075 1189 1129 1233 me
1143 1167 1230 1250 quod
1249 1166 1375 1244 attinet,
1388 1140 1530 1220 Q

275 1271 324 1334 uti
344 1292 404 1335 nec
425 1292 543 1349 rerum,
561 1272 608 1335 ita
623 1290 684 1334 uec
702 1270 873 1335 verborum
894 1271 1071 1336 novitatem
1095 1270 1218 1351 affecto,
1234 1271 1377 1353 adeoque

275 1373 441 1455 antiquam
461 1372 591 1455 quidem
609 1393 728 1452 vocem,
744 1373 800 1437 sed
820 1394 916 1437 sensu
938 1373 985 1457 (ni
1003 1373 1118 1456 fullon)
1136 1380 1169 1436 et
1186 1372 1292 1437 sobrio
1309 1379 1342 1436 et
1356 1393 1377 1436 a

276 1474 361 1537 sanis
376 1473 525 1538 omnibns
542 1494 611 1537 non
629 1472 792 1539 intellecto
815 1474 927 1554 solum,
942 1496 1054 1539 verum
1073 1476 1171 1538 etiam
1192 1476 1321 1553 imitato,
1339 1474 1376 1538 in

275 1577 362 1641 hisce
376 1576 507 1659 pagellis
521 1576 681 1660 usurpavi.
726 1577 797 1660 Ego
813 1578 909 1657 enim,
922 1579 1046 1660 quoties
1060 1578 1219 1642 Naturam
1232 1579 1375 1660 nomino,

274 1680 371 1743 toties
388 1700 556 1743 camaram
577 1678 774 1743 naturalium
797 1679 998 1763 complexum
1024 1680 1185 1764 quendam
1204 1680 1377 1763 significari

275 1784 347 1847 volo
357 1810 367 1863 ς
391 1803 471 1867 quae
493 1782 623 1866 quidem
644 1802 767 1860 canisae,
784 1781 898 1845 brutae
920 1782 996 1847 licet
1015 1789 1112 1865 atque
1133 1782 1223 1845 omni
1243 1780 1376 1845 consilio

276 1890 458 1969 destitutae,
480 1910 548 1953 non
576 1894 687 1951 tamen
712 1886 781 1950 sine
807 1907 933 1951 summo
955 1885 1088 1952 consilio
1109 1891 1276 1969 reguntsu,
1297 1884 1376 1948 dum

276 2014 349 2056 suas
364 2010 508 2075 quaeque
525 1989 724 2073 operationes
742 1986 842 2051 edunt
857 2008 995 2071 suosque
1014 1988 1146 2053 effectus
1163 1994 1374 2071 exequuntur.

275 2096 442 2159 Nimirum
465 2114 650 2177 supremum
672 2091 753 2155 illud
774 2092 920 2171 Nauna,
944 2091 1045 2175 Cujus
1065 2092 1097 2155 vi
1118 2091 1275 2175 producta
1298 2099 1376 2157 sunt

276 2198 394 2276 omnia,
409 2204 442 2262 et
462 2197 596 2281 aCujus
615 2202 700 2259 nutu
717 2194 908 2277 dependent,
923 2195 1052 2259 infinita
1070 2196 1137 2260 Sua
1156 2196 1312 2281 sapientia
1331 2198 1376 2261 sic

276 2299 417 2383 disponit
439 2297 558 2375 omnia,
577 2304 616 2361 ut
641 2296 682 2360 ed
704 2317 800 2379 opera
821 2296 981 2361 destinata
1002 2319 1036 2362 se
1057 2306 1145 2363 certo
1167 2299 1306 2383 quodam
1325 2322 1375 2365 or-

276 2402 352 2466 dine
367 2408 463 2484 atque
482 2399 634 2463 methodo
651 2397 841 2480 accingant;
863 2419 969 2481 neque
989 2398 1109 2463 tiustm
1123 2401 1293 2484 quicquam
1306 2422 1375 2465 mo-

275 2505 343 2583 lita,
357 2524 462 2587 neque
476 2502 540 2566 nisi
554 2500 640 2585 quod
654 2500 812 2584 optimam
827 2508 885 2580 est,
896 2522 932 2565 ac
946 2502 1008 2565 toti
1022 2523 1130 2566 rerum
1143 2503 1282 2568 fabricae
1296 2505 1375 2568 suis-

276 2628 339 2691 que
364 2606 494 2691 privatis
513 2604 638 2668 naturis
652 2603 791 2667 maxime
805 2603 1056 2683 aoeommodum‚
1072 2606 1282 2689 exequentia:
1304 2627 1375 2691 per-

274 2710 352 2773 inde
374 2716 470 2793 atque
494 2712 658 2771 automata
677 2726 744 2773 non
763 2726 821 2789 pro
847 2727 914 2784 auo,
930 2705 987 2769 sed
1006 2708 1135 2771 artificis
1158 2708 1289 2773 oonsilio
1308 2731 1377 2773 mo-

275 2818 402 2875 sennar.

425 2984 499 3045 Quae
509 2992 650 3055 mascator
662 3001 690 3037 ea
702 2993 762 3037 sant
774 2983 805 3037 dc
816 2981 911 3053 palbras
922 2982 983 3035 disi
994 3000 1050 3053 sap.
1061 3000 1105 3054 pp.
1119 2987 1163 3049 58,
1177 2988 1235 3036 110.

630 3097 712 3144 Febris
723 3098 901 3159 Symptomatica
916 3095 1028 3144 Vernalis.

308 3194 424 3243 “Veram
435 3192 688 3257 hieprsetereundum
702 3198 805 3249 nonest,
849 3192 915 3240 enim
932 3191 971 3239 vel
988 3208 1034 3240 sua
1055 3199 1140 3256 sponte
1158 3193 1228 3257 quasi
1246 3194 1377 3255 dissiliunt,

276 3260 343 3321 quod
367 3274 438 3307 verno
465 3266 579 3321 tempore,
600 3257 727 3321 praecipue
749 3272 806 3305 vero
850 3257 909 3305 etin
921 3256 1138 3307 Intennittentiam
1150 3258 1252 3307 classem
1269 3276 1376 3324 serapo-

276 3324 336 3371 anni
355 3330 498 3387 tempestate
519 3338 581 3385 quae
603 3322 677 3369 finem
698 3321 759 3369 veris
782 3330 807 3369 et
849 3328 920 3379 nunt,
932 3321 971 3369 vel
985 3322 1012 3369 in
1026 3322 1167 3385 pleuritides
1180 3331 1253 3387 atque
1263 3325 1288 3373 id
1300 3340 1378 3388 genus

276 3388 377 3436 initium
399 3387 496 3435 aestatis
521 3386 697 3451 complectitur,
722 3386 807 3435 Febris
849 3384 910 3433 alias
921 3385 1125 3435 inflammationes
1136 3390 1280 3451 praecipites
1290 3398 1376 3438 ruunt:

278 3454 399 3515 quaedam
416 3459 469 3500 tum
482 3452 596 3514 temporis
615 3450 805 3509 invaderesolet,
850 3457 873 3497 et
895 3451 995 3513 quidem
1011 3468 1088 3563 porro
1109 3454 1333 3503 attente.emissum
1351 3456 1378 3504 in

278 3532 342 3579 quae
358 3517 455 3565 tametsi
471 3515 697 3580 pathognomonicis
714 3514 804 3579 pleuri-
850 3514 896 3563 hac
918 3516 1010 3577 aegritu
1029 3518 1067 3565 ine
1094 3518 1237 3580 sanguinem
1263 3520 1378 3583 spectavi,

279 3581 346 3639 tidis,
357 3589 400 3629 aut
414 3582 488 3629 ets'am
503 3580 716 3643 peripnenrnoniae
730 3579 806 3642 siguis
850 3580 891 3641 qui
909 3580 1092 3643 pleuriticorum
1109 3583 1252 3645 sangninem
1269 3584 1378 3633 aemula-

279 3646 427 3703 destituitur‚
450 3644 619 3708 symptomatis
633 3652 714 3691 tamen
734 3644 806 3692 ratio-
850 3644 870 3691 n‘
888 3644 955 3692 risus
970 3651 1020 3700 est;
1043 3646 1154 3694 ruborem
1171 3648 1244 3695 etism
1261 3664 1379 3711 genantur

279 3725 337 3757 nem
356 3710 436 3767 babet,
458 3709 657 3757 inflammationis
678 3708 806 3771 enjusdam
851 3709 933 3757 adesse
955 3710 1083 3767 observari,
1103 3717 1177 3773 etque
1193 3714 1379 3776 propensionem

279 3782 390 3837 respectu
409 3776 474 3822 circs
488 3780 567 3837 partes
584 3772 704 3836 spiritales
718 3772 807 3820 alicubi
851 3774 974 3836 quandam
992 3774 1024 3821 ad
1043 3776 1187 3837 sanguinem
1208 3779 1336 3826 enaribus
1352 3794 1378 3826 e-

280 3839 455 3887 delitescentis:
474 3854 561 3902 nempe
572 3837 656 3885 nullus
667 3838 735 3885 adest
745 3837 806 3885 late·
851 3838 1006 3897 mittendum,
1018 3839 1092 3886 ούιιιι
1103 3843 1298 3897 venae-sectione
1310 3844 1379 3906 prius

279 3904 313 3950 ris
340 3902 416 3961 dolor,
446 3902 515 3950 nulla
545 3902 648 3965 insignis
675 3902 809 3965 respirandi
852 3902 986 3959 celebrata3
1004 3904 1065 3966 quin
1084 3910 1108 3951 et
1124 3905 1211 3953 tussim
1227 3905 1381 3970 aliquam.et

280 3966 420 4025 difficultas,
431 3968 497 4015 unde
508 3967 599 4015 nudem
613 3966 713 4014 Febrem
727 3967 809 4015 adesse
852 3967 966 4023 obscuros
977 3968 1095 4029 quosdam
1106 3970 1132 4016 in
1144 3970 1254 4033 partibus
1264 3971 1380 4019 vitalibus

281 4032 427 4095 suspicatus,
435 4032 494 4079 illuc
503 4031 633 4094 aliquanda
641 4031 740 4079 omnino
752 4046 807 4094 pro-
852 4031 944 4079 dolores
955 4046 1130 4095 nonnunquam
1142 4034 1295 4095 deprehendi.
1331 4035 1380 4084 His

280 4097 362 4159 pendi,
374 4104 403 4144 ut
419 4112 503 4157 scgrsu
520 4096 604 4143 eedem
617 4094 730 4143 methodo
745 4102 808 4143 trac·
852 4096 928 4157 igitur
946 4096 1059 4143 omnibus
1075 4096 1120 4143 rite
1135 4098 1267 4160 perpensis,
1282 4114 1310 4145 eo
1326 4106 1381 4146 tan·

281 4168 366 4219 tarem,
378 4176 428 4225 qua
445 4161 470 4207 in
486 4160 636 4208 medicandis
650 4159 808 4207 febricitanti·
853 4160 909 4207 dem
921 4161 1014 4216 deveni,
1025 4168 1053 4207 ut
1064 4161 1148 4207 eadem
1160 4161 1258 4207 omnino
1267 4162 1381 4210 methodo

281 4226 328 4273 bus
351 4227 387 4274 uti
416 4224 489 4272 soleo.
529 4225 697 4272 Veruntamen
727 4230 810 4287 postea
854 4224 915 4272 mihi
925 4224 1104 4288 procedendum
1121 4224 1147 4270 in
1158 4224 1204 4271 hoc
1221 4240 1280 4272 casu
1298 4226 1379 4272 decra-

281 4306 380 4339 mecum
394 4290 514 4353 reputavi,
525 4289 588 4336 hanc
605 4288 662 4337 anni
678 4295 816 4351 tempesta·¹
852 4288 994 4351 sensaque
1004 4288 1030 4335 in
1040 4287 1169 4350 pleuritide
1181 4304 1252 4350 saepe
1262 4304 1320 4337 cum
1331 4289 1381 4336 sin-

281 4361 332 4403 tem
350 4355 390 4417 (ut
408 4354 473 4402 infra
491 4352 604 4414 dioclea)
624 4366 673 4401 non
690 4352 810 4415 ejusmodi
853 4353 932 4415 galeri
954 4366 1068 4400 successu
1090 4366 1150 4397 usus
1172 4367 1243 4405 sum:
1271 4353 1297 4401 id
1316 4355 1382 4417 qaod

282 4418 401 4467 Febribus
425 4418 586 4482 producendis
615 4418 726 4465 idoneam
748 4432 808 4474 esse,
852 4417 971 4465 faeliciter
981 4422 1162 4478 stqaeexvoto
1171 4416 1267 4465 cessit.”

281 4499 344 4547 quse
355 4485 381 4532 in
393 4484 579 4533 continuitatem
594 4488 737 4537 excurrant5
753 4480 810 4528 illae
