3825 5759
540 667 839 735 Dlssnuufflo
861 669 1169 736 EPISTOLARIS.
1335 668 1399 731 333

297 829 358 915 ego¹
368 831 501 916 judico)
518 833 663 898 maculae
680 855 857 918 purpureae
872 835 1002 922 plenam
1019 835 1286 901 exanthematum
1305 853 1399 915 erup·
1413 848 1456 897 De
1469 849 1552 899 visr-

295 933 419 998 tionem
429 935 518 998 haud
528 955 600 998 raro
610 936 868 1018 praeveniebant,
881 944 923 1017 et,
934 959 1017 1021 qnae
1027 960 1081 1003 eas
1092 936 1293 1016 extrudebat,
1304 935 1398 1000 rebe·
1413 915 1554 1026 οζζξξξῖ

296 1038 437 1100 mentior
458 1036 680 1114 inflammatio,
699 1037 842 1102 debitam
859 1039 1027 1121 sanguinis
1052 1039 1158 1103 crasin
1174 1035 1398 1102 interturbans
1411 1017 1551 1117 W

297 1144 395 1220 atque
410 1138 607 1222 disperdens,
623 1139 722 1202 etiam
744 1145 820 1202 ante
831 1140 954 1223 justam
972 1140 1127 1204 materiae
1145 1138 1329 1204 morbificae
1343 1159 1397 1202 en·
1409 1147 1548 1245 {ffiff

297 1239 488 1322 pulsionem,
503 1247 741 1324 praematuram
757 1248 896 1306 mortem
916 1242 1107 1308 accersebat.
1152 1241 1194 1307 Id
1211 1263 1286 1306 vero
1307 1263 1397 1306 max-
1409 1261 1511 1318 hautun

297 1341 362 1405 ime
387 1342 527 1406 fatorum
547 1343 712 1407 saevitiam
731 1342 948 1426 promovebat,
970 1342 1057 1426 quod
1081 1343 1151 1426 jam
1170 1341 1398 1406 exanthemata
1409 1338 1553 1451 ffiguffl

297 1443 339 1507 ob
363 1443 605 1527 supradictam
629 1465 759 1510 cerream
781 1445 829 1508 ita
851 1445 1002 1508 facillime
1026 1443 1234 1521 confluerent,
1256 1443 1307 1507 vel
1327 1443 1398 1526 ipsa
1409 1419 1516 1515 coedda-

297 1544 379 1607 ae'ris
402 1545 593 1632 intemperie
615 1547 650 1611 id
672 1547 750 1610 mali
771 1555 886 1630 sponte
908 1569 967 1611 sua
987 1553 1190 1631 procurante,
1209 1546 1296 1629 quod
1318 1547 1397 1610 alias
1409 1530 1475 1580 Μ

296 1647 363 1710 fere
378 1647 482 1712 solent
497 1649 586 1713 scioli
600 1656 633 1714 et
648 1649 833 1714 medicastri
845 1649 1004 1733 regimine
1019 1657 1052 1713 et
1067 1647 1220 1712 cardiacis
1240 1647 1397 1711 calidiori-

295 1746 358 1811 bus
372 1747 488 1832 inipso
502 1750 607 1814 morbi
621 1750 733 1816 limine
747 1752 946 1836 inauspicato
957 1752 1122 1835 imperatis
1137 1757 1234 1833 atque
1249 1749 1397 1814 admotis.

295 1848 437 1927 Etenim,
450 1850 548 1932 (quod
559 1850 731 1935 diligenter
743 1853 1064 1918 animadvertendum
1078 1854 1150 1935 est)
1163 1859 1237 1936 post
1251 1851 1398 1917 omnium

295 1949 345 2012 vel
359 1950 621 2033 exquisitissimas
630 1953 883 2034 observationes,
898 1956 946 2020 rei
960 1956 1057 2020 cardo
1070 1956 1108 2019 in
1121 1956 1183 2020 hoc
1198 1955 1344 2035 vertitur,
1358 1962 1397 2018 ut

295 2049 330 2113 in
341 2051 515 2116 Variolosis
527 2054 639 2118 salutis
652 2076 722 2140 spes
734 2057 839 2120 omnis
850 2057 885 2120 in
896 2059 1162 2123 exanthematum
1172 2057 1336 2142 paucitate
1345 2079 1397 2122 re-

294 2159 444 2236 ponatur,
460 2153 632 2221 discrimen
647 2157 683 2221 in
697 2159 874 2224 eorundem
889 2161 1101 2226 multitudine
1109 2186 1120 2239 3
1142 2167 1176 2224 et
1190 2165 1288 2244 prout
1302 2159 1398 2242 plura

296 2261 373 2318 sunt
387 2255 466 2320 haec
480 2257 531 2320 vel
544 2259 704 2342 pauciora,
721 2268 778 2325 aut
792 2263 930 2327 moritur
944 2265 1094 2328 anteivit
1113 2285 1218 2347 aeger.
1264 2264 1397 2328 Interea
1410 2275 1541 2352 εφςιιῑιιίι

295 2357 463 2424 fatendum
474 2367 532 2439 est,
542 2367 575 2424 et
584 2363 751 2445 sanguinis
761 2365 906 2445 mictum,
917 2373 950 2430 et
960 2367 1103 2431 maculas
1116 2386 1303 2450 purpureas,
1314 2387 1396 2449 qnae
1407 2351 1543 2455 ffissj‘

294 2457 342 2522 ita
355 2468 443 2525 certo
457 2469 595 2526 mortem
613 2466 858 2546 praenunciant,
875 2468 1068 2552 quandoque
1088 2469 1241 2550 accidere,
1257 2469 1310 2532 vix
1327 2470 1396 2535 ullo
1407 2485 1551 2548 purpurae,

296 2561 401 2626 adhue
415 2572 620 2648 comparente
637 2565 842 2632 Variolarum
860 2569 991 2648 indicio,
1006 2571 1056 2634 vel
1078 2570 1177 2634 etiam
1195 2570 1395 2653 paucissimis
1408 2535 1552 2647 iffi?

295 2664 433 2745 pustulis
450 2666 694 2748 erumpentibus
702 2693 712 2746 ;
735 2668 814 2732 haec
830 2691 905 2735 vero
923 2679 962 2735 ut
979 2673 1126 2736 Variolas
1147 2672 1247 2736 denso
1267 2673 1397 2755 agmine
1408 2663 1484 2710 ”⁰¹¹³
1494 2679 1538 2774 ig*

296 2767 494 2830 confluentes
508 2775 546 2832 ut
561 2767 737 2851 plurimum
752 2770 958 2849 comitantur,
974 2772 1022 2835 ita
1035 2771 1208 2854 aliqnando
1222 2778 1291 2834 tarn
1305 2793 1396 2854 prae-
1408 2736 1549 2851 {ibidem

295 2887 429 2950 propere
444 2869 611 2947 invadunt,
622 2877 661 2933 nt
673 2891 806 2952 aegrum
817 2880 892 2936 ante
907 2873 1037 2956 plenam
1047 2875 1250 2957 eruptionem
1261 2895 1279 2938 e
1290 2876 1397 2940 medio
1408 2868 1546 2967 ffimwff,

295 2967 423 3047 tollant,
436 2969 517 3034 sieut
528 2971 596 3054 jam
614 2971 755 3054 [Obana.
768 2973 854 3037 Med.
864 2974 908 3038 iii.
919 2979 950 3039 2.
961 2979 1015 3054 24,
1024 2977 1092 3060 25]
1108 2977 1381 3060 praemonuimus.
1408 2979 1470 3029 luna

346 3069 406 3152 [5.]
434 3071 476 3135 In
490 3072 622 3155 proclivi
636 3081 685 3138 est
700 3081 810 3139 autem
828 3077 877 3160 (ut
891 3078 974 3142 mihi
988 3078 1137 3162 videtur,)
1150 3079 1310 3144 rationem
1323 3081 1396 3145 red·
1409 3086 1461 3161 cnr
1470 3091 1550 3152 megi·

295 3172 370 3236 dere
386 3195 483 3256 quare
501 3197 595 3258 aeger
608 3177 681 3260 plus
700 3177 847 3243 minusve
866 3180 1067 3264 periclitetur
1080 3203 1139 3266 pro
1156 3181 1277 3266 majore
1291 3183 1395 3248 mino-
1406 3165 1527 3276 Ῑᾜῖἶξ

293 3293 368 3336 reve
389 3274 653 3342 exanthematum
675 3301 821 3344 numero.
867 3283 950 3347 Cum
971 3285 1060 3348 enim
1082 3284 1244 3369 quaelibet
1264 3286 1394 3368 pustula
1407 3286 1447 3327 ‘¹¹1
1458 3296 1529 3344 aeger

293 3373 487 3457 phlegmone
501 3377 605 3460 primo
619 3379 671 3458 sit,
686 3380 763 3445 licet
777 3382 837 3446 sub
852 3385 969 3468 exigua
981 3387 1077 3466 mole,
1091 3409 1167 3452 mox
1181 3387 1217 3451 in
1231 3396 1397 3472 apostema
1406 3357 1543 3459 daridaxtdlm

294 3479 417 3557 evadat,
432 3481 502 3544 lieri
516 3503 583 3548 non
603 3489 709 3565 potest
725 3485 802 3567 quin
817 3486 915 3550 febris
930 3489 1128 3569 secundaria,
1144 3512 1165 3554 a
1177 3512 1258 3574 pure
1275 3492 1345 3576 jam
1358 3493 1396 3556 in
1406 3487 1515 3525 numm·

294 3581 364 3644 fieri
388 3582 541 3664 pendens,
568 3585 671 3667 magis
696 3586 842 3652 minusve
868 3591 1077 3656 exacerbetur
1105 3613 1165 3676 pro
1190 3594 1279 3677 puris
1303 3615 1394 3659 exeo-

294 3685 414 3768 quendi
438 3687 619 3769 quantitate
638 3689 708 3772 jam
730 3689 766 3754 in
789 3692 894 3757 morbi
920 3701 1028 3774 statu;
1052 3695 1138 3779 quod
1163 3697 1199 3760 in
1223 3697 1394 3764 mitissimo
1407 3714 1548 3765 statuari-⁴

294 3787 536 3853 Confluentium
551 3811 667 3872 genere
687 3791 739 3857 die
754 3815 774 3857 a
787 3795 890 3878 primo
904 3798 1010 3862 morbi
1027 3798 1153 3862 insultu
1165 3800 1346 3880 undecimo,
1358 3802 1395 3864 in
1405 3794 1476 3827 '⁸¹⁸⁰
1486 3788 1548 3829 ‘²¹¹¹'

1405 3859 1464 3905 pore
1473 3860 1517 3908 pro
1641 3875 1644 3881 ‚

293 3891 446 3956 mediocri
461 3893 585 3958 decimo
602 3901 726 3978 quarto,
740 3895 777 3959 in
796 3898 986 3963 crudissimo
999 3921 1074 3964 vero
1087 3907 1121 3964 et
1136 3901 1263 3984 aegrius
1283 3901 1393 3966 doma-
1404 3908 1497 3984 ratione

293 3990 351 4056 bili
373 3994 476 4078 speeie
494 3995 617 4060 decimo
640 3997 785 4080 septimo,
801 3999 871 4063 fieri
889 4003 1064 4067 consuerit.
1110 4002 1395 4068 Quemadmodum
1405 3973 1539 4100 {mm

294 4095 381 4158 enim
399 4097 496 4179 (quod
517 4103 566 4162 est
590 4099 792 4184 notandum)
811 4101 1055 4166 confluentium
1069 4105 1101 4166 V
1101 4103 1273 4168 ariolarum
1291 4124 1394 4185 genus
1406 4121 1442 4187 tes
1453 4122 1523 4192 ιιιιωΙ

294 4198 494 4279 Distinctnm,
510 4201 596 4284 qnod
616 4202 743 4282 dicitnr,
759 4204 885 4268 ratione
900 4205 1034 4288 periculi
1054 4204 1256 4268 imminentis
1269 4204 1306 4267 in
1320 4211 1393 4267 tan-
1405 4178 1548 4304 Εξξξξζζξ

293 4307 367 4364 turn
378 4309 506 4384 superat
518 4311 676 4386 quantum
687 4304 728 4369 ab
739 4305 809 4388 ipsa
821 4311 912 4388 peste
927 4312 1106 4388 superatur,
1115 4305 1163 4367 ita
1173 4303 1272 4366 etiam
1283 4324 1393 4386 supra·
1405 4320 1549 4368 omem·

294 4402 399 4468 dictae
414 4411 480 4468 tres
495 4405 737 4470 confluentium
752 4406 871 4489 speeies
886 4406 968 4469 aliae
982 4406 1052 4468 aliis
1066 4403 1267 4487 praesentius
1282 4405 1393 4468 discri-
1405 4371 1547 4510 affl*

293 4526 370 4569 men
385 4507 545 4572 adferrmt.
581 4507 678 4573 Quod
691 4507 824 4590 insuper
837 4513 906 4569 tam
919 4507 955 4568 in
970 4512 1075 4569 aetate
1086 4525 1184 4588 qnam
1194 4524 1274 4568 sexu
1286 4506 1394 4570 locum
1405 4507 1496 4590 lm,
1522 4579 1528 4591 ‚

293 4607 392 4673 babet
403 4636 412 4687 3
436 4631 511 4674 oum
525 4609 648 4674 nemini
659 4630 726 4672 non
741 4609 783 4672 sit
798 4607 1013 4684 notissimum,
1025 4606 1260 4671 adolescentem
1274 4608 1311 4672 in
1324 4607 1395 4692 ipso
1406 4579 1549 4691 ffffiff

291 4711 473 4794 juventutis
487 4712 565 4776 flore
583 4712 688 4775 multo
707 4710 811 4793 magis
828 4709 1002 4794 periclitari
1016 4708 1057 4772 ab
1077 4709 1138 4776 hoc
1157 4709 1282 4790 morbo,
1298 4732 1395 4795 qnam
1407 4707 1551 4817 effipiam

294 4813 345 4876 vel
359 4813 534 4878 foeminam
550 4813 599 4876 vel
614 4811 789 4894 impubem.
836 4811 901 4874 Sed
916 4810 995 4875 haec
1010 4807 1123 4874 obiter.

1409 4787 1531 4894 periclitd·

1413 4907 1459 4940 rur.
