3825 5759
433 572 829 636 OBSERVATIONUM
853 573 1138 638 MEDICARUM
1162 583 1210 636 IV.
1223 591 1248 637 7.
1327 574 1391 636 199

281 735 458 801 nobiseum
472 745 660 820 reputemus
675 743 820 800 ventrem
836 736 1029 816 inferiorem,
1045 738 1081 801 in
1096 760 1160 821 quo
1175 737 1395 821 disponuntur
1427 753 1527 800 eonor

282 861 413 922 organa
432 839 612 917 secretoria,
631 839 692 902 hoc
712 860 862 902 maxume
884 839 1036 902 exercitio
1057 840 1185 918 vibrari,
1201 862 1302 923 eaque
1321 861 1391 904 suc·
1405 817 1545 930 Ama

281 942 528 1006 cassationibus
544 943 666 1025 aliquot
686 942 773 1004 mille
793 962 860 1004 uno
875 941 910 1004 in
931 940 984 1005 die
998 943 1154 1025 exagitari
1174 943 1284 1020 solere,
1299 943 1392 1006 facile
1405 947 1547 1024 [ιι-72,

281 1045 459 1108 credemus
480 1044 594 1108 eadem
616 1065 748 1108 succum
772 1043 947 1127 quemlibet
967 1046 1243 1109 recrementitium
1265 1045 1312 1110 ibi
1332 1046 1393 1108 im·
1405 1036 1546 1146 ⁰¹¹¹⁰¹²l⁰llssb

282 1155 423 1230 pactum
445 1167 504 1230 ope
527 1147 605 1210 dicti
629 1147 773 1210 exercitii
794 1167 886 1230 posse
907 1155 1065 1225 excutere,
1085 1157 1118 1212 et
1142 1149 1240 1231 (qnod
1263 1115 1506 1232 ιιιιιῇοιιιι,ξιιιιιιιῑῗΡ

282 1250 394 1313 adhue
418 1257 468 1313 est
490 1250 669 1331 momenti)
687 1249 832 1312 validiori
853 1249 917 1313 ista
938 1251 1052 1314 caloris
1074 1251 1176 1314 nativi
1199 1252 1395 1316 excitatione

281 1353 330 1416 ita
357 1352 570 1430 corroborari,
593 1360 631 1416 ut
657 1372 801 1430 munere,
825 1353 910 1435 quod
936 1353 977 1416 iis
1002 1353 1168 1418 mandavit
1196 1354 1335 1433 Natura,
1358 1354 1393 1417 in

283 1457 450 1539 sanguine
466 1455 653 1539 depurando
668 1463 755 1520 recte
771 1456 1001 1539 defungantur.

332 1560 422 1644 [13.]
451 1559 610 1638 Diaetam,
623 1559 649 1622 si
661 1559 773 1644 junior
787 1559 885 1624 fuerit
901 1580 997 1644 aeger
1011 1567 1045 1623 et
1060 1559 1220 1623 calidioris
1235 1567 1393 1644 tempera·
1408 1576 1496 1652 uuna
1515 1644 1521 1654 ι

282 1666 402 1743 menti,
420 1665 664 1747 refrigerantem
679 1672 776 1748 atque
791 1664 1025 1727 increscentem
1039 1663 1172 1746 impero,
1188 1669 1268 1746 puta
1281 1663 1393 1728 hordei
1407 1641 1486 1689 ‘hm'
1496 1642 1537 1689 ¹¹¹⁰

284 1787 479 1845 cremorem,
494 1767 699 1850 panatellam,
715 1773 787 1844 etc„
804 1773 837 1830 et
852 1765 949 1829 tertio
965 1785 1092 1848 quoque
1107 1764 1168 1842 die,
1184 1765 1211 1828 si
1226 1765 1323 1829 latret
1338 1765 1394 1829 ad·

284 1869 349 1933 huc
373 1869 572 1948 stomachus,
595 1869 720 1952 pullum
742 1869 946 1946 teneriorem,
966 1869 1162 1932 merulamve
1181 1870 1303 1951 piscem
1323 1889 1394 1934 coe-

283 1979 368 2035 tum.
420 1971 538 2034 Potum
558 1993 625 2034 non
647 1971 747 2035 elium
769 1971 910 2035 concedo
934 1993 1032 2054 quam
1054 1969 1238 2035 cerevisiam
1259 1979 1394 2036 tenuem

285 2073 530 2156 mitemque,vel
545 2074 593 2137 lae
609 2095 683 2138 eum
695 2095 779 2156 aqua
794 2081 936 2151 coctum;
956 2094 1063 2156 neque
1073 2073 1210 2138 ulterius
1220 2075 1393 2158 quicquam

285 2175 454 2260 indulgeo,
471 2176 533 2238 nisi
548 2176 704 2258 equitatio
719 2177 760 2240 ad
782 2175 1068 2258 redintegrandam
1088 2177 1262 2240 sanitatem
1283 2199 1394 2242 neces-

287 2279 381 2357 saria,
404 2279 581 2362 pleniorem
603 2279 724 2342 victum
747 2287 780 2343 et
803 2279 1039 2362 generosiorem
1062 2281 1204 2364 postulet
1226 2281 1392 2364 liquorem,

287 2381 408 2463 quibus
444 2380 664 2464 rependantur
702 2381 874 2464 spirituum
912 2381 1064 2446 exercitio
1100 2383 1392 2446 exhauriendorum

288 2481 420 2547 dumne.

1407 1706 1541 1754 conveniat.

337 2587 423 2670 [la]
451 2585 608 2652 Quinimo
619 2585 840 2651 observatione
856 2594 994 2667 constat,
1010 2587 1106 2672 quod,
1118 2587 1176 2651 ubi
1190 2587 1243 2651 hic
1258 2586 1390 2652 morbus
1405 2595 1435 2672 ¹3¹
1447 2599 1531 2675 m⁰¹l⁰

289 2687 398 2752 minus
421 2690 523 2771 perite
545 2695 702 2753 tractatus
725 2689 905 2754 diutissime
926 2690 1119 2773 fatigaverit,
1138 2690 1186 2753 ita
1205 2697 1244 2753 ut
1268 2690 1390 2753 viscera
1401 2661 1523 2781 mim

290 2791 564 2876 elanguescerent,
581 2801 678 2877 atque
693 2813 788 2876 aeger
803 2801 945 2857 extrema
956 2795 1026 2877 jam
1040 2793 1143 2856 macie
1165 2800 1262 2875 atque
1277 2792 1390 2856 debili·
1400 2803 1490 2898 38⁰⁸
1501 2791 1543 2839 de-

290 2899 357 2958 tate
372 2903 503 2959 tantum
523 2917 589 2960 non
608 2903 691 2959 esset
711 2897 886 2974 confectus,
902 2896 937 2958 in
956 2895 1018 2958 hoc
1036 2896 1201 2976 (inquam)
1219 2915 1296 2957 casn
1309 2893 1389 2957 libe·
1402 2861 1544 2978 ᾧιιὲἒζζη

290 2997 386 3062 relior
402 2999 467 3062 sive
485 3019 586 3082 aquae
601 2999 805 3082 epidemicae,
822 2999 886 3062 sive
900 2997 1066 3076 mirabilis,
1082 2998 1147 3061 sive
1161 2997 1243 3060 alius
1258 2996 1389 3061 demum
1400 2980 1546 3094 ffiffl}

291 3100 511 3184 cujuscunque
528 3123 591 3184 qua
611 3122 708 3164 sanus
724 3102 862 3164 maxime
878 3100 1107 3178 delectabatur,
1122 3121 1210 3178 usus,
1225 3099 1287 3163 hoc
1306 3106 1389 3164 tem·
1401 3109 1544 3164 miliausua

291 3222 367 3283 pore
390 3205 529 3268 eundem
551 3205 638 3268 ultra
659 3225 749 3287 spem
771 3225 899 3268 omnem
927 3203 1066 3286 juverit3
1095 3202 1194 3287 hujus
1219 3201 1307 3266 enim
1330 3223 1390 3286 ope
1402 3173 1535 3294 flssffiffn'

292 3307 500 3385 paucissimae
515 3308 596 3371 istae
611 3307 724 3370 caloris
739 3307 839 3370 nativi
855 3306 1091 3390 spirituumque
1104 3305 1257 3389 reliquiae
1272 3305 1390 3370 exeita»
1401 3319 1483 3365 quare.

292 3403 422 3486 bantur,
438 3415 471 3472 et
494 3410 689 3472 fermentum
712 3409 986 3492 praeternaturale
1007 3407 1181 3472 visceribus
1203 3408 1390 3487 adhaerens,

293 3515 325 3572 et
339 3512 430 3574 novis
446 3513 642 3596 paroxysmis
657 3513 803 3576 fomitem
818 3511 955 3575 subinde
970 3511 1168 3590 ministrans,
1180 3533 1200 3574 a
1213 3511 1391 3595 liquoribus

293 3614 394 3696 magis
409 3614 586 3697 spirituosis
602 3614 861 3697 extinguebatur.

337 3713 423 3802 [la]
448 3717 557 3794 Porro,
568 3725 607 3780 ut
621 3718 656 3779 in
672 3717 776 3781 morbi
792 3716 969 3795 curatione,
980 3716 1028 3780 ita
1037 3717 1134 3780 etiam
1151 3722 1185 3780 et
1196 3717 1309 3780 eodem
1320 3717 1390 3800 jam
1402 3733 1490 3782 naeu
1503 3741 1540 3782 te-

294 3813 434 3901 depnlm,
450 3819 555 3883 diaeta
573 3819 627 3882 illa
641 3820 758 3897 tenuis,
775 3820 815 3882 de
833 3842 897 3902 qua
915 3820 1064 3898 diximus,
1081 3819 1186 3882 adhuc
1201 3819 1388 3902 aliquandiu
1400 3800 1542 3926 fffffiffi

294 3927 341 3982 est
359 3920 565 3985 observanda.
612 3922 695 3984 Cum
715 3922 803 3984 enim
818 3921 949 3986 morbus
967 3923 1021 3986 hic
1035 3921 1208 3986 recidivam
1226 3943 1303 4005 prae
1317 3921 1388 3984 aliis
1398 3937 1452 3990 poa
1462 3928 1544 3990 depul-

295 4023 442 4086 0mnibus
456 4025 595 4102 affectet,
605 4031 702 4108 atque
713 4025 844 4106 insuper
855 4026 964 4089 sedem
976 4025 1038 4088 sibi
1052 4025 1207 4107 delegerit
1217 4024 1389 4107 praecipua
1400 4007 1529 4103 ffiffi'

296 4128 445 4192 metionis
460 4128 687 4207 instrumente,
707 4129 839 4212 (viscera
852 4129 1010 4211 intelligo,
1026 4130 1096 4212 jam
1110 4127 1152 4192 ab
1172 4127 1285 4191 eodem
1299 4126 1387 4188 infir-
1398 4120 1531 4234 bima*

295 4233 399 4311 mata)
424 4231 474 4294 vel
495 4232 673 4294 levissimus
692 4231 789 4316 hujus
812 4232 938 4314 geneda
958 4253 1047 4295 error
1067 4231 1191 4294 malum
1212 4229 1301 4293 haud
1319 4229 1388 4292 leve

296 4331 461 4395 confestim
476 4333 667 4416 apportabit.
700 4333 860 4398 Quocirca
873 4342 941 4398 tam
956 4335 992 4396 in
1006 4335 1077 4411 hoc,
1094 4355 1191 4416 quam
1205 4331 1242 4395 in
1256 4330 1399 4396 caeteris,

298 4433 441 4498 omnibns
464 4434 621 4498 uiscerum
647 4436 826 4514 affectibus,
849 4436 913 4499 cibi
939 4433 1118 4500 δύσπεποι
1143 4455 1223 4500 eane
1244 4434 1336 4518 pejus
1358 4441 1392 4498 et

299 4539 411 4616 ῐιιιςιιιιι
426 4544 504 4600 sunt
519 4537 642 4601 vitandi
646 4564 655 4616 ;
679 4545 712 4601 et
728 4539 784 4622 qui
798 4538 1022 4602 conceduntur
1036 4537 1197 4616 εὔπεπτοι,
1210 4559 1249 4602 ea
1262 4544 1393 4602 tantum

329 4707 337 4732 ¹
354 4713 449 4761 “Alter
461 4713 540 4761 Mileti
552 4721 651 4772 urtam,
664 4731 722 4763 cane
733 4717 804 4778 pejus
817 4723 840 4762 et
851 4729 931 4776 angue

378 4777 471 4825 vitabit
479 4777 657 4839 cblsrnydem.''
694 4779 792 4841 (Horat.
803 4783 879 4841 Epist.
891 4779 906 4826 i.
919 4779 954 4828 17.
967 4781 1019 4840 ³1.)
1029 4780 1067 4826 Cf.
1078 4779 1175 4826 Erasmi
1184 4781 1261 4838 Δάας.
1270 4776 1293 4822 ii.
1304 4777 1326 4822 9.
1336 4775 1374 4820 68.
