3825 5759
505 656 549 718 48
811 652 1007 717 THOMAE
1031 650 1290 717 SYDENHAM

370 824 469 873 uraris
502 815 601 879 etiam
617 813 760 897 adusque
776 812 1002 878 duodecimum
1011 840 1020 891 3
1045 813 1132 897 quod
1145 812 1181 877 in
1192 809 1453 895 illispraescrtim
1467 808 1605 887 obtinet,

350 889 490 1003 fflfffl
504 916 620 1001 quibus
636 916 828 999 sanguinem
848 914 986 981 demere.
996 938 1063 980 non
1085 916 1198 981 audeo.
1244 915 1331 979 Sunt
1345 914 1443 991 enim,
1459 913 1516 996 qui
1532 920 1606 996 post

350 1019 491 1099 Q
504 1019 765 1085 Intermittentes
787 1019 993 1083 autumnales
1010 1019 1087 1099 (sive
1101 1019 1272 1083 Tertianae
1293 1018 1417 1082 fuerint
1438 1017 1522 1095 illae,
1538 1016 1605 1080 sive

504 1122 713 1204 Quartana)
732 1120 889 1187 Febribus
904 1121 1076 1188 Continuis
1091 1144 1131 1186 ex
1145 1121 1347 1205 purgationis
1361 1120 1397 1183 in
1411 1119 1604 1203 praeceden-

502 1225 546 1291 tis
560 1224 666 1290 morbi
680 1226 745 1289 fine
760 1225 889 1289 defectu
906 1225 1133 1307 corripiuntur.
1179 1226 1242 1289 His
1257 1225 1285 1287 si
1300 1223 1493 1305 sauguinem
1508 1223 1604 1285 mise-

502 1329 557 1405 ris,
572 1328 751 1411 periculum
767 1334 815 1393 est
831 1348 873 1391 ne
888 1328 1105 1393 sedimentum
1120 1328 1211 1406 illud,
1225 1326 1313 1410 quod
1330 1346 1518 1409 praegressa
1540 1325 1604 1389 fer·

502 1431 660 1495 mcntatio
689 1429 890 1513 deposuerat,
916 1429 952 1494 in
981 1451 1121 1494 massam
1149 1429 1361 1514 sanguineam
1389 1427 1603 1505 resorbentur,

502 1554 663 1617 novasque
681 1532 793 1597 turbas
811 1533 939 1599 excitet
985 1530 1263 1599 Venae-sectionis
1280 1530 1390 1613 itaque
1411 1530 1492 1608 loco,
1506 1528 1604 1593 rebus

501 1636 549 1701 ita
563 1657 597 1700 se
611 1635 818 1715 habentibus,
834 1634 1024 1721 clysteribus
1038 1642 1123 1713 utor,
1139 1642 1173 1698 et
1188 1634 1318 1717 quidem
1333 1632 1375 1697 ad
1395 1632 1482 1697 diem
1500 1652 1604 1715 usque

502 1737 739 1817 duodecimum,
755 1738 851 1802 modo
865 1758 961 1820 aeger
976 1737 1018 1801 sit
1028 1737 1168 1821 juvenis,
1177 1744 1275 1820 atque
1285 1735 1491 1801 fermentatio
1505 1733 1604 1797 nimis

502 1842 652 1907 exaltata.

551 1943 634 2028 [23]
657 1944 713 2028 (2.)
738 1942 862 2007 Verum
885 1941 1091 2021 econtrario,
1112 1940 1178 2005 sive
1198 1940 1491 2005 venae-sectionem
1512 1938 1604 2004 adhi-

348 2034 397 2131 ffl
453 2046 465 2059 ”
501 2044 610 2111 bueris
633 2045 698 2111 sive
719 2044 873 2123 omiseris,
897 2044 924 2109 si
947 2044 1113 2127 sanguinis
1135 2043 1376 2108 effervescentia
1395 2043 1493 2107 nimis
1515 2042 1603 2107 elan·

502 2153 644 2231 gueseat,
664 2146 806 2231 adeoque
829 2146 961 2211 stimulo
983 2152 1076 2228 egeat
1090 2167 1133 2210 ne
1151 2146 1299 2211 Naturae
1316 2143 1478 2229 juvandae
1499 2143 1605 2227 impar

501 2250 618 2328 fixerit,
640 2256 720 2315 tunc
731 2249 880 2333 equidem
894 2271 914 2313 a
928 2248 1119 2333 clysteribus
1133 2249 1232 2312 etiam
1243 2254 1319 2312 ante
1330 2247 1416 2311 diem
1431 2247 1603 2324 decimum,

501 2353 668 2436 multoque
690 2352 792 2435 magis
815 2373 853 2416 eo
876 2352 1099 2435 praeterlapso,
1115 2372 1245 2434 prorsus
1266 2350 1497 2417 abstinendum
1518 2350 1604 2414 arbi·

502 2464 580 2521 tror.
635 2454 798 2521 Quorsum
827 2454 916 2518 enim
940 2454 1103 2539 jacentem
1123 2455 1194 2538 jam
1222 2460 1256 2518 et
1277 2453 1375 2519 nimis
1396 2453 1604 2536 elangmdam

501 2556 784 2621 fermentationem
808 2556 944 2623 ulterius
968 2576 1168 2640 compescere
1191 2562 1289 2639 atque
1313 2555 1485 2639 reprimere
1507 2577 1604 2619 cona-

502 2660 634 2725 remur?
673 2658 770 2727 Quod
793 2659 821 2723 si
844 2680 919 2723 vero
942 2666 1016 2743 post
1035 2666 1164 2742 tempus
1186 2658 1278 2737 illud,
1300 2658 1337 2724 in
1360 2658 1465 2725 morbi
1487 2679 1605 2741 nempe

502 2762 727 2843 declinatione,
743 2762 933 2848 clysteribus
953 2761 1065 2842 utaris,
1080 2762 1224 2845 profecto
1237 2783 1305 2825 uon
1322 2761 1430 2825 minus
1446 2760 1604 2825 absonum

367 2862 370 2869 ⁴
501 2866 537 2931 id
550 2866 648 2931 fuerit
666 2873 764 2951 atque
779 2864 819 2929 ab
840 2865 930 2930 omni
949 2864 1075 2930 ratione
1095 2864 1248 2943 alienum,
1265 2885 1363 2947 quam
1383 2863 1497 2948 siquis
1512 2863 1604 2927 effer·

501 2968 643 3035 vescenti
679 2969 847 3035 cerevisiae
877 2969 973 3033 nimis
1010 2968 1154 3051 amplum
1191 2966 1386 3050 spiraculum
1422 2968 1603 3050 aperuerit:

501 3073 623 3137 etenim
645 3080 757 3157 aperto
775 3072 831 3136 illo
851 3072 1009 3155 spiraculo
1026 3070 1233 3155 praepeditur
1251 3069 1390 3149 Natura,
1411 3091 1475 3153 quo
1496 3071 1605 3133 minus

501 3175 543 3239 ad
557 3175 740 3239 morbificae
754 3174 909 3238 materiae
922 3174 1156 3257 separationem
1171 3172 1273 3236 unitis
1286 3172 1408 3237 viribus
1424 3172 1603 3237 incumbat.

507 3278 589 3361 [24]
617 3278 794 3361 Postquam
816 3278 917 3361 igitur
937 3277 986 3341 001
1007 3277 1227 3342 mediantibus
1249 3276 1512 3342 evacuationibus
1535 3277 1604 3340 ido-

501 3378 572 3443 neis
589 3386 686 3462 atque
708 3380 897 3464 opportunis
917 3400 1013 3463 aeger
1030 3378 1091 3461 ἔξω
1103 3378 1231 3458 19011010Ιῐ
1245 3380 1370 3464 positus
1384 3380 1483 3443 fuerit
1502 3401 1604 3463 quan-

502 3488 575 3545 tum
598 3481 639 3545 ad
661 3481 717 3547 illa
740 3488 957 3567 symptomata
979 3482 1099 3547 attinet
1123 3503 1205 3565 quae
1228 3504 1268 3547 ex
1293 3482 1395 3545 nimia
1415 3481 1605 3545 ebullitione

502 3590 691 3663 nascuntur,
715 3585 766 3649 vel
794 3584 925 3649 morbus
945 3584 1015 3669 jam
1041 3584 1268 3663 declinaverit3
1300 3590 1421 3667 quanto
1443 3581 1548 3664 magis
1570 3604 1604 3644 a·

363 3690 375 3715 ⁸
503 3684 649 3749 strictam
663 3686 710 3749 illi
732 3687 839 3751 alvum
853 3687 1053 3771 praestitero,
1069 3695 1163 3753 tanto
1182 3688 1286 3771 magis
1301 3684 1385 3750 eam¹
1410 3689 1502 3748 extra
1519 3684 1603 3766 peri-

502 3786 568 3851 culi
583 3788 686 3851 aleam
697 3789 832 3867 colloco;
849 3810 966 3873 nempe
975 3789 1095 3855 Febrili
1105 3790 1241 3854 materia
1252 3787 1352 3853 adsui
1362 3785 1605 3852 concoctionem

503 3890 643 3954 suaviter
668 3911 705 3954 00
731 3890 849 3955 blande
872 3893 1104 3975 propendente.
1150 3890 1356 3959 Quocireasi
1378 3890 1606 3975 praecedentes

503 3994 726 4059 evacuationes
755 3993 950 4076 sanguineae
981 4016 1104 4059 massae
1129 3996 1221 4082 quasi
1248 3994 1416 4059 laxitatem
1442 3993 1606 4077 quandam

502 4096 699 4177 induxerint,
722 4097 772 4162 001
791 4096 944 4161 inducere
968 4098 1145 4177 minentur,
1166 4098 1218 4161 001
1239 4118 1337 4179 aeger
1358 4104 1435 4161 ante
1457 4095 1605 4159 debitum

502 4206 631 4287 tempus
653 4200 757 4266 Febre
785 4199 909 4265 levatus
930 4200 1039 4280 fuerit,
1061 4201 1113 4265 001
1136 4200 1235 4265 etiam
1256 4199 1368 4263 Febris
1391 4198 1434 4263 ad
1456 4198 1608 4262 nltimam

502 4326 595 4370 suam
620 4304 789 4389 periodum
814 4303 1005 4389 pervenerit,
1028 4324 1097 4369 non
1119 4303 1225 4367 solum
1243 4308 1395 4367 enemata
1415 4300 1528 4384 procul
1548 4301 1606 4365 ha·

502 4407 573 4472 beri
594 4408 675 4487 volo,
702 4407 759 4473 sed
782 4414 815 4473 et
835 4407 1055 4473 cardiacorum
1078 4426 1173 4488 opem
1194 4411 1292 4488 atque
1311 4403 1468 4470 auxilium
1489 4424 1606 4487 sugge-

503 4508 642 4575 rendum
656 4510 805 4589 arbitror,
821 4516 918 4593 atque
933 4530 1008 4573 mox
1023 4507 1065 4573 ad
1078 4508 1188 4573 alvum
1202 4506 1470 4591 adstringendum
1484 4512 1607 4570 memet

504 4632 647 4693 accmgo.

536 4766 549 4801 ¹
564 4762 607 4824 ἔξω
615 4762 1030 4827 βαλῶν]1.0.00100101000005001000,
1075 4762 1197 4819 cursore,
1210 4764 1314 4813 Porsen.
1327 4764 1409 4811 Graec.

504 4844 536 4878 aa
546 4832 569 4876 in
582 4836 643 4877 tuto.-
661 4828 716 4877 vide
725 4828 823 4875 Eraami
834 4830 910 4891 Δάας.
921 4829 968 4879 id.
976 4830 1029 4882 9³.;
1106 4825 1115 4857 ¹
1130 4825 1190 4888 eom]
1205 4842 1255 4873 eum
1266 4827 1328 4877 'edd
1342 4828 1389 4884 '66,
1403 4825 1449 4873 'bd
