3825 5759
517 668 562 735 20
830 664 1025 729 THOMAE
1047 663 1309 729 sYDaNHaM

384 846 481 895 esses.
517 834 659 903 tacere3
696 846 779 909 quae
807 825 889 889 mihi
921 825 1074 890 videntur
1108 824 1251 908 reliquae
1286 823 1386 901 omui,
1416 844 1482 905 qua
1516 828 1620 906 patet,

366 910 506 985 Q
520 928 673 991 materiae
687 927 830 991 medicae
844 927 987 1010 palmam
999 925 1191 1009 praeripere,
1206 932 1240 989 et
1254 946 1337 1008 quae
1350 924 1620 989 inveniendorum

520 1027 695 1115 dequibus
713 1029 783 1112 jam
801 1026 940 1091 diximus
961 1026 1178 1117 remediorum
1196 1026 1395 1091 uberrimam
1412 1025 1507 1090 nobis
1528 1046 1621 1109 spem

519 1128 662 1208 fidunt3
685 1150 760 1193 eum
771 1129 960 1194 animalium
973 1136 1081 1212 partes
1095 1127 1324 1193 cumbumano
1338 1148 1470 1211 corpore
1480 1127 1621 1193 nimium

520 1231 691 1295 convenire
709 1231 889 1310 videantur,
904 1232 1043 1295 nimium
1064 1230 1217 1295 dissidere
1239 1230 1426 1309 miueralia3
1447 1230 1536 1295 uude
1557 1236 1620 1309 est,

520 1331 607 1415 quod
620 1332 788 1397 miserulis
801 1332 1053 1398 inclinationibus
1063 1332 1229 1416 potentius
1243 1330 1447 1414 respondere,
1459 1350 1558 1413 quam
1568 1331 1621 1393 vel

519 1434 659 1519 plantas,
674 1434 724 1499 vel
744 1455 784 1501 ex
805 1434 999 1500 animalibus
1021 1433 1202 1517 desumpta,
1221 1433 1339 1497 lubens
1352 1433 1475 1511 seleon
1496 1438 1531 1497 at
1549 1452 1620 1496 nou

520 1536 665 1619 specifice
679 1543 789 1602 tamen
803 1537 935 1615 mederi,
950 1558 990 1603 eo
1004 1558 1068 1620 quo
1086 1536 1227 1600 diximus
1241 1555 1339 1599 seusu
1352 1556 1391 1600 ac
1408 1534 1515 1600 modo.
1559 1534 1620 1599 Me

520 1638 607 1721 quod
628 1646 761 1723 spectat,
776 1660 844 1703 non
864 1638 919 1703 hic
937 1638 1026 1703 aliud
1048 1638 1131 1701 mibi
1152 1658 1247 1702 sumo
1267 1643 1395 1721 praeter
1416 1636 1560 1701 laborem
1581 1656 1621 1699 ac

519 1740 663 1805 taedium
685 1740 764 1805 haec
784 1748 881 1824 atque
902 1740 1088 1825 hujusmodi
1102 1740 1161 1804 diu
1177 1740 1383 1823 multumque
1400 1740 1470 1823 jam
1488 1758 1546 1821 per
1560 1737 1619 1801 ali·

519 1852 599 1927 quot
612 1832 716 1908 annos
730 1844 841 1907 animo
854 1843 1001 1907 versandi
1005 1869 1017 1921 3
1031 1842 1172 1907 necdum
1186 1844 1267 1908 mihi
1280 1851 1350 1907 tam
1363 1843 1499 1907 feliciter
1513 1841 1618 1920 oessit,

518 1953 558 2009 ut
572 1966 647 2009 enm
666 1944 820 2028 prudenti
834 1944 953 2010 fiducia
967 1965 1050 2027 quae
1064 1944 1106 2011 de
1119 1944 1161 2009 iis
1180 1944 1387 2028 cogitaverim
1401 1944 1437 2007 in
1450 1942 1618 2028 publicum

520 2046 596 2110 dare
611 2046 726 2109 ausim.

571 2146 655 2230 [25.]
690 2146 940 2213 Quantumlibet
968 2168 1043 2213 vero
1078 2148 1160 2213 mibi
1187 2168 1265 2231 prae
1292 2146 1427 2213 caeteris
1455 2145 1619 2211 mideant

519 2248 659 2331 plantae,
674 2268 742 2313 non
761 2249 919 2313 mmenis
941 2272 1015 2315 sum
1034 2249 1091 2333 qui
1109 2250 1227 2313 eximia
1246 2249 1304 2313 illa
1323 2249 1560 2315 medicamenta
1577 2268 1619 2312 ex

519 2350 583 2415 alis
592 2350 682 2415 tribu
692 2349 873 2435 desumpta,
883 2372 965 2434 quae
974 2352 1023 2417 vel
1037 2352 1100 2417 boc
1109 2351 1161 2415 vel
1173 2351 1238 2415 alio
1252 2352 1359 2435 aliquo
1373 2351 1501 2417 asculo
1514 2349 1619 2415 homi·

519 2472 601 2515 uum
617 2451 778 2516 industris
797 2459 894 2535 atque
908 2452 1018 2517 labore
1036 2452 1273 2534 intentionibus
1294 2460 1370 2537 apte
1389 2451 1620 2535 respondentis

519 2560 647 2635 reperta
667 2554 767 2631 ficere,
786 2560 1003 2619 contemnam.
1048 2554 1141 2619 Inter
1162 2575 1245 2638 quae
1265 2554 1408 2639 primum
1426 2554 1489 2619 sibi
1509 2553 1619 2619 locum

519 2653 691 2719 vendicant
706 2675 788 2738 quae
807 2656 938 2721 nomine
956 2657 1122 2719 Guttam
1142 2657 1290 2721 Doctors's
1313 2657 1466 2721 Goddord
1481 2654 1617 2737 insigni·

519 2762 630 2835 untur,
646 2762 680 2821 et
694 2778 715 2821 a
724 2756 792 2821 viro
807 2756 991 2825 doctissimo
1005 2764 1040 2821 et
1053 2758 1260 2822 solertissimo
1270 2765 1340 2823 tam
1354 2757 1506 2823 Methodi
1519 2777 1618 2840 quam

521 2858 750 2925 Remediorum
764 2858 963 2943 indagatore,
975 2859 1037 2923 D¹¹⁰
1051 2860 1192 2925 Doctore
1207 2858 1354 2939 Goodall,
1365 2864 1616 2944 praeparanturc

519 2982 656 3043 quorum
682 2962 747 3027 vim
775 2984 813 3027 ac
839 2962 1012 3027 efficaciam
1040 2961 1077 3025 in
1107 2961 1308 3045 attingendo,
1334 2963 1499 3046 adquam
1519 2961 1617 3043 vulgo

518 3061 712 3145 diriguntur,
739 3085 845 3148 soopo,
871 3064 1007 3129 caeteris
1034 3062 1215 3147 quibusque
1240 3063 1406 3149 spiritibus
1434 3062 1617 3129 volatilibus

513 3164 587 3247 jure
602 3166 755 3247 praefero.

566 3265 650 3347 [26.]
677 3265 849 3329 Coronidis
877 3266 957 3345 loco,
984 3286 1059 3331 cum
1083 3267 1120 3331 in
1145 3268 1207 3333 hac
1232 3267 1478 3333 Introductione
1499 3267 1617 3334 fuerim

517 3365 679 3449 pollicitus
698 3386 751 3431 me
767 3366 919 3431 daturum
939 3369 1102 3451 specimen
1123 3392 1236 3435 eorum
1256 3392 1338 3455 quae
1357 3371 1393 3435 in
1414 3371 1512 3455 hujus
1524 3371 1616 3437 Artis

518 3474 732 3549 augmentum
764 3476 931 3553 uteunque
963 3480 1101 3537 conatus
1131 3494 1223 3553 sum3
1259 3474 1355 3541 fidem
1385 3474 1522 3543 liberere
1545 3474 1615 3556 jam

516 3568 651 3641 tentabo
672 3570 708 3635 in
730 3570 895 3636 tradendis
916 3574 1062 3639 Historia
1090 3578 1313 3659 Oarctbaeqae
1333 3578 1504 3642 salmam
1524 3577 1615 3639 Mor·

518 3671 635 3736 dmm.
680 3672 756 3739 Qua
777 3674 814 3737 in
838 3695 873 3739 re
896 3675 972 3741 licet
1000 3678 1079 3742 satis
1102 3679 1267 3744 advertam
1292 3700 1345 3745 me
1370 3678 1493 3762 supinis
1516 3684 1616 3760 atque

516 3774 742 3856 ignorantibus
760 3774 903 3839 fructum
918 3799 1049 3842 omnem
1063 3801 1185 3859 eorum,
1201 3802 1280 3864 quos
1299 3802 1358 3864 per
1371 3780 1517 3847 meliores
1530 3780 1617 3845 vitae

517 3896 619 3940 annos
648 3896 780 3959 corpore
802 3879 975 3963 animoque
1003 3884 1174 3962 exantlavi,
1196 3882 1363 3949 laborumb
1384 3884 1614 3969 expositurum,

516 3978 637 4041 malim
658 3986 769 4043 tamen
783 3980 911 4063 pessimi
930 3982 1029 4067 hujus
1048 3986 1167 4051 saeculi
1187 3987 1321 4069 genium
1334 3988 1413 4051 satis
1427 3986 1531 4053 habeo
1544 4008 1616 4070 per·

516 4085 672 4162 spectum,
694 4088 733 4145 ut
758 4102 826 4146 uon
850 4084 946 4149 aliam
972 4106 1012 4149 ex
1034 4086 1096 4151 bac
1117 4096 1262 4153 semente
1283 4110 1381 4172 quam
1403 4088 1615 4155 eousitiorum

514 4190 611 4267 atque
626 4184 896 4251 contumeliarum
915 4208 1053 4253 messem
1067 4197 1253 4273 aspectem3
1276 4212 1392 4274 meque
1405 4192 1511 4255 famae
1524 4209 1616 4253 meae

514 4284 610 4369 longe
631 4287 746 4353 melius
768 4290 977 4370 cousuluisse,
992 4291 1020 4355 si
1036 4291 1169 4357 inanem
1189 4294 1331 4377 aliquam
1349 4300 1448 4375 etque
1464 4292 1615 4355 inutilem

514 4388 765 4469 speculationem
776 4400 1015 4457 commentatus
1029 4393 1164 4459 fueram.
1211 4397 1285 4460 Hoc
1298 4416 1373 4459 vero
1387 4394 1469 4459 mihi
1482 4392 1616 4477 perinde

511 4493 583 4550 est:
606 4490 787 4554 mercedem
809 4494 940 4559 aliunde
961 4496 1148 4577 praestolor.
1198 4496 1281 4581 [27.]
1310 4496 1439 4579 Siquis
1458 4496 1512 4561 bic
1533 4495 1615 4579 obji-

514 4587 578 4651 ciat
600 4588 679 4653 alios
701 4611 801 4673 aeque
823 4595 858 4659 in
878 4596 939 4661 hac
960 4597 1043 4663 Arta
1067 4604 1209 4663 versatos
1230 4620 1298 4664 non
1319 4599 1407 4663 idem
1427 4618 1554 4663 mecum
1574 4598 1616 4663 de

514 4688 564 4753 his
578 4688 675 4755 rebus
690 4694 819 4772 sentire,
836 4718 945 4761 meum
959 4720 1028 4765 nou
1042 4707 1092 4765 est
1106 4702 1184 4784 quid
1201 4702 1345 4767 sentiant
1360 4702 1415 4767 alii
1429 4700 1615 4785 disquirere,

887 4820 898 4853 ¹¹
915 4825 1030 4888 hboram]
1043 4830 1131 4876 labores
1141 4828 1178 4877 ed.
1191 4829 1239 4881 ¹7⁶.
