3825 5759
422 619 817 685 observatromr
839 621 1125 686 bOEDICABL'M
1148 627 1199 680 lv.
1216 633 1243 681 s.
1326 622 1388 684 187

295 779 349 842 bus
370 781 415 844 ita
435 791 484 846 est
507 783 642 861 exitiale,
657 791 695 846 ut
718 783 802 846 inter
820 783 1007 866 praecipuos
1028 783 1201 846 Parearum
1223 782 1389 846 ministros
1404 799 1433 847 st
1434 813 1543 846 ιιιιιιι

290 884 356 965 jure
370 883 535 964 habeatur,
553 886 657 969 plures
675 886 827 968 jugulans
849 907 944 969 quam
962 885 1013 948 vel
1026 885 1115 968 ipsae
1133 886 1290 962 ramulae,
1311 906 1387 947 nec-
1403 867 1545 943 Q

293 983 364 1048 dum
378 985 556 1052 mihivisus
570 987 786 1071 estquieerta
800 987 1387 1072 aliametbodoeidempotuitoecur

292 1107 364 1151 rere.
409 1089 500 1155 Quin
511 1099 543 1153 et
558 1091 732 1170 diarrhoea,
744 1113 841 1174 quam
856 1091 1025 1154 Morbillos
1035 1091 1179 1174 excipere
1199 1092 1234 1176 [1
1243 1094 1291 1174 4.]
1307 1090 1388 1154 dixi·

292 1209 367 1268 mus,
381 1193 637 1258 veneesectione
658 1194 777 1276 pariter
798 1203 946 1270 senatun
969 1215 1044 1257 cum
1059 1194 1147 1256 enim
1165 1193 1319 1257 balitibus
1338 1194 1388 1258 in·

293 1291 440 1358 flammati
454 1295 621 1377 sanguinis
640 1295 676 1357 in
689 1295 842 1360 intestina
858 1295 1027 1360 ruentrbus
1040 1305 1149 1360 ortum
1163 1317 1258 1360 suum
1272 1297 1390 1360 debeat

295 1394 385 1476 (quod
399 1396 499 1460 etiam
518 1397 554 1460 in
572 1396 750 1480 pleuritica,
764 1398 1036 1482 peripneumonia,
1051 1398 1183 1480 aliisque
1205 1399 1261 1480 qui
1281 1399 1323 1462 ab
1340 1399 1390 1462 in-

293 1495 505 1563 flammatione
520 1507 670 1564 creantur
683 1500 810 1578 morbis,
828 1523 889 1564 usu
903 1501 1013 1582 venit)
1031 1523 1051 1564 a
1065 1499 1181 1582 qmbus
1200 1499 1256 1562 illa
1273 1500 1316 1563 ad
1337 1522 1391 1564 ex·

293 1600 462 1665 cretionem
486 1602 702 1680 stimulantur,
724 1603 791 1668 sola
815 1604 1029 1672 vensesectio
1050 1603 1197 1666 levamen
1219 1601 1353 1681 adimet,
1372 1625 1393 1666 a

293 1721 351 1782 qua
370 1711 444 1768 tum
461 1705 660 1768 revelluntur
680 1726 766 1769 acres
788 1705 842 1770 isti
862 1707 1024 1784 humores,
1039 1715 1110 1768 tum
1135 1704 1234 1767 etiam
1259 1705 1392 1787 sanguis

293 1803 330 1864 ad
343 1804 488 1870 debitam
501 1806 657 1888 redigitur
669 1809 867 1891 temperiem.

333 1902 395 1994 [8.]
420 1907 539 1992 Neque
559 1917 608 1972 est
627 1929 685 1972 cur
698 1910 768 1993 quis
789 1911 925 1976 miretur
945 1932 999 1974 me
1018 1911 1054 1974 in
1072 1909 1193 1974 teneris
1213 1909 1392 1974 mtmtibus
1407 1929 1537 1977 elleboro

293 2012 578 2076 venae-sectionem
592 2011 822 2076 instituendam
833 2013 976 2091 suadere,
984 2035 1061 2078 cum
1072 2013 1205 2096 sanguis
1221 2015 1392 2097 (quantum
1405 1994 1550 2106 ffl'ffl,

293 2129 349 2191 ego
362 2112 522 2178 hactenus
536 2113 694 2197 potuerim
712 2115 899 2198 observare)
917 2115 1005 2179 baud
1018 2116 1128 2179 minus
1141 2124 1214 2180 tuto
1228 2139 1268 2180 ex
1282 2139 1392 2182 eorum
1406 2124 1541 2170 iufmtibu⁸

295 2213 378 2277 venis
393 2237 493 2298 quam
513 2237 550 2280 ex
573 2215 755 2281 adultorum
776 2219 981 2296 extrabatm3
1003 2226 1037 2282 et
1053 2219 1197 2303 profecto
1215 2220 1263 2284 ita
1275 2229 1325 2284 est
1339 2220 1395 2283 illa
1406 2204 1509 2302 ml„

294 2318 471 2382 noeessaria
484 2327 521 2381 ut
535 2339 595 2382 nec
613 2321 818 2402 symptomati
832 2331 1020 2400 memorato,
1034 2343 1095 2386 nec
1117 2323 1187 2386 aliis
1201 2324 1395 2406 quibusdam

293 2439 369 2500 quae
397 2421 579 2488 infantibus
607 2424 746 2489 accidere
775 2426 889 2504 solent,
915 2426 1034 2492 omissa
1057 2427 1279 2510 phlebotomia
1307 2435 1396 2491 certo

294 2729 436 2808 Veniunt,
454 2730 538 2810 (cum
561 2731 760 2814 gingivarum
779 2732 1030 2796 intumescentia
1048 2732 1231 2812 doloreque,
1247 2752 1267 2793 a
1281 2729 1397 2812 quibus
1410 2737 1539 2810 aeneum·

296 2831 551 2914 comprimuntur
569 2833 657 2896 nervi
679 2841 774 2917 atque
795 2834 973 2912 irritantur,
987 2831 1076 2895 unde
1097 2831 1195 2894 etiam
1217 2829 1398 2912 paroxysmi
1410 2814 1553 2924 ξζξῗζῖῗι

296 2929 346 2993 isti
367 2935 569 3014 nascuntur)
587 2934 654 2998 sine
669 2937 922 3000 venae-sectione
942 2954 1037 3016 opem
1050 2933 1214 2995 feremus?
1236 2951 1318 3012 quae
1332 2929 1401 2993 sola
1411 2926 1556 3037 lgmffif

297 3031 329 3095 in
354 3035 443 3100 dicto
472 3037 589 3100 affectu
614 3039 765 3120 specificis
789 3039 1031 3122 quibuscunque
1050 3035 1101 3096 vel
1123 3031 1400 3108 decantatissimis,
1427 3005 1458 3052 μ
1547 3025 1554 3044 ’

297 3157 376 3218 quae
391 3139 547 3203 hactenus
558 3139 735 3219 innotuere,
747 3141 843 3223 longe
854 3147 903 3205 est
915 3137 1125 3202 anteferenda
1133 3161 1143 3214 ;
1166 3157 1304 3218 quorum
1318 3156 1400 3197 non-

296 3242 386 3305 nulla
407 3243 581 3306 adventitio
602 3245 705 3308 calore
727 3253 845 3309 nocent
867 3244 977 3320 etiam,
995 3250 1029 3307 et
1051 3242 1130 3305 dum
1150 3240 1277 3305 occulta
1296 3239 1401 3322 aliqua

216 3397 219 3406 .
296 3344 489 3426 proprietate
504 3345 616 3410 morbo
627 3345 785 3410 adversari
795 3346 982 3422 creduntur,
992 3345 1163 3408 mardfesto
1177 3343 1282 3407 calore
1296 3342 1402 3406 eidem

299 3446 449 3524 militant,
480 3455 576 3531 atque
613 3469 745 3530 aegrum
775 3449 817 3512 ad
853 3449 960 3530 plures
997 3447 1170 3510 deducrmt.
1230 3445 1402 3509 Praetereo

299 3546 596 3632 impraesentiarum
621 3551 735 3632 ingens
763 3550 844 3614 illud
870 3549 1020 3614 solatium
1049 3549 1134 3632 quod
1159 3547 1263 3612 adfert
1287 3557 1401 3611 venae
1414 3560 1537 3636 {uratum

300 3651 398 3714 sectio
426 3651 587 3716 infantum
615 3652 761 3735 pertussi,
791 3654 901 3734 (quam
930 3659 1091 3715 nostrates
1116 3658 1232 3714 vocant
1257 3633 1477 3735 Hoopinqssffg
1485 3641 1539 3736 Ρξζῐ

303 3755 429 3834 00119111
446 3754 481 3817 in
495 3776 557 3838 qua
575 3753 717 3818 remedia
731 3753 891 3836 quaelibet
906 3752 1029 3836 pectori
1044 3751 1149 3816 dicata
1167 3752 1265 3833 longo
1279 3759 1352 3833 post
1370 3723 1547 3864 1911511001-

300 3853 416 3937 linquit
430 3855 598 3920 intervallo
606 3855 629 3918 d.
1416 3832 1432 3862 v
1460 3831 1534 3864 sivae.

351 3957 411 4040 [9.]
440 3957 536 4024 Quod
547 3959 587 4021 de
600 3959 715 4021 horum
731 3966 992 4041 symptomatum,
1005 3956 1164 4020 Morbillis
1176 3953 1404 4018 decedentibus

303 4060 604 4141 supervenientium,
620 4059 785 4124 curatione
803 4061 872 4142 jam
893 4059 1040 4135 diximus,
1054 4075 1288 4136 nonnunquam
1307 4053 1405 4114 etiam

304 4163 425 4227 eisdem
448 4164 635 4228 florentibus
664 4171 771 4247 potest
801 4173 992 4246 competere,
1015 4162 1042 4223 si
1065 4160 1218 4222 nimirum
1244 4156 1406 4237 artificiali

307 4263 345 4344 (si
359 4263 407 4326 fas
422 4273 470 4328 est
490 4265 615 4347 dicere)
638 4274 733 4349 atque
749 4265 906 4328 adscititio
924 4262 1022 4326 calori
1039 4281 1079 4324 ea
1099 4259 1286 4322 debeantur.
1333 4255 1406 4318 Hoc

304 4388 390 4430 anno
414 4369 498 4432 1670
518 4367 671 4431 famulam
693 4367 850 4431 Dominae
871 4369 987 4429 Annae
1011 4362 1193 4442 Barington
1212 4359 1272 4422 hoc
1294 4357 1407 4421 morbo

305 4467 514 4547 laborantem,
535 4491 601 4532 una
622 4490 695 4532 cum
716 4467 814 4546 febre,
836 4467 1008 4550 dyspnoea,
1026 4461 1220 4543 maculisque
1241 4459 1408 4543 purpureis

306 4589 420 4651 corpus
457 4591 551 4632 omne
588 4569 843 4652 deturpantibus,
881 4567 1014 4648 aliisque
1053 4562 1276 4648 symptomatis
1312 4582 1409 4644 quam

307 4671 452 4753 plurimis
476 4670 754 4753 periculosissimis,
777 4670 920 4733 medicus
942 4667 1138 4743 invisebam3
1161 4687 1235 4729 cum
1262 4661 1411 4746 regimini

533 4795 545 4828 1
563 4797 601 4845 Cf.
613 4801 688 4859 Epist.
702 4799 807 4856 drepana.
822 4799 841 4846 1.
855 4799 867 4856 1
880 4797 925 4853 17ς
944 4797 1047 4843 Procru.
1060 4795 1106 4842 lut.
1118 4809 1140 4840 c.
1153 4795 1193 4839 44.
