3825 5759
701 654 963 721 nancradus
987 656 1015 720 Ι.
1344 662 1410 724 417

304 830 306 837 ·
358 812 441 899 [16.]
468 814 617 899 Podagra
635 815 791 880 foeminas
810 836 941 899 perraro
960 816 1103 896 infestat,
1123 837 1240 901 easque
1259 839 1326 882 non
1346 819 1409 883 nis'i
1431 830 1554 880 Darou

305 914 374 998 jam
393 918 528 996 vetulas,
548 924 581 982 et
600 918 769 1001 viragines,
789 939 847 981 seu
868 939 1000 1002 corpore
1021 920 1237 984 masculorum
1258 920 1408 985 habitum
1421 909 1530 1031 5⁸⁰⁸*

309 1020 519 1084 aemulantes.
566 1020 767 1099 Graciliores,
788 1041 868 1103 quae
889 1022 941 1085 vel
962 1022 998 1083 in
1020 1022 1235 1086 adolescentia
1255 1024 1306 1087 vel
1330 1045 1406 1088 con.
1420 1000 1546 1105 &22⁸⁹

309 1121 410 1184 stanti
435 1128 540 1185 aetate
566 1129 782 1206 symptomata
806 1122 976 1205 patiuntur
997 1123 1178 1207 Podagram
1203 1124 1405 1206 mentientia,
1419 1111 1560 1224 fflffl'ef‘
1675 1181 1679 1193 .

275 1270 289 1293 .
309 1240 348 1284 ea
369 1221 438 1305 ipsa
459 1223 509 1286 vel
531 1222 698 1288 affectibus
723 1224 901 1307 hystoricis,
924 1225 976 1287 vel
995 1225 1228 1291 rheumatismo
1254 1249 1319 1311 quo
1337 1230 1407 1312 jam
1419 1179 1543 1288 nonnisi)

309 1322 387 1386 olim
406 1324 594 1389 laborarunt
609 1332 642 1389 et
657 1326 749 1409 cujus
768 1325 869 1389 fomes
889 1346 957 1389 non
975 1327 1053 1390 satis
1072 1327 1166 1392 initio
1183 1329 1290 1393 fumat
1305 1332 1406 1395 elimi-
1419 1306 1552 1431 {ffieff

308 1430 415 1502 natus,
432 1432 562 1510 accepta
575 1427 730 1490 referunt.
915 1476 918 1483 ⁴
1418 1433 1524 1482 infesta

351 1525 468 1609 Neque
496 1548 622 1611 pueros,
648 1549 753 1611 neque
783 1528 957 1612 juvenibus
986 1529 1127 1595 minores
1155 1532 1304 1615 Podagra
1331 1556 1406 1599 vera
1418 1498 1559 1623 &qm

308 1633 405 1711 atque
425 1630 568 1712 genuina
586 1636 715 1695 vexatos
734 1631 892 1695 hactenus
912 1631 1092 1695 observavi:
1123 1635 1273 1697 nonnulli
1294 1626 1548 1748 tamenffiffflff

307 1733 388 1796 mihi
402 1734 473 1798 uoti
488 1742 575 1814 suut,
592 1735 657 1818 qui,
672 1735 859 1819 priusquam
874 1756 946 1799 eam
966 1742 1104 1801 aetatem
1120 1737 1313 1819 attigissent,
1328 1737 1405 1801 levi-
1417 1762 1507 1800 vemt
1517 1769 1560 1815 ga

306 1836 413 1899 culam
443 1836 583 1919 aliquam
616 1838 708 1918 quasi
735 1836 955 1902 velitationem
987 1845 1242 1921 praesenserant,
1267 1840 1405 1922 quorum
1416 1818 1559 1943 Ῑζῖηῃζξξά

305 1957 422 2019 nempe
450 1946 557 2021 patres
583 1940 681 2002 etiam
710 1946 790 2003 tunc
819 1940 880 2004 hoc
905 1940 1019 2005 morbo
1047 1948 1237 2005 tenerentur
1265 1963 1340 2005 cum
1365 1942 1404 2006 iis
1417 1946 1551 2021 nptursle·

306 2040 497 2123 generandis
515 2062 644 2125 operam
665 2042 789 2107 darent.
834 2044 944 2127 Atque
964 2043 1017 2107 hic
1037 2043 1165 2127 explicit
1182 2044 1287 2108 morbi
1306 2044 1404 2128 hujus
1415 2009 1549 2121 Qui,

304 2142 448 2208 historia.
718 2184 722 2191 ·
831 2184 834 2191 ·
1246 2193 1249 2202 ¹
1416 2137 1553 2213 litationem

1416 2210 1549 2265 praeseuti-

353 2246 435 2329 [17.]
463 2247 585 2311 Omnes
607 2248 707 2313 animi
728 2270 842 2315 nervos
864 2250 958 2316 variis
979 2250 1114 2334 hujusce
1137 2249 1242 2315 morbi
1263 2250 1404 2334 phaeno·
1417 2267 1557 2329 atquibus

303 2348 407 2411 menis
433 2350 688 2434 contemplandis
718 2353 834 2417 acriter
854 2353 1038 2432 intendens,
1061 2354 1155 2417 illum
1185 2353 1323 2441 orobba,
1346 2374 1404 2418 seu
1416 2333 1558 2444 ffi‘lloe

303 2448 513 2515 labefactatae
533 2458 602 2515 tam
623 2453 659 2516 in
680 2454 826 2536 partibus
847 2476 943 2539 quam
963 2456 1065 2519 succis
1088 2457 1228 2538 corporis
1246 2458 1403 2521 universis
1415 2461 1521 2535 gninium

303 2552 512 2631 concoctioni,
532 2562 641 2618 ortum
661 2555 777 2619 debere
799 2557 965 2621 existimo:
993 2558 1120 2621 inistis
1142 2559 1231 2621 enim
1253 2559 1307 2640 qui
1326 2539 1528 2637 huiciffffi

302 2653 415 2718 morbo
435 2652 667 2733 sunt'obnoxii,
683 2676 757 2720 eum
774 2658 843 2741 jam
858 2658 908 2721 vel
928 2665 1034 2721 aetate
1052 2658 1174 2721 fuerint
1189 2660 1337 2738 confecti,
1352 2662 1403 2724 vel
1417 2663 1520 2713 Morbus

249 2760 254 2768 “
302 2756 478 2819 effraenata
488 2777 615 2819 morum
630 2758 760 2821 licentia
771 2764 972 2822 senectutem
985 2759 1220 2841 praematurius
1232 2761 1402 2823 accersive-
1415 2725 1556 2841 ifflffi

301 2855 378 2936 rint,
395 2856 525 2939 spiritus
544 2859 698 2922 animales
716 2880 772 2941 per
791 2866 898 2923 totum
917 2879 1032 2942 corpus
1050 2858 1215 2938 deficiunt,
1230 2860 1402 2926 immodico

300 2958 507 3045 functionum
535 2958 571 3021 in
600 2959 782 3041 juventutis
812 2958 916 3022 calore
945 2958 1223 3041 vegetissimarum
1253 2961 1402 3025 exercitio

301 3060 504 3143 consumpti;
526 3059 615 3123 verbi
633 3058 745 3143 gratia,
761 3080 973 3144 praepropero
991 3058 1154 3143 nimioque
1173 3060 1310 3124 Veneris
1328 3083 1400 3139 usu,
1415 3079 1466 3130 Qui
1477 3082 1542 3141 vino,

300 3163 423 3226 insanis
451 3161 757 3244 improbissimisque
786 3162 948 3226 laboribus
978 3161 1094 3245 quibus
1124 3160 1275 3227 ardenter
1303 3144 1554 3259 atqueffjrssgffss‘·

299 3264 459 3329 indefesse
481 3264 700 3346 voluptatibus
725 3264 914 3343 inserviunt,
937 3271 971 3327 et
996 3263 1047 3327 his
1072 3262 1240 3327 similibus.
1283 3264 1400 3329 Acces-
1413 3273 1538 3351 improbis.

301 3368 342 3431 sit
357 3368 465 3446 etiam,
482 3367 546 3431 sive
561 3366 601 3431 ab
618 3366 721 3446 annis,
737 3368 802 3432 sive
818 3367 858 3431 ab
875 3367 1003 3445 inertia,
1019 3367 1242 3431 exercitiorum
1260 3368 1400 3451 corporis
1413 3338 1555 3461 {lim}

300 3470 417 3554 quibus
443 3470 519 3534 olim
545 3477 750 3534 assueverant
771 3468 965 3535 intermissio
986 3470 1038 3534 vel
1063 3468 1198 3534 cessatio
1219 3471 1398 3554 repentina,
1412 3467 1524 3543 temque·

302 3574 452 3657 (quorum
473 3594 536 3637 usu
556 3578 629 3636 tum
651 3572 782 3655 sanguis
807 3570 1025 3654 invigoratior,
1044 3578 1118 3636 tum
1138 3571 1280 3655 partium
1301 3580 1399 3637 tonus
1411 3546 1538 3644 ilidii?

299 3674 421 3739 firmior
442 3680 475 3739 et
495 3674 694 3739 constantior
715 3673 838 3739 solebat
858 3672 972 3757 reddi)
991 3673 1080 3737 unde
1098 3674 1168 3757 jam
1187 3695 1303 3759 corpus
1321 3675 1397 3739 flac·
1411 3658 1536 3772 ζ’ζᾞὲν

298 3777 405 3855 cescit,
429 3783 462 3840 et
487 3776 709 3840 concoctiones
734 3798 801 3841 non
827 3774 971 3860 amplius
988 3783 1077 3841 recte
1101 3785 1330 3859 promoventur
1336 3803 1347 3856 3
1379 3787 1547 3865 edestrupnt

298 3884 412 3942 contra
427 3898 512 3957 vero,
533 3898 701 3942 succorum
720 3877 859 3961 corporis
877 3885 1087 3956 recrementa,
1107 3898 1189 3961 quae
1207 3879 1325 3943 talium
1342 3900 1396 3944 ex·
1409 3859 1553 3964 {Jffiffl

299 3980 482 4044 ercitiorum
511 4000 571 4064 ope
599 3980 688 4063 prius
717 3979 983 4058 excernebantur',
1009 3979 1126 4043 dehinc
1153 3980 1189 4043 in
1218 3982 1310 4059 vasis,
1337 4002 1398 4045 ceu
1409 3981 1539 4091 ffltrpipil·

298 4082 402 4146 morbi
431 4082 612 4160 seminium,
638 4082 868 4147 reconduntur.
912 4082 1161 4165 Nonnunquam
1190 4088 1223 4146 et
1252 4083 1397 4147 studium
1410 4058 1544 4163 pepppuqc-

298 4205 356 4248 seu
369 4184 538 4249 meditatio
557 4184 647 4248 dere
665 4183 814 4267 quapiam
835 4182 918 4246 seria
932 4203 969 4245 ae
984 4182 1140 4246 diuturna
1158 4183 1281 4247 malum
1295 4186 1395 4260 aurit,
1408 4170 1545 4281 ss‘gfflm

298 4308 362 4371 quo
376 4286 496 4351 scilicet
511 4285 642 4370 spiritus
661 4284 887 4349 defaecatiores
902 4290 936 4347 et
949 4283 1053 4365 magis
1067 4283 1212 4347 volatiles
1230 4305 1251 4346 a
1264 4304 1396 4349 concoc-

297 4390 424 4453 tionum
443 4410 553 4473 penso,
569 4387 655 4471 quod
673 4387 852 4451 debuerant
869 4384 1041 4463 absolvere,
1049 4384 1192 4448 'nimium
1212 4393 1394 4450 avocantur.

303 4490 385 4575 [18.]
412 4490 517 4571 Adde,
533 4490 619 4574 quod
632 4489 709 4553 huic
726 4486 839 4551 morbo
853 4486 984 4551 obnoxii
997 4507 1065 4549 non
1079 4486 1183 4549 solum
1200 4486 1345 4551 ciborum
1359 4488 1396 4552 in

298 4612 415 4675 genere
440 4592 507 4657 fere
533 4598 610 4656 sunt
632 4588 877 4675 appetentiores,
901 4586 957 4651 sed
983 4594 1150 4651 eteorum
1174 4588 1314 4652 maxime
1340 4590 1396 4673 qni

298 4694 481 4758 difficillime
502 4689 682 4759 ventriculo
705 4688 844 4770 cedunt;
876 4710 955 4773 quos
979 4710 1054 4753 cum
1079 4688 1168 4753 haud
1191 4690 1317 4773 parcius
1340 4691 1394 4755 de·

297 4803 410 4861 vorent
440 4815 537 4879 quam
565 4802 637 4861 tum
667 4792 807 4861 solerent
833 4814 908 4857 cum
937 4791 1093 4856 exercitiis
1121 4798 1302 4875 uterenttu,
1327 4815 1394 4858 non

810 4896 871 4959 bn
