3825 5759
420 607 819 673 OBsERVATIONUM
841 607 1126 672 MEDICARUM
1149 613 1182 665 V.
1201 618 1227 678 3,
1245 619 1270 666 s.
1327 610 1392 672 219

293 769 364 832 anni
393 770 488 848 1674,
513 769 718 833 Variolarum
744 769 883 852 speciem
907 752 1160 834 introducebant
1184 777 1253 834 tam
1279 791 1390 835 earnm
1402 788 1543 837 vinnm

291 871 434 950 similem,
453 878 492 934 ut
512 871 644 936 eaedem
664 871 762 935 istae*
783 872 933 936 revixisse
956 872 1089 936 omnino
1108 872 1304 953 viderentur,
1322 896 1390 940 nou
1402 855 1542 966 fffflg

289 975 366 1038 aliae
381 974 543 1038 subnasci.
588 975 671 1038 Cum
687 975 774 1038 enim
792 975 853 1057 (uti
875 975 944 1059 jam
964 975 1007 1058 [c.
1025 978 1055 1038 1.
1073 977 1091 1060 q
1107 975 1154 1059 4.]
1175 975 1337 1060 diximus)
1353 978 1389 1041 in
1403 983 1543 1062 Q

287 1077 388 1160 priore
403 1077 462 1140 illa
475 1077 679 1140 Variolarum
696 1076 799 1160 specie
814 1085 886 1160 post
902 1077 1026 1160 elapsos
1043 1077 1164 1161 priores
1180 1099 1282 1142 annos
1297 1079 1388 1159 duos,

287 1181 434 1262 pustulae
446 1179 555 1242 minus
566 1179 670 1242 indies
682 1180 794 1263 nigrae
805 1187 1038 1262 comparerent,
1049 1187 1082 1244 et
1093 1181 1279 1264 grandiores
1291 1183 1390 1246 etiam

286 1283 484 1365 pedetentim
494 1282 765 1365 conspicerentur,
775 1282 877 1346 donec
889 1291 1026 1346 exeunte
1035 1304 1122 1347 anno
1135 1285 1196 1349 167
1199 1287 1247 1348 3'
1256 1285 1389 1350 morbus

283 1386 348 1468 jam
368 1385 459 1450 mitis
485 1385 608 1468 (habita
628 1385 753 1468 generis
775 1385 924 1469 ratione)
948 1406 987 1448 ac
1005 1385 1167 1468 benignus
1190 1394 1293 1466 esset3
1317 1389 1387 1472 jam

286 1489 422 1570 pristina
442 1487 571 1566 ferocia,
587 1494 620 1551 et
639 1488 781 1551 infausto
800 1488 960 1551 malorum
984 1495 1240 1572 symptomatum
1259 1491 1389 1572 agmine

285 1591 431 1674 stipatus,
448 1591 557 1655 denuo
572 1590 802 1654 revertebatur.
836 1590 969 1654 Etenim
987 1591 1137 1673 pustulae
1151 1591 1321 1674 fuliginem
1337 1594 1387 1656 ni-

286 1694 417 1774 gredine
429 1694 623 1776 aequabant,
635 1693 692 1757 ubi
703 1714 819 1776 nempe
829 1694 1054 1772 confluxerint,
1064 1700 1098 1758 et
1113 1715 1208 1776 aeger
1219 1717 1287 1759 non
1297 1695 1388 1778 prins

286 1798 529 1881 extingueretur
540 1819 636 1881 quam
649 1796 690 1860 ad
705 1796 927 1860 maturitatem
937 1796 1020 1861 istae
1031 1797 1235 1880 pervenerint
1243 1824 1253 1876 3
1272 1798 1387 1862 imma·

285 1906 374 1964 turae
390 1900 480 1964 enim
495 1899 604 1964 fuscae
621 1906 752 1964 tantum
767 1906 861 1964 erant
876 1899 991 1965 colore.
1037 1900 1192 1964 Pustulae
1207 1901 1386 1985 quinetiam
1398 1921 1511 1972 Varrone

284 2003 474 2086 perpusillae
486 2009 589 2081 erant,
602 2001 629 2065 si
644 2023 854 2080 numerosae;
872 2021 994 2086 paucae
1009 2002 1096 2066 enim
1106 2001 1302 2068 ubifuerant
1313 2011 1385 2068 tan·
1398 1986 1540 2102 ξζξξζίξζζζ

284 2111 361 2182 tum,
376 2104 466 2168 haud
481 2111 574 2172 erant
588 2105 729 2168 minores
741 2126 837 2189 qnam
852 2105 888 2168 in
903 2105 974 2168 aliis
985 2105 1191 2169 Variolarnm
1203 2105 1385 2190 generibus,
1398 2117 1481 2180 nigras

283 2208 393 2291 nigrae
412 2229 487 2272 vero
508 2207 679 2272 rarissime.
724 2207 833 2272 Verbo
856 2207 971 2287 dicam,
991 2208 1070 2272 istas
1092 2230 1173 2292 quas
1195 2231 1282 2274 anno
1301 2211 1386 2277 1670
1397 2197 1457 2295 ζξξζ
1467 2183 1529 2295 ,ἷξε

283 2310 507 2396 descripsimus
526 2311 604 2374 satis
625 2311 806 2375 referebant
815 2336 825 2389 3
847 2311 923 2376 licet
945 2333 1012 2376 non
1032 2312 1067 2375 in
1083 2312 1233 2377 omnibus
1251 2335 1326 2378 cum
1345 2315 1386 2378 iis
1397 2312 1489 2360 ‘0¹2⁰‘

282 2415 487 2496 quadrarent,
503 2413 660 2478 distarent
683 2420 793 2478 autem
814 2414 960 2498 pauculis
983 2414 1185 2497 quibusdam,
1210 2437 1292 2500 qnae
1315 2417 1384 2501 qui-
1399 2426 1540 2480 Putredinis

282 2516 354 2580 dem
383 2518 540 2600 majorem
564 2516 624 2580 sub
653 2515 703 2580 his
729 2538 827 2599 quam
851 2516 914 2580 illis
941 2517 1012 2581 aliis
1040 2518 1247 2600 putredinem
1271 2518 1383 2597 latere,
1396 2494 1532 2607 {¹}{j,⁰{{,⁸b{'

280 2627 480 2704 satanaeque
499 2640 552 2683 eas
574 2640 643 2683 esse
664 2619 766 2702 magis
789 2640 912 2684 crassae
934 2627 968 2683 et
989 2620 1219 2700 inconcoctilis,
1235 2621 1383 2685 ostende·
1395 2621 1523 2679 lanatu-

280 2721 379 2800 bant;
409 2730 555 2786 matsuae
578 2723 665 2786 enim
691 2723 783 2806 pejus
805 2722 946 2801 olebant,
968 2722 1017 2785 ita
1040 2729 1079 2785 ut
1100 2722 1221 2786 eisdem
1245 2724 1383 2805 graviter
1394 2701 1541 2812 {ididiam

279 2823 463 2890 laborantes
485 2846 560 2909 prae
574 2825 696 2889 foetore
711 2825 762 2888 vix
777 2825 902 2907 quirem
922 2824 1082 2888 accedere.
1127 2823 1263 2887 Tardius
1283 2825 1382 2887 etiam
1395 2830 1518 2928 3013ῧῦ-

279 2928 447 3010 periodum
484 2927 701 3006 absolvebant,
737 2927 977 3009 haerebantque
1014 2925 1147 3005 diutins,
1182 2947 1279 3008 quam
1316 2927 1383 2991 ulla
1492 2916 1498 2929 ⁸

279 3032 399 3114 species
415 3032 477 3094 alia
491 3053 588 3116 qnam
602 3031 684 3094 mihi
698 3031 803 3094 adhue
816 3029 923 3094 videre
938 3028 1085 3111 contigit.

328 3134 390 3218 [2.]
418 3134 545 3198 Notatu
567 3134 699 3198 interim
721 3141 770 3197 est
794 3131 998 3216 perdignum,
1022 3131 1109 3214 quod
1130 3137 1253 3214 quanto
1272 3132 1383 3197 mitior
1396 3149 1497 3227 Quanto

1395 3224 1477 3264 mrtror

1396 3281 1475 3328 morbi
1484 3298 1539 3345 spe-

279 3242 328 3299 est
342 3236 448 3300 morbi
463 3236 592 3320 species,
604 3243 697 3300 tanto
712 3235 807 3299 citius
817 3234 967 3318 pustulae
982 3233 1022 3298 ad
1038 3235 1272 3313 maturitatem,
1285 3241 1382 3318 atque

278 3339 411 3404 morbus
434 3339 475 3403 ad
500 3342 599 3402 finem
629 3338 826 3423 perducitur.
872 3337 926 3401 Ita
953 3337 990 3400 in
1016 3337 1122 3420 specie
1150 3337 1215 3400 ista
1242 3338 1383 3421 regulari
1396 3345 1529 3422 clamne

279 3441 485 3506 Variolarum
500 3441 742 3507 confluentium
758 3461 839 3524 qnae
858 3461 945 3507 anno
966 3441 1050 3505 1667
1071 3441 1217 3524 ingressa
1236 3448 1295 3519 est,
1315 3441 1383 3504 dies
1395 3421 1534 3525 &2⁸3⁹

278 3543 469 3609 undecimus
494 3546 672 3610 maximum
695 3542 860 3608 adferebat
883 3544 968 3607 vitae
990 3543 1173 3622 discrimen,
1196 3565 1261 3630 quo
1284 3545 1383 3609 semel
1396 3541 1522 3654 ἓξὲξ·

1447 3639 1453 3661 ‚
1514 3633 1526 3644 .

278 3647 396 3730 elapso,
418 3669 487 3711 non
513 3647 650 3730 amplius
675 3653 713 3710 nt
739 3646 915 3729 plurimum
941 3667 1038 3729 aegro
1063 3647 1276 3711 metuendum
1302 3654 1381 3712 erat.
1395 3669 1484 3717 bursa

279 3749 322 3812 In
336 3751 480 3834 proxime
495 3749 641 3832 sequenti
657 3749 759 3832 specie
775 3749 923 3813 anomala
938 3748 1182 3812 Confluentium
1193 3771 1275 3833 quae
1288 3750 1383 3814 initio
1396 3733 1538 3847 gfff

279 3853 357 3914 anni
380 3852 466 3918 1670
480 3859 655 3936 coeperunt
675 3851 835 3930 invadere,
854 3870 950 3933 aeger
972 3849 1025 3914 die
1045 3851 1170 3915 decimo
1192 3859 1318 3934 quarto,
1333 3853 1385 3916 vel

279 3952 320 4016 ad
342 3961 523 4018 extremum
550 3953 843 4038 decimoseptimo,
866 3952 1006 4016 maxime
1028 3952 1280 4036 periclitabatur,
1304 3975 1384 4038 quos

278 4055 306 4118 si
321 4078 415 4139 aeger
429 4057 635 4140 superaverit,
652 4056 757 4120 salvus
777 4055 911 4121 omnino
931 4060 1011 4132 erat,
1026 4075 1086 4118 nec
1107 4076 1290 4137 quenquam
1310 4063 1383 4139 post

277 4155 366 4220 hunc
389 4157 475 4222 diem
497 4158 538 4221 ab
560 4158 621 4222 hoc
641 4157 753 4221 morbo
773 4157 1006 4238 interemptum
1027 4154 1185 4219 hactenus
1207 4155 1382 4220 observavi.

278 4260 324 4323 At
342 4281 415 4324 vero
436 4260 472 4323 in
490 4260 552 4324 hac
574 4261 677 4344 specie
695 4259 948 4336 confluentium,
964 4278 1060 4340 aeger
1081 4257 1180 4320 etiam
1200 4263 1274 4339 post
1296 4257 1382 4321 diem

277 4361 464 4426 vicesimum
479 4362 763 4428 contrucidabatur
771 4389 781 4440 ;
803 4381 1041 4442 nonnunquam
1060 4367 1094 4423 et
1108 4359 1136 4422 si
1149 4360 1383 4426 convalesceret

282 4463 375 4546 (quae
393 4487 569 4549 pancorum
584 4487 651 4528 sors
666 4465 756 4546 erat)
774 4485 841 4528 uon
853 4469 984 4525 tantum
998 4461 1098 4525 tibiae
1111 4460 1381 4543 intumescebant,

283 4567 380 4650 (qnod
401 4568 531 4650 quidem
550 4568 587 4632 in
604 4568 743 4632 Variolis
759 4565 1006 4631 confluentibus
1027 4565 1207 4650 quibusque
1226 4566 1382 4634 familiare

312 4735 323 4757 '
340 4729 804 4792 caraecarae...viderentur...attae]
882 4733 897 4755 '
917 4726 992 4790 1673]
1014 4727 1055 4774 Sic
1072 4743 1126 4790 sup.
1146 4745 1165 4775 c.
1189 4730 1209 4776 l.
1230 4732 1242 4788 t
1264 4731 1293 4783 4;
1316 4731 1380 4778 rnale

280 4797 356 4842 eodem
368 4797 413 4841 isto
427 4828 433 4840 .
445 4828 450 4840 .
463 4803 582 4843 .-νάπη
596 4829 601 4841 .
614 4831 620 4842 .
633 4797 680 4841 clia
692 4795 728 4841 cd.
741 4795 789 4844 76.
853 4792 923 4848 1663,
936 4792 989 4840 edd.
1002 4793 1049 4849 76,
1062 4795 1109 4840 ¹85.
