3825 5759
689 672 953 741 nancradus
977 676 1025 743 ΙΙ.
1343 679 1408 744 469

306 842 487 921 expugnat:
510 856 627 921 nempe
647 835 804 919 manipuli
820 842 887 901 tres
905 836 1032 901 corticis
1049 835 1212 901 interioris
1232 834 1411 901 sambucis
1439 854 1482 903 ne
1494 853 1551 901 ΗΥ.

306 938 395 1021 ligno
406 939 511 1002 derasi
525 939 560 1002 in
576 938 666 1003 libris
677 937 803 1003 duabus
816 960 917 1023 aquae
929 947 963 1004 et
972 939 1066 1004 lactis
1078 940 1175 1003 simul
1186 940 1356 1005 mistorum
1368 940 1409 1005 ad
1450 932 1546 967 '’¹¹⁰¹’‘

306 1042 423 1106 libram
438 1064 538 1107 unam
552 1042 788 1126 incoquantur;
811 1042 934 1107 decocti
948 1042 1047 1128 hujus
1062 1043 1163 1106 altera
1173 1042 1329 1106 medietas
1340 1063 1407 1106 ma·
1420 1008 1565 1120 fflffio.

307 1167 360 1224 ne,
376 1145 477 1209 altera
496 1164 576 1223 sero,
592 1143 735 1228 quotidie
755 1150 938 1208 assumatur
958 1144 1060 1208 donec
1082 1164 1178 1227 aeger
1197 1144 1406 1209 convalescat.
1419 1137 1564 1248 {immor

310 1248 383 1311 Hoc
404 1247 584 1312 remedium
606 1255 639 1311 et
660 1246 868 1312 vomitionem
891 1246 954 1311 ciet
976 1254 1010 1310 et
1036 1246 1349 1329 catharsin,pa1iter
1370 1265 1566 1313 acrommmor-

309 1372 420 1417 crocus
443 1352 658 1431 metallorum,
682 1372 719 1417 ac
747 1350 882 1436 proinde
912 1350 1025 1417 eodem
1051 1352 1147 1416 modo
1174 1352 1325 1416 morbum
1353 1329 1557 1457 diffidi?

309 1456 409 1539 pellit,
432 1476 499 1519 non
521 1456 552 1519 vi
578 1456 685 1539 aliqua
709 1455 872 1539 specifica:
903 1454 1053 1538 quocirca
1073 1455 1101 1519 si
1122 1462 1272 1519 neutram
1291 1454 1565 1535 haumnpnsutem

310 1560 534 1643 operationum
553 1566 703 1643 praestet,
725 1559 774 1623 vel
795 1558 822 1622 si
841 1558 1046 1623 mediocriter
1065 1579 1102 1623 ac
1120 1580 1226 1642 parce,
1244 1580 1287 1622 ne
1307 1559 1412 1623 hilum
1423 1522 1543 1651 :gii-1¹2²:

310 1660 439 1743 prodest
469 1660 617 1744 quidem;
651 1660 707 1724 ubi
733 1681 807 1724 vero
837 1660 1026 1725 alterutram
1055 1661 1203 1744 producit
1232 1660 1412 1739 efficaciter,

310 1763 449 1827 maxime
475 1784 550 1827 vero
581 1763 608 1825 si
633 1770 815 1847 utramque,
838 1764 919 1828 mire
945 1764 987 1828 ad
1012 1764 1101 1829 hunc
1125 1764 1276 1829 morbum
1305 1764 1412 1829 debel-

310 1866 444 1930 landum
460 1866 594 1930 confert.

359 1967 444 2055 [3l.]
468 1970 514 2033 At
526 1989 604 2032 sane
618 1968 716 2052 (quod
728 1970 810 2034 serio
821 1969 1141 2035 animadvertendum
1152 1973 1225 2055 est)
1238 1971 1326 2035 haud
1340 1992 1414 2036 raro

311 2072 427 2136 accidit
441 2080 479 2136 ut
494 2094 578 2156 aqua
596 2093 664 2136 non
684 2074 789 2137 solum
810 2074 846 2136 in
868 2095 964 2139 crura
978 2096 1015 2140 ac
1028 2075 1125 2140 tibias
1140 2076 1342 2155 deturbetur,
1357 2077 1415 2141 sed

312 2175 410 2238 etiam
434 2175 470 2237 in
493 2175 597 2259 ipsam
622 2174 804 2239 abdominis
828 2178 1000 2242 cavitatem
1024 2179 1165 2263 depluat,
1192 2200 1274 2263 quae
1302 2186 1414 2244 tamen

311 2277 555 2341 medicamentis
575 2278 759 2341 catharticis
779 2278 844 2344 sive
864 2278 928 2345 ἄνω
948 2282 1013 2345 sive
1032 2279 1119 2346 κάτω
1138 2282 1331 2347 ducentibus
1346 2304 1414 2346 om·

311 2380 390 2443 nino
401 2378 558 2444 elicienda
567 2402 635 2444 non
650 2386 718 2444 est:
741 2380 830 2445 verbi
845 2384 958 2466 gratia,
971 2384 1096 2467 quoties
1106 2384 1292 2469 hujusmodi
1305 2392 1416 2449 tumor

312 2483 362 2547 vel
378 2482 524 2567 phthisin
544 2482 733 2547 diuturnam
750 2485 888 2569 exeipit;
911 2486 961 2550 vel
979 2508 999 2549 a
1012 2488 1171 2551 viscerum
1192 2487 1327 2572 alicujus
1341 2487 1414 2552 labe

313 2608 350 2651 ac
366 2586 538 2671 putredine
557 2588 702 2651 nascitur
710 2612 720 2664 3
744 2588 795 2650 vel
816 2588 1021 2670 asanguinis
1040 2596 1112 2653 tono
1129 2590 1169 2671 (si
1189 2590 1238 2654 ita
1257 2591 1346 2673 loqui
1365 2591 1414 2654 fas

313 2690 384 2772 est,)
410 2710 478 2753 non
507 2695 638 2752 tantum
663 2689 815 2767 relaxato,
840 2689 897 2752 sed
922 2697 956 2753 et
982 2690 1157 2774 deperdito,
1182 2712 1220 2756 ac
1248 2692 1414 2775 spiritibus

313 2792 442 2877 penitus
456 2790 639 2869 exhaustis3
654 2791 705 2855 vel
720 2791 851 2874 alonge
865 2791 1048 2855 fistularum
1061 2792 1257 2875 inpartibus
1272 2793 1413 2857 carnosis

313 2916 405 2961 mora
427 2916 509 2978 quae
530 2894 691 2977 copiosam
711 2893 835 2958 saniem
861 2901 1069 2976 egesserunt3
1092 2895 1183 2959 vela
1203 2896 1305 2959 nimia
1324 2895 1413 2959 debi·
1428 2917 1458 2965 ιιι
1470 2918 1559 2981 quibu·

313 2999 405 3063 litate
420 3006 517 3082 atque
531 2997 738 3061 evacuatione
751 3002 820 3060 tam
836 2996 1011 3060 humorum
1028 3016 1126 3079 quam
1147 2996 1320 3079 spirituum
1335 3018 1414 3080 quas
1426 2982 1529 3095 ἓξὲξ
1543 3056 1568 3095 0,

315 3100 479 3164 advocavit
494 3100 558 3163 sive
574 3099 728 3178 salivatio,
744 3098 809 3162 sive
824 3096 961 3176 sudatio,
972 3097 1150 3162 sive.etiam
1164 3098 1314 3181 purgatio
1325 3099 1414 3182 justo
1426 3110 1558 3159 catinarum

314 3203 482 3282 intensior,
498 3209 531 3267 et
554 3202 661 3266 diaeta
682 3202 800 3281 tenuis,
817 3222 898 3285 quae
919 3201 956 3264 in
977 3201 1040 3265 luis
1060 3220 1216 3265 venereae
1237 3201 1413 3281 curatione,
1426 3176 1568 3301 fflffl]

315 3304 413 3369 etiam
427 3305 531 3387 magis
546 3326 642 3389 quam
661 3326 714 3369 res
734 3304 926 3390 postulabat,
941 3304 1071 3369 fuerant
1090 3304 1263 3369 adhibitae.
1307 3304 1350 3367 In
1364 3304 1415 3368 his
1428 3319 1563 3417 3233

316 3414 412 3491 atque
428 3408 497 3471 aliis
512 3408 632 3473 morbis
652 3408 693 3472 ad
714 3408 802 3473 bunc
818 3408 953 3473 modum
971 3408 1075 3487 factis,
1091 3428 1186 3492 aeger
1203 3428 1271 3471 non
1284 3414 1415 3471 tantum
1427 3433 1502 3495 guina
1514 3449 1542 3481 aa

316 3530 383 3574 non
401 3509 567 3594 juvabitur
590 3533 610 3575 a
630 3510 779 3589 catharsi,
795 3510 852 3575 sed
872 3510 1046 3575 imminuto
1068 3510 1173 3575 adbuc
1188 3510 1325 3595 amplius
1342 3532 1415 3574 san-
1427 3498 1562 3610 amm

317 3612 424 3693 guinis
438 3618 527 3690 tono,
542 3611 714 3695 augebitur
727 3612 859 3676 malum.
905 3611 1134 3692 Quamobrem,
1150 3612 1247 3677 rebus
1261 3613 1308 3676 ita
1327 3620 1415 3676 stan·
1427 3628 1510 3675 anda
1526 3628 1567 3674 fir-

316 3714 414 3795 tibus,
430 3715 535 3779 omnis
550 3716 725 3779 curationis
740 3715 835 3779 cardo
856 3715 892 3779 in
914 3715 1072 3799 sanguine
1087 3736 1124 3779 ac
1137 3714 1312 3779 visceribus
1326 3716 1416 3781 omni
1426 3692 1571 3805 fflffloe

317 3842 378 3904 ope
412 3820 656 3885 corroborandis
684 3820 915 3903 firmandisque
948 3821 1081 3885 omniuo
1109 3826 1263 3884 vertetur.
1323 3820 1417 3884 Inter
1429 3844 1547 3893 uniciu-

318 3930 443 3987 caetera
474 3924 572 4008 hujus
602 3922 733 4001 ordinis,
763 3932 892 4007 praeter
921 3923 1064 3987 remedia
1092 3923 1304 3987 confortativa
1331 3910 1558 4021 mimda-

318 4026 547 4103 enumeranda,
568 4046 628 4108 ego
650 4026 829 4090 certissimo
844 4026 1064 4108 experimento
1078 4024 1210 4088 edoctus
1229 4046 1312 4101 sum,
1333 4024 1417 4088 airis
1429 4038 1572 4113 otiosae:-

319 4128 543 4205 mutationem,
559 4136 592 4190 et
606 4127 641 4189 in
656 4132 729 4191 aire
743 4126 844 4191 libero
859 4128 1058 4205 exercitium,
1069 4126 1164 4208 quale
1178 4127 1272 4209 quale
1286 4109 1570 4227 demumssl¹u⁰21‘{¹¹(;ss;⁸

320 4244 415 4307 aeger
434 4226 517 4289 ferra
536 4228 688 4309 potuerit,
712 4228 789 4291 huic
814 4228 1004 4293 indieetioni
1029 4227 1173 4310 apprime
1197 4225 1565 4309 respondisseflffdemup

320 4327 496 4410 spiritubus
521 4328 642 4391 scilicet
668 4330 759 4411 quasi
785 4350 867 4391 nova
889 4329 955 4393 vita
976 4330 1038 4393 hoc
1060 4335 1156 4412 pacto
1176 4328 1301 4405 afflatis,
1321 4332 1418 4409 atque
1430 4298 1572 4419 {22:222}

320 4429 449 4513 organis
463 4429 647 4493 excretoriis
662 4430 703 4495 ad
717 4450 854 4513 pensum
869 4430 930 4493 sibi
945 4431 1092 4495 debitum
1106 4417 1214 4494 denuo
1226 4429 1392 4494 revocatis.
1430 4420 1494 4468 ‘¹⁸¹¹‘

370 4532 452 4617 [32]
475 4534 535 4597 Est
556 4532 654 4597 etiam
671 4531 728 4595 ubi
746 4532 866 4615 absque
883 4533 973 4596 omni
986 4532 1169 4596 istiusmodi
1182 4530 1354 4619 προφάσει,
1369 4532 1419 4596 in-

321 4635 459 4700 tentioni
481 4636 536 4700 isti
558 4656 640 4719 quae
655 4642 758 4719 'aquas
778 4636 976 4699 evacuandas
992 4635 1132 4720 respicit,
1154 4657 1216 4701 uec
1237 4634 1421 4700 catharticis
1433 4616 1565 4667 Imm·

1432 4682 1526 4731 tutione
1534 4684 1572 4732 iu·

323 4760 382 4803 nee
398 4738 541 4805 emeticis
564 4738 825 4802 satisfaciendum
841 4744 909 4814 est;
932 4739 1057 4821 quoties
1072 4738 1160 4803 enirn
1171 4740 1221 4803 vei
1236 4758 1332 4821 aeger
1345 4760 1420 4803 oon.
1433 4747 1547 4823 annea

323 4842 492 4909 stitutione
515 4852 563 4909 est
578 4842 764 4921 infirmiore,
780 4840 830 4905 vel
845 4840 986 4906 foemina
1002 4840 1171 4926 vaporibus
1194 4849 1291 4924 atque
1310 4841 1422 4904 ataxiis
1434 4813 1569 4923 {imm
