3825 5759
492 668 535 729 30
794 664 988 727 THOMAE
1016 662 1273 727 SYDENHAM

346 838 472 886 DrMon-
491 850 533 891 ne
558 828 610 891 vix
637 826 767 910 quidem
792 846 925 908 possum
955 827 1079 888 efficere
1108 846 1151 887 ne
1180 846 1265 888 unus
1288 832 1346 889 aut
1373 826 1456 889 alter
1478 846 1591 889 eorum

349 904 465 1015 ssss'fflj
491 931 546 1015 qui
576 951 609 994 se
639 930 734 1013 primi
763 949 854 993 mese
883 949 979 992 curae
1008 928 1237 1004 commiserint,
1267 928 1335 991 vita
1366 928 1568 1012 periclitetur
1580 954 1591 1005 ς

339 1030 477 1039 “-
490 1034 602 1111 donec,
617 1032 809 1113 investigato
820 1030 944 1114 jugiter
958 1030 1155 1112 tandemque
1174 1038 1340 1112 perspecto
1361 1029 1466 1093 morbi
1482 1030 1590 1113 genio,

490 1135 531 1199 ad
557 1134 697 1198 eundem
721 1131 977 1217 perdomandum
1000 1140 1089 1195 recto
1112 1130 1194 1215 pede
1220 1139 1253 1195 et
1280 1131 1460 1215 intrepidus
1482 1132 1592 1195 denuo

490 1236 670 1320 procedam.

539 1340 600 1423 [4.]
622 1338 776 1405 Quamvis
792 1344 901 1402 autem
916 1336 1056 1401 diversas
1072 1334 1270 1400 diversorum
1285 1356 1447 1400 annorum
1457 1334 1589 1399 habitu·

490 1441 591 1519 dines,
607 1441 712 1524 quoad
734 1440 921 1504 manifestas
943 1439 1027 1503 aeris
1047 1438 1230 1521 qualitates,
1249 1438 1392 1502 maxima
1413 1459 1477 1521 qua
1498 1439 1592 1520 potui

490 1544 657 1626 diligentia
671 1543 860 1621 notaverim,
882 1550 920 1607 ut
942 1543 992 1605 vel
1018 1540 1134 1604 exinde
1156 1562 1269 1604 causas
1290 1547 1403 1605 tantae
1425 1541 1590 1625 Epidemi·

489 1667 600 1711 corum
614 1646 842 1711 vicissitudinis
860 1646 1050 1730 expiscarer,
1066 1664 1119 1708 me
1141 1652 1252 1708 tamen
1273 1665 1316 1709 ne
1335 1644 1439 1709 hilum
1459 1646 1591 1728 quidem

490 1750 646 1815 hactenus
669 1750 848 1834 promoveri
872 1748 995 1825 sentio;
1027 1748 1145 1831 quippe
1169 1748 1225 1829 qni
1245 1747 1466 1813 animadverto
1487 1770 1591 1813 annos

490 1854 595 1936 quoad
609 1853 814 1917 manifestam
834 1850 916 1915 aeris
935 1850 1127 1933 temperiem
1141 1849 1204 1912 sibi
1225 1850 1322 1931 plane
1340 1851 1591 1930 consentientes,

490 1956 608 2037 dispari
629 1954 802 2019 admodum
822 1952 1009 2018 morborum
1029 1950 1160 2034 agmine
1180 1951 1337 2031 infestari,
1353 1959 1387 2016 et
1406 1953 1474 2017 vice
1489 1974 1589 2017 versa.

340 2074 428 2121 Ferre·
497 2057 557 2141 [5.]
586 2058 639 2121 Ita
661 2057 801 2119 enimse
822 2076 874 2119 res
895 2054 1004 2119 habet.
1050 2054 1168 2119 Variae
1190 2061 1268 2117 sunt
1289 2075 1407 2138 nempe
1431 2076 1591 2121 annorum

339 2140 453 2185 ΜΝ
492 2158 748 2235 constitutiones,
770 2178 852 2240 qnae
876 2178 984 2240 neque
1004 2156 1112 2233 calori,
1138 2176 1245 2238 neque
1269 2156 1391 2239 frigori,
1414 2178 1482 2221 non
1506 2158 1592 2223 sicco

338 2202 478 2314 diffiid-
491 2261 673 2338 humidove,
690 2268 797 2323 ortum
812 2280 907 2323 suum
922 2258 1052 2336 debent,
1069 2258 1125 2321 sed
1147 2257 1189 2321 ab
1211 2258 1339 2323 occulta
1359 2260 1467 2341 potius
1489 2266 1521 2323 et
1539 2260 1591 2324 in-

339 2339 478 2441 iiiiii‘vii.
493 2362 672 2447 explicabili
688 2362 825 2445 quadam
841 2362 1031 2425 alteratione
1045 2360 1082 2427 in
1096 2360 1173 2443 ipsis
1187 2367 1293 2425 terrae
1304 2360 1498 2425 visceribusd
1511 2383 1591 2445 pen-

339 2459 481 2571 ffifflon
494 2465 582 2541 dent,
593 2463 681 2527 unde
703 2468 757 2527 aiir
776 2464 934 2546 ejusmodi
948 2462 1082 2526 effluviis
1097 2462 1338 2526 contaminatur
1352 2484 1434 2545 quae
1448 2463 1593 2528 humana

340 2587 473 2635 eminente
493 2586 625 2651 corpora
639 2566 716 2631 huic
730 2574 787 2629 aut
801 2566 848 2629 illi
863 2565 975 2629 morbo
990 2564 1145 2629 addicunt
1160 2566 1460 2649 determinantque3
1483 2572 1592 2630 stante

340 2651 460 2763 ffiffih
493 2668 615 2734 scilicet
643 2668 804 2752 praefatae
833 2666 1073 2732 constitutionis
1102 2667 1333 2750 praedominio,
1360 2689 1452 2751 quae,
1478 2676 1593 2733 exacto

493 2773 625 2837 demum
647 2772 768 2855 aliquot
790 2790 950 2835 annorum
972 2770 1142 2847 curriculo,
1159 2770 1288 2835 facessit
1310 2778 1408 2853 atque
1430 2770 1524 2834 alteri
1544 2772 1592 2835 lo-

342 2890 443 2967 snaon
494 2896 568 2941 cum
584 2874 679 2939 cedit.
726 2874 947 2957 Unaquaeque
967 2872 1085 2937 harum
1104 2872 1376 2936 constitutionum
1392 2873 1592 2955 generalium

341 2968 405 2999 anas
416 2952 453 3000 ὼ·
493 2978 622 3062 propria
641 2998 677 3041 ac
696 2976 849 3061 peculiari
869 2976 931 3040 sibi
950 2974 1049 3041 febris
1068 2974 1174 3059 specie
1192 2974 1387 3053 funestatur,
1403 2996 1486 3058 qnae
1501 2982 1594 3039 extra

342 3024 431 3064 cuntur

341 3095 456 3190 punge·
494 3080 581 3143 illam
603 3100 762 3162 nusquam
780 3084 943 3163 comparet
954 3104 965 3157 ;
986 3077 1167 3161 cujusmodi
1188 3076 1294 3141 febres
1314 3077 1434 3141 idcirco
1454 3079 1592 3141 Station-

342 3145 470 3256 ,ffilffiſtr
496 3184 583 3245 ariae
598 3180 690 3245 nobis
706 3180 853 3245 audiunt.

342 3272 449 3383 ,fflg'
544 3283 605 3365 [6.]
634 3282 685 3345 Ad
705 3282 784 3356 haec
805 3288 882 3345 sunt
902 3286 935 3343 et
954 3282 1164 3363 particulares
1179 3282 1337 3364 quaedam
1351 3282 1497 3366 ejusdem
1514 3284 1594 3347 anni

342 3408 456 3461 quantur,
499 3384 548 3466 (ut
569 3385 616 3447 ita
637 3382 764 3465 dicam,)
782 3404 894 3461 mosea,
910 3384 944 3445 in
968 3383 1095 3465 quibus,
1109 3384 1186 3447 licet
1208 3384 1385 3449 secundum
1405 3385 1593 3449 manifestas

342 3478 470 3575 {ffffi'
496 3484 578 3548 ebria
607 3484 788 3567 qualitates,
818 3484 977 3567 ejusmodi
1005 3484 1110 3549 febres
1140 3507 1223 3568 quae
1252 3487 1483 3569 generaliorem
1513 3487 1592 3549 anni

342 3606 440 3687 comps·
496 3588 759 3653 constitutionem
786 3594 976 3671 sequuntur,
998 3588 1100 3670 magis
1122 3589 1269 3654 minusve
1291 3590 1477 3673 Epidemioe
1502 3608 1592 3670 gras·

341 3662 408 3709 ’Μ’
495 3696 617 3769 rentur,
643 3691 692 3754 vel
722 3691 823 3753 serius
849 3712 986 3774 ocyusve
1008 3692 1174 3774 ingruant.
1214 3694 1296 3758 Prae
1322 3693 1455 3758 caeteris
1479 3698 1591 3755 tamen

344 3812 462 3857 nemm-
495 3792 652 3877 ejusmodi
681 3790 786 3855 febres
816 3812 898 3873 quae
927 3792 1079 3857 omnibus
1103 3793 1140 3856 in
1164 3794 1352 3858 universum
1377 3793 1471 3858 annis
1500 3814 1589 3858 com-

342 3882 467 3999 {ffi‘g'gm
495 3902 622 3979 petunt,
635 3895 727 3977 (quas
738 3893 810 3957 ideo
821 3895 1174 3978 Intercarrenteavoeq)
1188 3896 1229 3961 ab
1241 3898 1302 3961 hoc
1312 3898 1407 3961 illove
1417 3897 1593 3961 manifesto

342 4000 464 4075 utnum-
496 3998 577 4061 aeris
602 4002 856 4081 temperamento
883 4002 991 4061 ortum
1015 3998 1157 4076 ducunt,
1187 3998 1276 4063 verbi
1299 4000 1413 4083 gratia,
1435 3999 1593 4083 pleuritis,

342 4080 454 4191 iiiiii]
496 4100 625 4184 angina,
649 4106 682 4165 et
707 4099 849 4182 reliquae
875 4100 1020 4183 ejusdem
1045 4101 1177 4180 farinae,
1201 4123 1284 4184 quac
1310 4124 1330 4165 a
1359 4102 1467 4165 subito
1489 4102 1596 4165 calore

495 4204 654 4269 intensius
677 4224 714 4267 ac
735 4202 927 4267 diuturnum
946 4202 1049 4287 frigus
1069 4205 1180 4268 statim
1200 4204 1380 4288 excipiente
1402 4204 1595 4287 plerumque

343 4320 474 4371 sensibiles
494 4306 661 4371 invadunt.
707 4306 819 4371 Potest
841 4306 951 4391 itaque
973 4305 1103 4369 fierint
1125 4306 1292 4369 sensibiles
1314 4307 1396 4371 airis
1422 4306 1595 4388 qualitates

342 4400 475 4497 ffiffifl'
495 4406 536 4471 ad
550 4408 621 4471 illas
637 4408 766 4491 quidem
785 4408 889 4473 febres
909 4408 1132 4492 producendas
1151 4408 1273 4473 faciant
1293 4428 1374 4491 quae
1393 4408 1429 4471 in
1450 4408 1595 4490 qualibet

343 4513 387 4561 ¹¹⁸·
398 4528 452 4575 em·
495 4510 725 4573 constitutione
741 4532 773 4573 se
788 4518 933 4589 exerunt,
948 4532 1016 4575 non
1035 4532 1110 4575 vero
1129 4508 1171 4575 ad
1189 4512 1269 4575 istas
1289 4512 1367 4575 alias
1387 4532 1469 4593 quae
1487 4518 1595 4574 certae

342 4578 482 4705 ‘slffiffi
497 4609 591 4673 alicui
614 4612 838 4675 constitutioni
869 4614 959 4697 quasi
988 4614 1135 4697 propriae
1164 4635 1201 4677 ac
1230 4614 1407 4696 peculiares
1433 4613 1592 4676 existunt:

343 4712 465 4781 sunanon
498 4710 665 4775 fatendum
696 4718 805 4774 tamon
840 4722 888 4775 cst
926 4716 1105 4797 praedictas
1139 4716 1220 4778 aiiris
1255 4716 1427 4798 qualitates
1461 4736 1595 4797 corpora

290 4792 297 4803 =
343 4770 447 4817 adrllaa:

560 4836 570 4867 ⁶
588 4840 654 4885 alter.
669 4840 690 4885 in
704 4841 758 4899 ipsiu
771 4836 823 4899 fu]
838 4838 874 4887 (li.
885 4838 925 4885 ins.
938 4856 960 4886 v.
972 4844 993 4886 4.
1007 4843 1057 4895 16.;
1079 4845 1155 4889 Troct.
1165 4844 1183 4888 1.
1198 4845 1270 4901 §354
1293 4845 1371 4890 Schrd.
1386 4844 1467 4889 Movit.
1480 4844 1492 4901 fi
1507 4844 1528 4889 3.
