3825 5759
602 648 860 716 Paocussus
883 647 1087 713 INTEGRI.
1330 647 1393 709 541

293 812 350 878 ubi
378 810 590 891 discesserint,
613 809 876 890 teneritudinem,
902 825 985 894 quae
1014 808 1107 892 tangi
1134 812 1273 886 recusat,
1299 805 1397 870 relin-
1427 817 1542 899 narr-A

296 921 412 999 quunt,
429 914 706 980 scriverberatae
719 912 993 978 fuissentcarncs.
1410 881 1551 994 ’Ῐξζρἓῖζ

345 1014 432 1101 [3.]ά
453 1016 610 1082 Mittatur
625 1015 755 1099 sanguis
770 1014 812 1081 ad
825 1016 937 1081 uncias
952 1021 1036 1080 octo.
1411 1015 1552 1087 ᾶῐῖιῖιᾶ

338 1118 561 1203 Emplastrum
583 1118 623 1183 de
646 1112 784 1201 galbano
806 1116 960 1183 umbilico
981 1116 1198 1183 admoveatur.
1245 1117 1401 1203 Sequenti

295 1244 392 1288 mane
406 1222 613 1307 aggrediatur
626 1243 724 1287 usum
738 1220 943 1306 sequentium
957 1220 1131 1305 pilularum
1141 1244 1195 1284 :-

297 1384 397 1457 [Form.
412 1381 499 1453 132]ο
524 1380 556 1466 R
576 1378 725 1437 Pilulanrm
737 1381 897 1436 Cochisrum
909 1380 1045 1450 Majornm
1057 1379 1198 1433 drachmas
1208 1378 1284 1446 duas,

576 1468 696 1524 Castorei
707 1468 835 1541 pulversti
846 1486 930 1539 grana
941 1468 1003 1535 dno,

578 1554 698 1609 Baisami
712 1554 853 1609 Peruviani
866 1564 956 1625 prittas
969 1563 1038 1619 tren

438 1640 519 1695 Fiant
536 1640 636 1711 pilulas
659 1640 815 1705 duodecim
844 1642 933 1711 capiat
955 1648 1068 1711 quatuor
1090 1640 1203 1710 singulis
1227 1641 1269 1693 vel
1292 1640 1400 1695 alteruis

436 1727 583 1793 matitinis,
597 1740 644 1797 pro
662 1728 763 1781 ratione
780 1727 884 1793 virium,
899 1726 966 1781 hora
981 1735 1078 1797 quarte
1090 1727 1132 1781 rel
1147 1727 1243 1797 quinta
1260 1727 1401 1793 matutina,

438 1813 679 1883 superdormicndo.

299 1956 400 2029 [Fons.
415 1952 505 2025 133.]ί
525 1953 558 2035 R
575 1957 669 2027 Aquae
681 1957 769 2013 Butae
780 1958 873 2037 uncias¹
884 1966 1006 2028 quatuor,

580 2044 698 2116 [Aquae]
712 2045 844 2117 Bryonice
856 2046 1028 2116 Composita
1039 2046 1132 2099 uncias
1144 2045 1220 2112 duas,

580 2130 698 2185 Castorei
711 2133 739 2185 in
752 2132 850 2187 nodulo
861 2132 939 2203 ligati
951 2140 979 2187 st
988 2132 1017 2186 in
1028 2133 1095 2186 vitro
1105 2132 1226 2203 suspensi
1241 2130 1401 2186 scmidraclr·

614 2235 697 2284 mam,

580 2302 705 2359 Succhari
716 2306 862 2377 crystallini
874 2308 1052 2377 quantitatem
1063 2306 1254 2371 sufficientem

440 2388 502 2442 Fiat
512 2388 656 2458 julapium,
669 2389 702 2443 de
720 2407 773 2461 quo
791 2392 881 2463 capiat
894 2392 1043 2446 cochlearia
1056 2403 1169 2463 quatuor
1183 2394 1225 2447 vel
1239 2394 1356 2464 quinque
1373 2394 1402 2447 in

439 2477 513 2529 omni
523 2476 659 2545 languore.

349 2596 410 2681 [4.]
437 2595 517 2659 Post
530 2595 589 2658 has
603 2594 717 2679 pilulas
729 2602 874 2680 sumptas
888 2603 1002 2660 utatur
1016 2597 1225 2681 sequentibus
1234 2622 1288 2662 :-

303 2754 405 2827 [Fam.
419 2750 509 2823 134.]‘
526 2750 559 2832 R
579 2753 731 2807 Limatumc
743 2754 871 2824 chalybis
883 2770 969 2823 grana
979 2762 1047 2821 octo,

581 2855 644 2892 cum
655 2839 801 2893 sufficiente
813 2840 962 2909 quantitate
974 2838 1095 2893 Extracti
1106 2840 1256 2904 absinthia

443 2924 523 2979 Fiant
531 2924 630 2995 pilulae
640 2934 709 2989 πως
726 2933 815 2979 sumat
825 2942 930 2979 summo
941 2927 1299 2996 mane,etrcpetant1nlrora
1310 2930 1404 3000 quinta

442 3015 624 3086 pomeridiana
634 3032 681 3087 per
691 3016 801 3085 triginta
814 3015 880 3081 dics,
891 3016 1084 3086 superbibendo
1096 3017 1221 3073 hamtuna
1233 3018 1297 3073 Vini
1308 3022 1403 3075 Absin-

442 3101 526 3156 thiris.

353 3248 416 3335 [5.]
446 3248 506 3314 Sin
520 3248 624 3315 forma
637 3248 703 3314 boli
716 3246 819 3333 magis
834 3247 974 3313 arrideat
984 3273 1038 3313 :-

305 3392 407 3457 [Form.
422 3389 513 3461 1³54*
532 3390 564 3471 R
584 3394 731 3447 Consertae
742 3393 876 3447 Absinthii
888 3392 1013 3459 Romani,

587 3482 733 3535 Conservae
746 3479 898 3535 Flavsdinis
909 3482 1106 3548 durantiormn,
1117 3498 1171 3537 sna
1181 3484 1288 3540 unciam
1300 3503 1391 3553 unam,

586 3568 730 3637 Angelicsc
743 3564 882 3632 Conditae
1147 3562 1152 3569 ’

588 3654 674 3707 Nucis
686 3652 843 3708 Moschatae
855 3652 995 3719 Conditae,

587 3740 732 3795 'I'heriscss
744 3738 931 3804 Andromachi,
943 3756 996 3793 ana
1007 3741 1179 3807 semunciam,

587 3826 707 3882 Pulveris
723 3826 770 3878 Ari
782 3825 930 3897 Compositi
942 3825 1081 3880 drachmas
1093 3834 1154 3893 tres,

590 3912 744 3967 Zinrssrerls
754 3910 865 3964 Gonditi
876 3910 1014 3965 drschrnns
1024 3910 1101 3977 duas,

588 4018 650 4056 cum
662 4000 807 4055 sufficiente
817 3999 966 4068 quantitate
978 3998 1075 4070 Syropi
1086 4000 1121 4055 de
1132 4000 1218 4055 Sncco
1230 4003 1390 4070 (liciorum

624 4087 685 4155 (val,
698 4086 755 4156 ejus
766 4084 880 4149 delectu,
890 4083 986 4155 Syrupi
998 4086 1211 4156 Amantiomm)

451 4173 513 4227 Fiat
525 4174 706 4228 electuarium.

311 4316 413 4382 [Fam.
425 4318 519 4383 lao.]s
537 4314 569 4396 R
589 4314 734 4369 Electnarii
745 4313 898 4383 praescripti
909 4312 1049 4369 drachmas
1060 4315 1135 4384 duas,

592 4402 745 4455 limaturae
756 4398 883 4469 chalybis
894 4414 979 4469 grana
990 4410 1058 4468 octo,

590 4504 653 4542 cum
666 4484 812 4541 sufficiente
824 4488 975 4556 quantitate
987 4488 1083 4561 Sympi
1094 4492 1297 4561 Amantiorum;

453 4576 515 4631 Fiat
526 4576 609 4641 bolus,
622 4572 765 4629 sumendus
781 4588 861 4628 manc
879 4582 906 4628 et
922 4592 987 4641 sero,
999 4579 1191 4649 superbibsndo
1207 4582 1331 4641 haustum
1344 4587 1408 4645 Vini

451 4662 619 4729 Absintlritis,
630 4660 673 4716 rel
684 4660 830 4716 cochlearia
841 4678 888 4718 sex
898 4666 1032 4735 sequentis
1042 4666 1232 4723 infusionis:-

342 4784 743 4849 rcrnmraspasuosaq.
916 4772 1190 4847 teramnae.

343 4857 353 4881 ·
372 4850 411 4899 cl
424 4852 519 4901 lonnm.
532 4850 571 4911 74,
583 4851 639 4901 229.
916 4846 928 4879 ¹
946 4850 984 4901 Ct
996 4852 1091 4904 formm.
1105 4853 1145 4914 78,
1156 4856 1194 4908 79.
