3825 5759
432 664 830 731 OBSERVATIONUM
853 664 1141 729 MEDIOARUM
1160 674 1219 730 111.
1237 681 1264 731 ³.
1341 667 1402 729 151

292 829 412 895 iisdem
437 828 633 913 ceciditque:
657 828 705 892 ita
730 849 764 892 se
785 826 839 892 hic
864 849 916 893 res
940 827 1067 893 babuit.
1115 827 1230 893 Doluit
1251 847 1347 910 aeger
1367 827 1404 891 in
1437 844 1538 893 resne

294 934 429 1016 regione
453 954 534 1016 quae
559 931 664 995 cordis
688 930 865 995 scrobiculo
891 930 1070 1014 subjicitur,
1096 952 1157 995 nec
1183 930 1338 993 sustinuit
1362 937 1401 993 ut
1414 908 1555 1023 Agim„

294 1058 398 1101 manu
412 1036 468 1099 ille
485 1042 686 1118 premeretur
694 1060 703 1113 3
727 1035 813 1119 quod
832 1034 964 1117 quidem
983 1042 1166 1119 eymptomn
1183 1056 1250 1099 non
1267 1033 1402 1098 memini
1434 1039 1537 1089 '⁶l·'69·

296 1161 350 1203 me
372 1139 555 1203 observasse
577 1139 613 1201 in
637 1138 700 1202 alio
720 1138 833 1202 morbo
854 1144 982 1221 praeter
1000 1139 1085 1202 hanc
1106 1138 1243 1202 Febrem
1264 1146 1298 1203 et
1316 1138 1401 1203 hunc
1413 1126 1540 1242 ἓξὲξ]-

297 1241 438 1325 speciem
449 1242 680 1305 variotur-amm.
711 1240 833 1324 Cupitis
844 1241 935 1305 dolor
945 1248 979 1304 et
989 1241 1076 1305 calor
1088 1241 1190 1305 totius
1201 1241 1350 1325 corporis,
1362 1248 1400 1305 ut
1414 1256 1506 1311 Peme.

714 1347 733 1371 ¹¹¹
752 1352 855 1416 ccsup.
867 1355 922 1401 c.·2.
935 1354 947 1413 l
961 1355 986 1401 2.

298 1544 369 1602 dem,
381 1551 444 1591 tosto
456 1558 517 1607 pane
532 1543 829 1607 paululumtepelectem,
871 1544 1050 1607 reprimendam
1076 1543 1202 1607 unguinis
1232 1544 1400 1595 ebullitionem

297 1608 424 1656 interdum
442 1608 542 1665 biberet,
561 1624 635 1671 quem
653 1622 829 1671 nonuunquam
872 1610 975 1657 nimium
992 1609 1028 1657 uti
1043 1608 1135 1663 solcum
1157 1616 1210 1657 tum
1228 1608 1339 1667 aliomm,
1357 1610 1400 1673 qui

297 1673 374 1721 etiem
386 1672 523 1735 degustsret
534 1688 576 1735 pro
587 1688 631 1719 auo
642 1672 748 1720 arbitrio.
768 1672 830 1721 Ute·
873 1674 1038 1721 cardiacorum
1057 1688 1130 1720 usum
1146 1673 1302 1720 vehementer
1319 1674 1398 1722 incul-

297 1744 368 1787 retur
378 1737 452 1785 etiam
464 1738 569 1799 jusculis
583 1737 715 1795 evenaeeis,
727 1736 830 1799 aliisque
873 1745 938 1796 caut,
950 1744 975 1785 et
989 1737 1152 1785 calefacientis
1168 1737 1307 1799 regiminis:
1326 1738 1401 1786 nimi·

299 1816 363 1865 quse
381 1816 460 1865 neque
474 1801 571 1864 trigoris
584 1816 663 1863 neque
680 1800 765 1849 celcris
779 1802 829 1849 viru
874 1818 929 1849 rum
949 1802 1071 1850 Naturam
1089 1800 1129 1861 (ut
1144 1801 1295 1864 opinantur,)
1313 1802 1400 1849 ducem

295 1866 407 1929 aliquem
426 1867 548 1929 egregiam
567 1866 683 1923 obtinent,
706 1872 749 1913 aut
770 1881 828 1914 reu·
874 1867 960 1923 securi,
969 1867 1027 1914 dum
1039 1866 1118 1913 morbi
1128 1865 1305 1929 malignitatem
1316 1881 1398 1915 aceu-

298 1930 389 1978 triculo
397 1938 539 1979 concoctum
548 1930 684 1978 molentium
693 1927 828 1981 exbibent⁸.
873 1936 909 1978 tro
931 1931 1038 1994 corporis
1059 1930 1091 1977 ed
1108 1930 1218 1992 ejusdem
1238 1930 1399 1994 peripheriam
1412 1959 1469 2011 ,cp
1504 1965 1545 2011 42

300 1994 445 2045 Quinetiam
464 1994 590 2057 vulgarem
610 1994 679 2041 illam
698 1994 829 2043 rusticam·
872 1995 1014 2058 protrudere
1025 1995 1143 2043 nituntur.
1167 1995 1398 2058 Sedprofectosen-
1480 1965 1493 2023 l

299 2074 348 2121 que
370 2059 474 2107 dieemm
503 2074 551 2107 nou
579 2058 712 2107 admodum
739 2059 828 2123 impro·
874 2060 974 2108 tentiam
985 2060 1077 2107 nudam
1088 2060 1212 2122 nullisque
1222 2058 1398 2109 mtionumsul·

298 2122 391 2181 barem,
399 2139 485 2186 nempe
496 2132 523 2171 ut
532 2124 596 2171 lecte
612 2138 668 2171 cum
680 2138 752 2187 pomo
762 2132 830 2173 cocto
874 2125 922 2171 cris
943 2124 1072 2171 subnixam
1089 2124 1115 2171 iu
1133 2124 1243 2172 medium
1264 2124 1400 2187 protulisae,

299 2194 325 2235 et
341 2196 444 2235 contuso
459 2194 613 2243 vesceretur:
636 2188 708 2235 modo
730 2194 831 2236 cautum
873 2188 948 2236 nimis
971 2188 1104 2236 absurdum
1125 2188 1271 2244 ridebatur;
1299 2189 1363 2237 sicut
1386 2206 1400 2238 e

299 2252 340 2309 sit,
352 2260 381 2301 ut
397 2268 425 2301 eo
435 2268 478 2315 per
492 2253 558 2299 vices
575 2260 665 2311 utatur,
682 2260 706 2301 et
727 2253 830 2312 modice,
874 2253 994 2301 conuerio
1005 2253 1080 2301 animi
1091 2253 1140 2301 mei
1151 2268 1223 2301 sense
1233 2252 1401 2304 disdmuluse

299 2316 399 2379 dempto
419 2316 493 2364 etiam
517 2316 588 2364 lactis
609 2316 706 2393 frigore.
748 2316 830 2380 Atque
891 2317 1401 2379 arumiueeprobitatiehebereexistime·

298 2380 360 2429 baec
376 2388 432 2429 suut
448 2381 549 2429 omniuo
564 2396 625 2443 quse
642 2397 666 2429 ru
682 2381 728 2429 hoc
745 2382 829 2429 morbo
931 2416 937 2437 ,
954 2398 1012 2429 cum
1028 2382 1229 2443 persuasissimus
1246 2382 1301 2439 aim,
1313 2383 1399 2445 ingen-

299 2444 352 2492 fieri
370 2446 405 2493 im
436 2460 522 2503 rerem,
541 2444 616 2493 donec
630 2446 731 2493 decurso
751 2447 829 2493 studio
872 2453 922 2493 tem
933 2446 1399 2509 hominumvimobutramqueprexim

296 2509 351 2570 jam
368 2510 411 2557 dec
423 2511 506 2566 inuret,
524 2524 672 2573 aegrumque
690 2510 828 2573 purgationi
873 2510 956 2572 (prout
966 2510 1023 2557 illee
1038 2511 1132 2559 dudum
1147 2511 1323 2571 obtinuerunt)
1335 2512 1398 2559 inte·

300 2582 465 2637 opportunum
476 2574 577 2623 sisteret.
870 2574 1086 2637 temptemluiase.
1114 2575 1216 2623 interim
1228 2574 1314 2623 lubens
1323 2575 1400 2624 t'eteor

334 2638 454 2685 “Verum
479 2638 577 2700 objiciet
603 2636 691 2700 aliquis
719 2637 827 2696 lortesse,
873 2638 1275 2701 (idqueiupraecedentitrectatu
1302 2640 1399 2687 robasee

301 2701 428 2752 Quorsum
436 2703 519 2764 itaque
528 2710 563 2750 tot
571 2702 642 2750 verba
652 2703 682 2750 de
690 2702 827 2750 haeresen·
871 2703 930 2751 satis
947 2703 1009 2751 mihi
1020 2704 1121 2765 videon)
1134 2704 1159 2751 iu
1175 2704 1222 2751 hoe
1239 2718 1292 2750 mor
1338 2718 1399 2751 non·

299 2774 400 2824 terunt,
413 2766 610 2829 quandoquidem
623 2766 717 2815 duabus
734 2766 828 2814 voculis
871 2782 999 2831 uunquam
1024 2768 1240 2831 exquisitissimam
1266 2767 1344 2815 seduli
1370 2784 1399 2817 ec

300 2837 380 2879 totum
391 2830 516 2893 negotium
528 2832 613 2879 confici
628 2837 730 2895 poterat,
741 2846 828 2894 nempe
871 2833 999 2895 prudentie
1018 2832 1110 2881 Medici
1126 2848 1225 2895 operam
1283 2832 1338 2887 uiri.
1355 2834 1399 2895 qui

301 2897 508 2959 Nihilngendum?
542 2896 589 2943 Cui
597 2896 829 2959 eicreapoudeo‚me
872 2912 915 2959 pro
931 2913 957 2945 re
973 2904 1032 2945 ueta
1047 2904 1102 2945 tum
1117 2897 1166 2945 buc
1182 2903 1236 2944 tum
1251 2896 1313 2944 iluc
1328 2896 1400 2945 incli-

301 2960 400 3023 quidem
409 2974 457 3007 non
466 2960 586 3008 illibenter
594 2960 639 3008 hoc
646 2960 749 3008 molesto
757 2975 829 3023 opere
871 2963 960 3019 nendo,
968 2969 994 3010 et
1003 2962 1073 3023 quusi
1084 2976 1169 3009 scenae
1180 2960 1339 3017 inserviendo,
1347 2960 1400 3009 Ne·

300 3024 457 3087 auperecdere
467 3024 827 3087 potuisse‚nieiquodsenten-
872 3032 941 3074 turee
963 3026 1089 3089 negotium
1114 3026 1228 3089 sdjurete
1258 3040 1399 3088 quenquam

299 3089 361 3137 tiam
380 3104 461 3137 meam
478 3088 597 3137 bectenue
614 3090 750 3153 expositum
766 3090 830 3139 inter
872 3090 918 3139 hoc
929 3091 1013 3153 ipsum
1026 3106 1075 3139 non
1091 3090 1149 3137 alibi
1159 3090 1261 3138 forsitan
1271 3090 1345 3137 luerit
1356 3105 1398 3137 ne·

300 3152 589 3215 dues‚easquediversas
604 3154 760 3217 etoppositas
776 3169 828 3201 me·
872 3155 1012 3212 cessarium,
1032 3170 1107 3218 quam
1127 3154 1171 3202 ubl
1191 3170 1251 3203 cure
1271 3153 1349 3201 morbi
1368 3169 1400 3202 ex

300 3218 373 3265 dendi
392 3218 498 3266 redonen
517 3218 632 3281 (querum
650 3228 753 3282 utraque
774 3218 826 3281 puri
872 3219 983 3281 ejusdem
993 3219 1103 3267 Naturae
1112 3219 1227 3267 menibus
1235 3218 1306 3281 quasi
1317 3224 1400 3281 erepta

299 3282 350 3331 iere
361 3283 463 3347 imperio
474 3283 537 3331 inter
550 3283 665 3331 mortales
680 3284 757 3347 potita
769 3282 825 3344 eet)
870 3284 964 3346 pridem
979 3284 1034 3340 fuit,
1049 3298 1167 3347 aegerque
1183 3284 1247 3331 male
1263 3290 1337 3345 etque
1353 3282 1400 3330 im·

301 3346 444 3395 collocatam
462 3348 605 3411 repererim
622 3356 676 3396 tum
694 3363 777 3397 eorum
791 3348 827 3396 vi·
869 3348 945 3411 perite
962 3355 1086 3405 trectatus,
1105 3348 1203 3396 Medico
1216 3348 1327 3397 nondum
1343 3362 1401 3395 con·

301 3411 395 3468 delicet,
410 3412 454 3474 qui
472 3413 693 3461 cenae-sectionem
711 3420 827 3477 tauquam
870 3413 936 3461 sulto
947 3412 1124 3461 uutaccersito.

301 3477 461 3524 necesarium
477 3476 606 3540 imperant,
618 3484 643 3525 et
659 3478 761 3525 subinde
778 3494 828 3526 me·
904 3478 1033 3526 “Unicum
1047 3478 1131 3525 benc”
1146 3477 1190 3525 dec.
1205 3476 1257 3541 (Gt
1269 3492 1323 3540 eup.
1335 3476 1362 3525 ii.
1376 3480 1400 3525 2.

301 3540 444 3589 dicemeutis
471 3542 545 3589 etiam
572 3542 768 3605 refrigerantibus
797 3542 828 3590 ed
871 3542 924 3603 4⁸.)

451 3655 527 3718 Quae
539 3662 686 3725 sequuntur
697 3664 791 3710 extent
801 3656 829 3709 in
843 3656 883 3709 ed.
893 3657 934 3709 ’68
947 3656 983 3727 (p.
998 3658 1069 3727 157.)
1080 3664 1140 3727 post
1149 3656 1164 3726 b
1173 3660 1260 3709 46:-

334 3758 432 3811 “Quod
454 3758 485 3807 ad
506 3760 655 3821 therapeiam
674 3760 768 3819 attinet,
785 3776 830 3823 ego
873 3761 936 3809 trida
944 3758 1069 3822 uidam
1076 3760 1107 3809 ob
1116 3760 1302 3819 exhalationem,
1314 3768 1398 3824 pustu-

302 3830 356 3871 ante
367 3824 434 3871 diem
445 3830 560 3887 quartum
570 3824 601 3871 nd
611 3824 760 3887 eruptionem
772 3840 828 3937 pro-
872 3824 952 3873 larum
969 3826 1143 3873 iucmetetione
1161 3825 1312 3889 impeditum,
1329 3826 1400 3875 facile

302 3888 447 3935 movendam
463 3903 508 3936 nec
525 3888 730 3937 medicamentum
749 3889 774 3937 ul
787 3906 828 3939 um
872 3891 1005 3939 introrsum
1025 3890 1145 3947 resiliunt,
1166 3891 1274 3953 adeoque
1295 3897 1399 3940 mortem

302 3951 421 4009 exhibere,
436 3966 481 3999 nec
497 3952 622 4015 regiminis
635 3953 715 4015 legem
732 3961 829 4017 aegroto
872 3954 1016 4002 brevissimo
1028 3954 1144 4018 temporis
1160 3954 1238 4017 spatio
1254 3955 1399 4017 quaudoque

302 4016 423 4079 imponere
432 4017 559 4071 cousuevi;
575 4017 663 4081 quippe
673 4033 721 4081 quo
729 4017 830 4067 lentiore
873 4020 1003 4076 asciscunt,
1016 4020 1100 4082 (prout
1110 4033 1155 4081 ego
1168 4018 1297 4081 aliquando
1311 4033 1397 4081 exper-

301 4080 378 4141 gredu
390 4080 511 4129 vesiculae
524 4080 678 4141 efflorueriut,
691 4098 719 4129 eo
735 4082 829 4145 plenior
873 4090 913 4131 tus
923 4082 1144 4145 sum,)idcircobic
1153 4082 1291 4129 cardiecum
1299 4081 1400 4144 aliquod

301 4158 329 4191 ac
341 4144 469 4207 perfectior
479 4144 520 4193 liet
528 4145 652 4209 separatio,
663 4162 707 4194 uec
720 4146 829 4209 (preeco-
874 4154 1034 4211 temperatum
1045 4147 1110 4194 horis
1121 4146 1246 4193 metutiuie
1263 4160 1292 4193 ec
1303 4160 1398 4208 reaper·

302 4208 367 4257 cium
379 4209 504 4257 fructuum
515 4208 612 4271 instar.)
625 4210 757 4259 velocitatis
775 4212 827 4261 lau·
873 4212 937 4269 tinis,
949 4212 1025 4260 donec
1036 4210 1138 4259 exuviae
1149 4208 1258 4257 decidere
1272 4208 1397 4270 incipiant,

303 4272 358 4321 dem
380 4274 504 4337 praecipiti
526 4275 699 4323 marcescentis
720 4291 827 4325 cerrum·
872 4278 981 4339 propino.
1016 4274 1080 4323 Mihi
1092 4272 1399 4335 enteomniesepmbavit

302 4345 366 4399 pent.
401 4338 449 4385 Die
464 4338 537 4386 modo
552 4338 616 4387 dicto
632 4338 768 4389 cardiacum
784 4341 828 4389 eli·
872 4342 957 4389 vinum
966 4340 1106 4387 Malacense
1114 4336 1399 4394 crocitentillotinctum,

303 4402 367 4462 quod
382 4400 495 4449 blandius
511 4402 583 4451 unica
593 4402 679 4451 saltem
691 4404 743 4451 vice
759 4404 827 4453 exbi-
872 4422 900 4453 ec
919 4404 950 4451 ed
967 4402 1102 4451 cochleerie
1118 4408 1221 4462 quatuor
1236 4400 1274 4447 vel
1291 4399 1399 4463 quinque

302 4464 404 4523 bitum‘‚
417 4466 526 4514 Naturae
536 4466 703 4530 expulsionem
718 4468 828 4517 molienti
872 4468 1016 4517 exhibitum.
1052 4465 1102 4511 Ubi
1114 4465 1169 4526 jum
1185 4464 1298 4527 pustulm
1314 4466 1543 4530 omueatcttlt.

302 4542 351 4579 nou
371 4530 472 4578 inutiles
493 4530 554 4578 leret
575 4532 706 4643 suppetiae.
739 4534 779 4581 Ab
801 4549 829 4581 eo
872 4531 1013 4589 deciderint,
1024 4528 1172 4577 instituenda
1187 4535 1224 4577 eet
1239 4528 1399 4593 semelatque

301 4600 410 4657 ternpore
425 4594 497 4643 lactis
511 4594 585 4657 tepidi
635 4595 744 4643 uetulum
761 4612 831 4647 croco
872 4593 1238 4657 iterumpurgetio,praeeertim
1245 4594 1400 4645 incumbente

301 4658 397 4707 modice
413 4658 527 4713 tinctum,
539 4672 609 4706 mane
625 4674 653 4707 eo
669 4662 770 4721 vesperi,
787 4661 829 4709 do·
873 4668 1004 4709 autumno:
1022 4658 1141 4721 plurimes
1151 4658 1218 4705 enim
1231 4658 1348 4719 relinquit
1359 4658 1400 4707 bic

301 4738 346 4771 nec
367 4722 483 4786 pustulae
504 4722 536 4769 ad
557 4721 662 4771 debitum
688 4723 777 4771 molem
802 4740 830 4773 ac
873 4722 1140 4785 affectueinaanguine
1156 4737 1185 4769 ec
1200 4722 1334 4770 visceribus
1351 4736 1401 4769 eor·

302 4788 470 4836 maturitatem
488 4786 645 4847 pervenerint,
666 4787 731 4835 sumi
747 4788 829 4849 iubeo.
873 4786 1401 4848 usquecundumdeineepeuinumaegn-

302 4851 462 4900 lnhocvero
476 4847 554 4895 morbi
571 4851 767 4913 stetn,quoniam
785 4866 830 4913 pu·
874 4854 988 4902 tudinum
997 4850 1164 4900 seminarium.
1200 4847 1400 4899 Quodndmedi-
