3825 5759
539 679 838 746 DISSERTATIO
860 679 1167 744 EPISTOLARIS.
1346 677 1411 739 343

309 843 481 930 aspernati,
507 843 597 928 aegri
619 851 731 908 tamen
752 843 857 907 fatum
882 843 1020 926 (etiamsi
1042 864 1062 907 a
1080 841 1185 906 calore
1214 860 1311 923 quem
1338 841 1410 921 pro-
1425 853 1564 901 usvin-

307 946 480 1011 movebant
496 945 591 1009 amici
605 953 639 1009 et
650 945 833 1024 curatrices,
845 966 898 1010 me
909 945 950 1009 ad
960 946 1081 1009 ravimn
1092 965 1195 1028 usque
1205 943 1411 1018 reclamante,
1425 919 1565 1032 οξξζξξξ·

308 1048 466 1132 extincti)
497 1047 579 1111 mihi
598 1046 725 1111 crimini
747 1047 893 1112 dabatur.
952 1047 1029 1112 Qua
1049 1047 1090 1111 de
1111 1067 1217 1124 causa,
1241 1044 1565 1108 medente-

307 1149 517 1234 insuperabili
543 1150 607 1213 τῶν
631 1150 766 1212 πολλῶν
788 1149 993 1233 praejudicio,
1016 1149 1101 1213 bene
1125 1169 1254 1212 mecum
1276 1147 1330 1230 agi
1350 1168 1410 1230 pu·

309 1257 424 1330 tarem,
449 1251 477 1314 si
501 1271 670 1332 nunquam
696 1250 846 1334 deinceps
872 1251 914 1314 ad
938 1250 1078 1314 Variolis
1100 1250 1284 1314 laborantes
1308 1268 1412 1312 accer-

310 1373 407 1416 serer.

326 1505 331 1512 .
359 1453 442 1538 [25]
472 1454 574 1518 Haud
596 1454 746 1538 equidem
760 1453 883 1518 inficias
903 1454 1124 1533 eo,.Variolas,
1143 1473 1335 1538 quocunque
1357 1451 1411 1516 de·
1424 1466 1543 1518 Quocun-

307 1580 400 1622 mum
421 1560 517 1623 modo
539 1566 731 1638 tractentur,
753 1579 990 1642 nonnunquam
1012 1565 1125 1622 tamen
1145 1559 1317 1640 insigniter
1335 1533 1555 1621 οοιμ(1118111οὼ

308 1663 460 1741 fluxurae,
490 1663 579 1727 unde
608 1663 708 1726 etiam
734 1682 905 1745 nunquam
937 1668 1053 1726 vacant
1081 1659 1234 1745 pericrdo,
1261 1659 1412 1742 quicquid
1423 1659 1545 1771 Karion?

309 1765 530 1847 suppetiarum
545 1765 698 1828 afferatur
706 1789 715 1842 3
735 1764 770 1827 id
785 1771 896 1828 autem
911 1785 1027 1841 assero,
1046 1763 1144 1847 (quod
1157 1761 1237 1824 mibi
1251 1761 1329 1824 satis
1343 1781 1412 1825 esse
1423 1739 1555 1834 ,11¹ng

308 1867 426 1950 debet)
449 1868 605 1932 diuturna
624 1875 720 1952 atque
742 1867 860 1932 iterata
882 1887 976 1951 saepe
995 1866 1122 1950 saepius
1144 1864 1343 1949 experientia
1363 1863 1413 1927 in-
1425 1803 1556 1900 afflant,

307 1969 412 2048 nixus,
432 1989 507 2034 eum
526 1969 563 2033 in
582 1969 679 2052 longe
698 1969 817 2034 minori
838 1967 1023 2033 discrimine
1040 1967 1170 2046 versari,
1191 1967 1246 2052 qui
1268 1989 1288 2030 a
1306 1967 1413 2051 primo

307 2071 412 2136 morbi
432 2071 557 2136 insultu
575 2072 659 2136 lecto
680 2071 831 2148 interdiu,
855 2079 888 2135 et
910 2071 1060 2135 carnibus
1083 2071 1225 2149 omnino,
1245 2069 1411 2148 abstinuit,

307 2196 369 2240 nec
391 2176 454 2240 nisi
476 2185 590 2260 potum
615 2176 796 2241 tenuiorem
823 2175 885 2240 sibi
910 2175 1057 2256 indulsit,
1084 2197 1182 2262 quam
1206 2177 1273 2260 qui,
1299 2176 1411 2240 statim

307 2281 392 2346 lecto
417 2281 629 2366 adjudicatus,
656 2282 893 2346 medicamenta
922 2282 1021 2346 etiam
1050 2282 1197 2348 cardiace
1227 2282 1409 2367 assumpsit.

309 2380 401 2447 Haec
423 2383 510 2447 enim
530 2383 702 2447 methodus
728 2385 826 2467 (quod
848 2405 945 2468 supra
964 2384 1063 2447 etiam
1086 2383 1122 2470 [p
1145 2385 1192 2468 9.]
1218 2383 1408 2465 innuimus,)

307 2491 346 2548 ut
360 2485 535 2568 plurimum
547 2485 680 2550 densam
691 2486 786 2548 nimis
801 2485 1065 2551 exanthematum
1080 2493 1222 2568 segetem
1238 2485 1410 2564 cohibebit,
1435 2469 1441 2506 ι

309 2592 342 2648 et
358 2607 398 2651 ex
417 2587 628 2670 consequenti
642 2588 740 2651 etiam
754 2588 961 2652 immodicam
974 2589 1073 2652 febris
1091 2589 1296 2653 secundariae
1318 2589 1410 2652 effer·

308 2687 514 2766 vescentium,
534 2709 615 2770 quae
633 2709 700 2752 non
722 2689 826 2753 solum
851 2711 909 2752 suo
930 2689 1041 2754 Marte
1061 2691 1202 2773 perimit,
1223 2691 1279 2753 scd
1301 2691 1410 2768 etiam,

309 2789 440 2851 salivam
458 2789 511 2870 (de
526 2809 591 2872 qua
608 2789 759 2874 inhujus
776 2790 881 2854 morbi
895 2790 1030 2854 historia
1045 2791 1117 2854 fuse
1136 2792 1302 2873 egimus⁰,)
1319 2813 1411 2874 prae·

310 2909 445 2971 propere
467 2889 684 2970 incressando,
709 2911 805 2974 aegro
828 2892 1006 2975 perniciem
1028 2893 1151 2956 ultimis
1172 2893 1277 2957 morbi
1299 2894 1413 2958 diebus

310 2991 490 3057 minitatur.
536 2992 625 3058 Quid
640 2995 726 3078 quod
740 2995 802 3059 hoc
816 3002 911 3078 pacto
925 3002 998 3059 tum
1017 2995 1182 3078 sanguinis
1196 2995 1324 3075 mictus,
1339 3003 1413 3060 tum

309 3093 455 3158 maculae
477 3117 667 3180 purpureae,
693 3098 874 3182 praecaveri
899 3099 1047 3183 possint?
1075 3121 1157 3184 quae
1182 3101 1246 3164 duo
1271 3108 1413 3186 sympto-

309 3203 398 3260 mata
421 3197 534 3281 primis
559 3199 664 3264 morbi
690 3199 804 3265 diebus
831 3201 999 3280 invadunt,
1026 3201 1124 3286 idque
1146 3224 1298 3287 persaepe
1321 3203 1413 3267 nuflo

310 3299 417 3364 adhuc
431 3301 602 3366 manifesto
621 3303 797 3388 eruptionis
812 3305 931 3368 indicio
939 3329 949 3384 ;
973 3304 1059 3387 quod
1076 3304 1174 3368 etiam
1191 3305 1227 3367 in
1245 3305 1411 3384 morbillis,

308 3403 480 3468 scarlatu'na
503 3405 603 3484 febre,
628 3414 726 3491 atque
748 3408 851 3472 acutis
877 3404 946 3472 aliis
971 3408 1012 3472 ab
1034 3408 1210 3473 intensiore
1231 3408 1411 3473 inflamma-

308 3504 406 3568 tionis
430 3506 533 3589 gradu
556 3507 644 3588 ortis,
671 3509 741 3572 fieri
763 3511 890 3574 assolet.
935 3509 1037 3576 Mitto
1055 3512 1124 3595 jam
1140 3511 1412 3595 juosmdissimum

308 3608 396 3672 istud
419 3609 633 3694 refrigerium,
658 3633 722 3696 quo
746 3633 780 3677 se
810 3633 906 3697 aeger
934 3613 1086 3698 perfundi
1115 3605 1341 3678 animadvertit
1370 3613 1411 3678 ab

309 3711 392 3775 aeris
416 3713 553 3795 appulsu
577 3714 736 3793 liberiore,
763 3715 887 3798 quoties
911 3737 931 3779 a
955 3715 1040 3780 lecto
1063 3715 1189 3781 calente
1215 3716 1411 3794 dimittitur;

310 3813 397 3897 qnod
411 3815 509 3879 etiam
523 3815 642 3901 singuli
657 3818 773 3902 quibus
791 3818 826 3882 id
843 3840 901 3903 per
918 3841 972 3883 me
990 3819 1082 3883 licuit
1099 3819 1265 3903 (maximas
1279 3825 1412 3901 agentes

310 3915 439 3998 gratias,
463 3919 564 4000 quasi,
581 3920 648 3984 vita
673 3928 706 3985 et
728 3919 842 4004 spiritu
863 3922 1009 4006 receptis,
1029 3922 1091 3986 hac
1114 3943 1193 3986 aura
1214 3919 1412 4006 postliminio

309 4022 538 4101 vescerentur,)
556 4021 653 4105 pleno
667 4044 721 4087 ore
736 4031 946 4107 agnoverunt.

357 4118 443 4207 [26.]
469 4121 567 4187 Unde
581 4124 663 4187 mibi
677 4125 777 4190 subiit
792 4127 943 4210 cogitare,
957 4133 1079 4209 quanto
1095 4119 1220 4209 saepius
1231 4125 1343 4188 fucum
1354 4145 1411 4187 no·

310 4219 361 4282 bis
375 4220 452 4284 facit
466 4221 531 4301 illa,
547 4244 645 4307 quam
665 4227 764 4291 talem
779 4248 848 4291 esse
870 4228 1051 4312 opinamur,
1074 4227 1167 4303 ratio,
1182 4246 1280 4309 quam
1299 4245 1412 4288 sensus

309 4321 372 4385 iste
392 4323 570 4390 certissimo
589 4326 684 4392 nobis
705 4331 873 4412 cognitus3
897 4329 1047 4413 quodque
1064 4328 1101 4390 in
1120 4326 1307 4391 morborum
1321 4347 1411 4390 cura-
1425 4338 1554 4452 gqqnutqm

310 4424 400 4488 tione
420 4426 492 4508 plus
508 4426 652 4494 dandum
671 4437 720 4494 est
742 4451 912 4513 aegrorum
930 4427 1181 4513 appetitionibus
1196 4432 1230 4489 et
1247 4424 1412 4490 desideriis
1424 4482 1554 4531 aegrorum

313 4527 571 4612 impensioribus,
591 4533 699 4616 (modo
714 4553 869 4618 perquam
891 4531 1037 4596 enormia
1053 4551 1121 4593 non
1135 4529 1267 4608 fuerint,
1283 4538 1317 4596 et
1332 4553 1413 4616 quae
1425 4531 1553 4645 griffi&-

311 4785 312 4788 Ἴ
345 4731 531 4782 '¹‘Adravim
547 4735 841 4798 poscam,''(Plaut.Aa·
919 4741 931 4764 ⁰
948 4733 986 4782 (lt
1001 4734 1092 4781 osum.
1105 4735 1168 4783 Med.
1187 4732 1221 4783 iii.
1241 4735 1264 4780 2.
1282 4735 1312 4784 1³
1326 4750 1372 4797 aq,
1383 4736 1413 4782 51

312 4795 842 4860 tutius.⁵7.)tactamuaaeourrau-
888 4815 932 4862 sq,
944 4800 983 4847 61.

312 4875 406 4908 ornan.
