3825 5759
682 660 944 725 TRACTATUS
969 659 999 723 Ι.
1328 664 1393 727 433

288 818 401 885 derata
420 817 615 891 emanas
633 822 844 906 praeferenda
862 823 937 901 sint,
954 828 1101 887 attamen
1119 821 1208 905 aegri
1221 822 1329 905 palato
1343 830 1393 887 est
1412 838 1454 886 De
1465 838 1552 886 Pon--

287 924 523 989 consulendum
533 951 544 1004 ;
566 925 829 1011 quandoquidem
850 925 1087 991 observandum
1113 933 1190 1004 est¹²,
1215 925 1302 1009 quod
1324 947 1392 990 sae-
1405 917 1546 983 ..2⁰55-

287 1046 464 1109 penumero
483 1028 517 1091 id
537 1028 624 1112 quod
637 1028 836 1093 ventriculus
849 1028 1057 1094 vehementer
1074 1029 1206 1113 appetit,
1221 1029 1297 1094 lieet
1312 993 1546 1120 didi-312&

287 1129 380 1193 cilius
404 1139 570 1214 coquatur,
586 1132 682 1197 citius
704 1141 816 1197 tamen
836 1154 856 1195 a
874 1133 1005 1197 Natura
1022 1132 1162 1196 vincitur
1185 1154 1282 1216 quam
1307 1133 1393 1216 quod
1406 1122 1544 1171 suendum.

286 1231 438 1296 facilioris
460 1234 674 1299 concoctionis
696 1234 844 1312 habetur,
860 1234 887 1297 si
908 1234 1087 1299 ventriculo
1109 1256 1263 1299 nauseam
1285 1243 1391 1301 creet:

206 1388 208 1392 .
287 1339 411 1399 atvero
433 1356 515 1418 quac
537 1332 708 1401 δύσπετπα
728 1336 899 1413 habentur,
915 1336 1031 1400 iccirco
1050 1336 1177 1419 parcius
1195 1345 1274 1402 sunt
1288 1358 1392 1402 come-

287 1437 406 1501 denda.
451 1438 557 1503 Unica
571 1440 670 1503 etiam
680 1439 825 1504 ciborum
839 1438 944 1523 specie
959 1438 1095 1521 singulis
1109 1440 1255 1522 pastibus
1265 1462 1393 1505 vescen-
1407 1437 1488 1485 U¹¹i⁰⁸
1499 1438 1533 1485 οἱ·

287 1539 369 1603 dum
391 1540 538 1620 arbitror,
554 1563 628 1607 cum
642 1542 730 1606 varia
753 1542 900 1605 carnium
923 1562 1043 1625 genera
1062 1542 1158 1604 simul
1177 1542 1305 1624 ingesta
1321 1544 1394 1626 plus
1405 1503 1548 1628 lierlllgupi

287 1643 467 1708 ventriculo
482 1644 646 1709 molestiae
660 1645 823 1709 facessunt
838 1666 936 1728 quam
954 1644 1088 1708 unicum
1103 1644 1190 1726 quod
1209 1645 1318 1709 omnia
1332 1646 1395 1709 ista
1406 1629 1546 1743 ξζξζζῗᾷ-

288 1746 473 1829 quantitate
492 1755 659 1830 exaequet.
703 1748 754 1812 De
774 1747 918 1825 caeteris,
940 1748 1071 1831 dempta
1090 1769 1198 1826 carne,
1217 1770 1276 1832 pro
1297 1748 1396 1812 libitu
1407 1765 1454 1807 tur.

289 1848 447 1927 comedat,
463 1849 560 1913 modo
575 1870 636 1913 nec
656 1850 750 1929 aeria,
766 1871 827 1914 nec
848 1850 913 1913 sale
931 1849 1062 1915 condita
1075 1850 1142 1914 sint
1156 1871 1217 1915 nec
1231 1850 1393 1929 aromatis,
1406 1834 1547 1957 22¹3&

289 1971 382 2033 quae,
402 1951 478 2016 licet
500 1952 679 2017 coctionem
703 1973 772 2017 non
793 1952 932 2031 laedant,
952 1960 1073 2017 nocent
1094 1960 1206 2018 tamen
1232 1960 1395 2039 quatenus
1407 1972 1515 2011 ammata

288 2052 393 2117 morbi
407 2054 553 2119 fomitem
568 2055 743 2139 exagitant.
782 2088 784 2093 v
1407 2028 1534 2077 ‘'im''

334 2156 417 2243 [aa]
441 2157 599 2242 Tempora
610 2158 696 2241 quod
707 2158 833 2235 attinet,
845 2157 1004 2241 prandere
1014 2163 1144 2222 tantum
1156 2157 1285 2242 expedit
1290 2184 1300 2237 ;
1321 2179 1397 2223 cum
1409 2176 1529 2225 mendae

289 2259 377 2323 enim
391 2260 494 2324 lectus
504 2260 693 2325 humoribus
709 2260 892 2343 digerendis
906 2261 1033 2345 proprie
1048 2261 1183 2339 dicetur,
1193 2261 1228 2325 id
1242 2260 1397 2345 temporis
1407 2247 1512 2369 affl

288 2360 325 2425 in
346 2362 424 2427 cibis
446 2363 682 2447 concoquend'u
703 2384 770 2428 non
792 2369 841 2428 est
862 2364 1105 2428 insumendum.
1156 2364 1237 2428 Non
1257 2370 1396 2428 coenent
1409 2386 1544 2435 Liberalio-

289 2462 399 2547 itaque
417 2466 473 2550 qui
487 2466 654 2549 Podagrae
676 2472 754 2531 sunt
770 2466 911 2544 obnoxii,
927 2466 1082 2531 haustum
1096 2473 1208 2530 tamen
1227 2466 1396 2531 cerevisiae
1407 2466 1538 2564 rimie·

290 2566 425 2652 alicujus
453 2569 609 2634 tenuioris
634 2568 849 2635 liberaliorem
871 2568 934 2632 sibi
957 2568 1170 2651 indulgeant,
1196 2568 1501 2652 quandoqui-nuioris

290 2669 363 2733 dem
378 2670 476 2735 etiam
490 2692 605 2735 renum
621 2670 742 2735 calculo
758 2670 944 2753 generando
959 2671 1114 2753 proclives
1129 2670 1197 2733 fere
1211 2670 1277 2733 sint
1291 2644 1531 2757 t³10⁸5l¹i⁰0iil¹

291 2773 382 2857 cujus
403 2774 563 2838 concretio
578 2794 598 2837 a
611 2773 736 2856 liquore
755 2772 914 2857 ejusmodi
932 2772 995 2836 hoe
1013 2779 1159 2855 tempore
1178 2772 1295 2837 hausto
1313 2772 1553 2849 mul-lumrenpm

290 2882 363 2941 tum
377 2875 563 2960 impeditur,
578 2874 775 2957 refrigeratis
792 2873 914 2938 seilicet
930 2872 972 2937 ab
986 2895 1025 2938 eo
1039 2873 1171 2937 renibus
1185 2874 1395 2957 prolatisque.
1407 2852 1518 2964 {323¹

340 2978 423 3062 [45]
443 2978 704 3056 Γαλακτσποσία,
720 2977 789 3060 (seu
800 2975 907 3041 diaeta
917 2997 935 3041 e
947 2976 1015 3041 solo
1025 2976 1118 3054 lacte,
1130 2977 1196 3040 sive
1210 2976 1319 3056 crudo,
1330 2978 1397 3041 sive
1408 2967 1540 3093 meai

291 3082 403 3162 cocto,)
430 3080 635 3145 exulantibus
655 3078 789 3145 caeteris
810 3078 971 3158 omnibus,
986 3078 1050 3144 nisi
1065 3078 1153 3165 quod
1166 3079 1259 3163 panis
1274 3080 1396 3165 aliquid
1408 3109 1551 3159 Diaeulae·

291 3184 391 3249 semel
404 3183 487 3248 forte
506 3183 543 3247 in
562 3183 615 3247 die
632 3182 811 3267 adjiciatur,
828 3180 868 3245 ab
893 3180 988 3245 annu
1010 3188 1098 3246 retro
1112 3181 1229 3265 viginti
1242 3181 1395 3247 obtinuit.
1408 3174 1562 3287 gemit·-

292 3286 418 3351 Profuit
431 3287 512 3352 haec
527 3307 624 3369 quam
638 3284 784 3370 plurimis
800 3272 876 3369 pr'ae
891 3284 1026 3350 caeteris
1040 3285 1175 3369 hujusce
1188 3284 1293 3349 morbi
1306 3307 1397 3369 prae-
1408 3303 1447 3367 gu
1457 3304 1525 3351 obest

292 3388 380 3454 sidiis
404 3390 559 3475 quamdiu
578 3389 747 3453 uelatum
764 3408 910 3472 unguem
932 3386 973 3452 ab
993 3408 1032 3452 ea
1054 3386 1277 3467 discesserint,
1301 3410 1397 3472 quam
1409 3384 1483 3482 ἓξὲξ]
1495 3383 1552 3433 ¹²¹⁰·

291 3493 432 3576 primum
442 3514 517 3559 vero
532 3492 574 3557 ad
588 3513 740 3558 sanorum
756 3491 905 3569 diaetam,
917 3496 995 3555 utut
1008 3490 1117 3555 lenem
1130 3489 1317 3574 mitemque,
1328 3510 1399 3554 sese

291 3596 446 3679 receperit
472 3596 528 3681 qui
556 3596 633 3659 huic
660 3595 853 3673 insueverat,
883 3593 1033 3678 Podagra
1068 3593 1239 3658 confestim
1273 3613 1400 3657 reversa
1506 3589 1508 3596 '

292 3718 425 3781 aegmm
439 3698 532 3782 pejus
546 3698 643 3782 longe
659 3718 756 3782 quam
774 3696 912 3762 antehac
926 3696 1071 3761 vexavit:
1094 3694 1296 3761 labefactatis
1311 3695 1399 3759 enirn

292 3800 352 3865 hae
373 3800 527 3865 methodo
547 3801 695 3865 Naturae
715 3799 890 3884 principiis,
907 3820 1002 3883 aeger
1020 3799 1092 3883 jam
1112 3797 1227 3862 morbo
1247 3798 1400 3881 pellendo

292 3902 394 3987 magis
405 3903 509 3988 impar
519 3903 675 3982 redditur,
685 3902 773 3967 unde
784 3908 816 3967 et
827 3901 1035 3987 periculosius
1045 3900 1178 3965 infestat
1188 3907 1222 3965 et
1233 3899 1398 3964 diuturni·

292 4030 341 4072 us.
379 4006 447 4073 Qui
460 4006 560 4091 igitur
573 4006 650 4071 huic
664 4028 699 4072 se
712 4006 865 4071 methodo
876 4006 1005 4071 tradere
1015 4004 1148 4087 cogitat,
1159 4004 1301 4088 primum
1315 4005 1398 4069 serio

293 4114 401 4174 secum
414 4108 603 4194 perpendat,
614 4132 696 4174 num
705 4110 809 4174 valeat
823 4130 881 4193 per
895 4130 1026 4174 omnem
1036 4107 1136 4170 vitam
1149 4106 1186 4169 in
1200 4106 1313 4170 eadem
1326 4128 1400 4189 per-

294 4211 405 4275 sistere
415 4236 426 4290 ;
449 4212 535 4294 quod
556 4218 667 4278 tamen
687 4212 830 4276 fortassis
852 4232 951 4295 penes
971 4230 1047 4274 eum
1064 4229 1132 4272 non
1151 4208 1221 4285 erit,
1236 4214 1313 4271 utut
1326 4228 1398 4289 pro-

294 4313 390 4396 positi
413 4320 513 4379 tenax
533 4315 649 4380 firerit:
672 4316 747 4379 novi
767 4314 855 4377 enim
873 4313 1017 4377 nobilem
1037 4309 1208 4394 quendam,
1227 4309 1292 4393 qui,
1311 4317 1400 4391 post-

294 4437 391 4499 quam
404 4438 462 4499 per
474 4439 598 4482 annum
611 4418 776 4501 integrum
787 4416 855 4480 solo
868 4416 951 4479 lacte
966 4414 1174 4490 victitaverat,
1185 4432 1253 4475 non
1267 4417 1399 4474 tantum

293 4520 362 4585 sine
384 4520 570 4600 offensione,
586 4521 691 4585 sedet
712 4541 788 4584 cum
809 4538 937 4581 summa
956 4517 1131 4599 voluptate,
1157 4515 1234 4598 (quo
1254 4521 1400 4597 tempore

293 4622 437 4705 quotidie
453 4623 552 4687 semel
574 4628 632 4687 aut
645 4621 764 4707 pluries
787 4619 969 4704 dejecerat)
986 4618 1120 4681 sistente
1142 4616 1316 4701 derepente
1330 4615 1401 4679 alvo

293 4744 331 4787 ac
345 4732 472 4790 mutata
495 4726 635 4809 eorporis
655 4722 819 4808 temperie,
834 4728 989 4787 manente
1002 4740 1078 4784 vero
1096 4719 1202 4784 adhuc
1216 4718 1316 4783 animi
1329 4739 1402 4803 pro·

691 4862 703 4895 ν
721 4854 763 4903 cr.
774 4856 876 4903 neaera.
889 4854 989 4915 mear
1003 4851 1041 4901 aa

815 4936 835 4997 3
854 4954 876 4997 u
