3825 5759
595 649 840 717 SCHEDULA
862 649 1144 717 MONITORIA.
1354 656 1419 718 483

318 811 436 875 Iatrs'eo
456 811 596 897 palmum
611 814 726 896 seras3
748 834 806 875 non
830 820 893 876 tom
919 813 964 876 ad
986 834 1123 876 nummos
1140 821 1330 897 posterorum
1350 818 1421 878 usui
1455 830 1547 880 Error.

317 916 525 990 corrodendos,
549 915 638 1000 (quoe
662 915 781 1001 quidem
806 918 895 992 ratio,
922 918 951 979 si
978 937 1047 979 oum
1075 926 1212 1001 seqrnme
1233 919 1417 1000 conferatur,
1432 896 1572 971 Q

316 1021 451 1081 orimum
470 1020 544 1103 sere
564 1018 720 1081 brutorum
742 1016 878 1102 redolet)
902 1041 994 1105 quam
1017 1028 1053 1083 ut
1073 1021 1193 1083 soeculo
1215 1022 1336 1084 tondens
1360 1023 1419 1085 ali·

317 1122 440 1207 quondo
458 1122 587 1206 detepas,
603 1122 710 1206 quibus
731 1123 827 1185 modis
848 1125 923 1185 ustae
942 1125 975 1185 in
996 1125 1107 1187 morbis
1120 1125 1326 1208 pnsnnondrs
1340 1126 1420 1210 diffi-

317 1227 451 1302 cultates,
463 1226 517 1288 rub
532 1226 638 1310 quibus
653 1224 718 1288 Ars
728 1226 853 1289 Medica
865 1227 1009 1289 bostonus
1016 1229 1111 1311 pemit
1119 1237 1148 1290 et
1157 1228 1330 1303 succumbit,
1339 1230 1422 1291 oinct

317 1338 436 1413 queant.
488 1328 579 1405 Quod
597 1329 669 1391 dum
689 1328 812 1404 molins,
836 1330 902 1391 istis
922 1350 1000 1413 quoe
1019 1351 1072 1414 epo
1088 1331 1210 1413 primus
1218 1332 1285 1413 jeci
1294 1330 1419 1413 fundo·

317 1436 432 1507 mentis,
453 1433 480 1495 si
499 1432 585 1494 modo
605 1432 681 1508 libet,
698 1436 800 1517 possis
822 1442 1047 1517 superstruere:
1070 1436 1115 1497 ita
1134 1442 1244 1510 tomen,
1259 1444 1295 1496 ut
1315 1444 1419 1497 errato

316 1537 349 1599 in
369 1556 446 1619 quoe
468 1556 521 1619 epo
531 1534 618 1617 sorte
638 1535 792 1597 inciderim
810 1557 868 1619 pro
887 1557 969 1599 more
988 1537 1120 1598 bumono
1139 1538 1172 1599 in
1191 1539 1263 1599 meis
1282 1538 1419 1599 obserua-

316 1640 445 1701 tionibus
473 1640 534 1700 sioe
562 1637 718 1701 historiam
746 1640 808 1699 sive
839 1640 1023 1701 curationem
1057 1638 1148 1722 benus
1176 1639 1292 1701 illiusoe
1324 1641 1421 1702 morbi

316 1742 521 1816 attinentibus,
537 1742 590 1803 ubi
607 1742 646 1804 ab
669 1763 784 1804 annosa
804 1750 834 1804 et
854 1744 982 1827 repetita
1002 1745 1183 1827 esperimtio
1205 1744 1309 1807 melius
1313 1747 1419 1826 fueris

316 1844 444 1920 edoctus,
461 1845 550 1909 bibere
566 1866 604 1906 ao
621 1844 727 1928 polum
746 1866 872 1929 arquos.
916 1844 1024 1930 Neque
1038 1845 1093 1907 boe
1101 1854 1196 1928 poeto
1208 1846 1345 1929 defuncti
1356 1850 1419 1930 ejus

231 1975 242 1987 ·
316 1950 490 2009 numerium
505 1948 611 2024 lendes,
626 1950 688 2032 qui,
704 1950 736 2010 in
751 1951 814 2011 vita
829 1970 897 2011 eum
917 1958 1001 2025 esset,
1016 1950 1095 2012 nibil
1099 1953 1193 2031 prius
1207 1952 1314 2013 babuit
1326 1974 1418 2036 quom

316 2059 352 2112 ut
365 2050 429 2112 Ars
444 2050 569 2114 Medico
583 2072 604 2112 o
619 2072 794 2135 quocumque
807 2052 924 2115 dunum
941 2064 1175 2135 promoveretur,
1191 2076 1250 2117 non
1267 2064 1330 2118 tom
1349 2077 1418 2116 eru·

315 2155 387 2217 ditis
400 2155 436 2217 de
457 2158 626 2219 morborum
641 2164 755 2235 nutura
770 2157 1070 2232 oommmtottonr'bus,
1086 2158 1205 2241 (quibus
1219 2158 1263 2219 od
1275 2179 1418 2222 nauseam

316 2269 345 2322 et
349 2260 516 2344 fastidium
531 2281 624 2345 usque
632 2261 757 2344 jamdiu
775 2258 953 2344 eupolemum)
968 2282 1062 2345 quom
1077 2270 1159 2324 certa
1165 2262 1298 2346 fidoque
1311 2284 1419 2325 eorun-

316 2364 382 2428 dem
397 2363 599 2427 curandorum
614 2362 755 2427 metbodo.
810 2359 893 2438 Vale,
914 2363 970 2425 Vir
989 2363 1117 2447 Optime,
1133 2372 1163 2426 et
1175 2386 1280 2428 amare
1288 2386 1383 2451 perpe

754 2466 824 2530 Tibi
836 2487 950 2549 semper
965 2467 1201 2531 addietrsstmum

865 2568 975 2633 ΤΗΟ.
1004 2570 1285 2636 SYDENHAM

371 2666 529 2742 [sooner
540 2674 584 2724 es.
600 2668 690 2732 roso]

576 2781 591 2820 d
608 2786 718 2847 Septemb.
731 2781 785 2847 tre]
798 2783 846 2833 Sis.
854 2782 897 2834 ins
910 2783 935 2833 in
947 2783 1003 2841 fine,
1014 2782 1055 2833 hie
1066 2783 1161 2834 desunt„
