3825 5759
435 652 830 717 OBSERVATIONUM
853 652 1229 719 MEDICARUM1.5.
1342 657 1383 717 81

278 814 460 893 transferri,
475 815 539 879 nisi
555 813 640 898 quod
659 814 739 879 haec
757 836 823 879 non
838 836 940 897 usque
960 815 1041 879 adeo
1060 815 1238 897 perniciosa
1252 814 1305 894 sit,
1320 814 1384 878 nisi
1416 827 1522 878 Fusias

280 914 396 979 crebro
411 918 559 1000 repetita.
1397 891 1537 1006 iiiiii}

331 1015 415 1101 [302]
444 1018 704 1083 Intermittentes
724 1018 891 1083 Tertianas
907 1018 1123 1082 Autumnales
1138 1020 1199 1083 hoc
1212 1025 1308 1101 pacto
1328 1039 1383 1100 ag.
1396 1023 1536 1100 Qa-

281 1118 421 1200 gredior.
464 1119 575 1203 Aegro
589 1121 624 1184 in
639 1121 758 1185 lectulo
773 1121 949 1205 composito
964 1129 997 1184 et
1009 1122 1160 1203 stragulis
1175 1122 1382 1205 undiquaque
1398 1110 1522 1158 Inama-

281 1226 442 1303 coopertc,
462 1222 593 1285 sudores
617 1244 752 1306 provoco
773 1244 843 1286 sero
864 1223 956 1285 lactis
976 1223 1172 1300 cerevisiato,
1193 1223 1246 1286 cui
1266 1222 1382 1285 salviae
1395 1182 1520 1351 tTeprttrquq

1373 1324 1379 1338 ·
1395 1318 1451 1351 mm
1487 1320 1516 1351 u-

281 1321 360 1385 folia
382 1322 510 1387 incocta
535 1324 635 1403 fuere,
662 1334 800 1407 quatuor
829 1325 956 1388 circiter
981 1324 1068 1388 horis
1095 1332 1171 1389 ante
1200 1346 1543 1417 parorrysmrtummlium

281 1424 477 1503 adventum
517 1426 633 1510 quibus
659 1427 728 1511 jam
754 1426 874 1491 obortis
903 1448 980 1491 mox
1003 1427 1163 1511 praecipio
1191 1435 1229 1491 ut
1253 1428 1383 1492 devoret
1396 1433 1496 1481 emano.

281 1527 449 1609 scrupulos
470 1527 550 1592 duos
572 1529 746 1611 pilularum
767 1530 952 1593 cochiarum
972 1530 1132 1613 majorum
1147 1529 1326 1595 solutarum
1348 1531 1384 1594 in

276 1630 380 1695 uncia
393 1650 461 1694 una
475 1632 639 1715 sequentis
654 1631 808 1697 misturae
819 1658 872 1697 ε·-

280 1764 382 1833 [Fona.
399 1766 450 1835 la]
489 1763 521 1845 R
550 1768 643 1837 Aquae
655 1766 945 1833 Vitaelihramunam,

546 1853 690 1907 Theriacae
702 1854 881 1907 Andromachi
893 1855 986 1907 uncias
998 1864 1058 1921 tres,

546 1939 623 1993 Croci
636 1940 743 2009 Anglici
755 1940 907 1995 drachmam
921 1958 1003 1996 uuam
1014 1962 1020 2005 i

423 2025 525 2089 Misce;
542 2034 614 2079 stent
625 2027 704 2079 simul
716 2044 763 2097 pro
776 2044 834 2080 usu.

282 2142 375 2209 Haec
389 2144 446 2209 ubi
466 2146 684 2232 assumpserit,
700 2146 736 2210 in
756 2146 926 2211 sudoribus
948 2149 1104 2213 continuo
1126 2150 1290 2215 eliciendis
1311 2173 1383 2235 per·

281 2248 385 2325 sistat,
401 2247 503 2313 donec
518 2250 642 2332 elapsae
657 2248 778 2313 fuerint
788 2250 910 2333 aliquot
924 2250 1022 2315 horae
1037 2252 1145 2317 abillo
1159 2243 1304 2336 tempore
1319 2276 1383 2338 quo

279 2372 491 2434 paroxysmus
513 2352 663 2435 ingruere
686 2352 850 2430 debuerat,
869 2374 990 2435 magna
1011 2375 1085 2418 cum
1107 2356 1234 2419 cautela
1255 2378 1290 2420 se
1311 2378 1382 2420 mu.

280 2453 375 2517 niens
399 2460 513 2517 contra
535 2454 606 2519 illas
631 2454 809 2519 sudationis
832 2455 1095 2539 interruptiones,
1120 2480 1199 2540 quas
1228 2458 1276 2523 illi
1299 2459 1383 2524 forte

280 2555 437 2620 creabunt
460 2556 654 2641 dejectiones
674 2558 796 2641 aliquot
818 2579 838 2623 a
856 2559 1094 2624 medicamento
1116 2561 1292 2625 cathartico
1310 2583 1382 2644 pro·

279 2660 393 2723 sectae.
444 2660 527 2743 [31.]
557 2660 691 2744 Saepius
721 2661 802 2724 mihi
828 2682 867 2725 ex
893 2661 994 2725 animi
1017 2671 1092 2726 voto
1118 2664 1213 2727 cessit
1242 2663 1380 2726 medica·

279 2769 429 2826 mentum
442 2761 504 2826 hoc
518 2762 554 2825 in
568 2762 718 2846 fugandis
738 2763 963 2827 Tertianarum
978 2765 1186 2847 paroxysmis,
1203 2786 1300 2845 quam
1319 2786 1378 2827 usu

279 2872 446 2947 receptum
460 2864 542 2927 illud
556 2866 598 2929 ad
613 2864 751 2929 eundem
767 2886 898 2948 scopum
914 2864 1062 2941 tendens,
1078 2864 1245 2929 decoctum
1261 2864 1381 2928 scilieet

280 2965 396 3049 radicis
422 2966 604 3049 gentianae,
629 2967 854 3030 summitatum
885 2966 1053 3044 cantamii,
1078 2972 1151 3043 eta,
1174 2986 1249 3029 cum
1278 2987 1382 3048 pauca

280 3088 400 3133 sennae
437 3076 535 3151 atque
572 3069 690 3152 agarici
724 3067 917 3151 quantitate.
967 3068 1050 3131 Cum
1083 3068 1167 3131 enim
1203 3067 1283 3131 duos
1308 3067 1380 3131 illos

279 3171 456 3235 contrarios
476 3170 614 3235 sudandi
638 3192 675 3235 ac
700 3170 871 3254 dejiciendi
893 3176 1000 3234 motus
1024 3170 1136 3233 eodem
1161 3176 1305 3254 tempore
1327 3191 1380 3233 ex·

280 3274 368 3352 citet,
390 3274 528 3338 eundem
549 3294 622 3338 cum
644 3274 768 3356 vulgari
791 3273 853 3337 isto
876 3274 1026 3337 effectum
1042 3274 1178 3352 obtinet,
1194 3273 1379 3338 ordinatum

279 3376 399 3441 scilicet
429 3377 609 3461 paroxysmi
637 3398 818 3459 processum
850 3376 1078 3441 confundendo
1102 3384 1199 3460 atque
1224 3378 1379 3441 intertur-

278 3478 406 3556 band03
427 3479 525 3562 idque
547 3480 714 3557 efficacius,
730 3500 790 3545 nec
808 3484 918 3544 tamen
937 3486 1011 3543 tuto
1025 3480 1143 3544 minus.
1188 3481 1297 3563 Atque
1318 3480 1380 3544 hac

277 3601 357 3643 sane
383 3581 535 3645 methodo
565 3581 825 3645 Intermittentes
851 3582 1067 3645 Autumnales
1095 3582 1263 3645 Tertianas
1296 3582 1400 3667 bene,

279 3682 397 3745 multas
426 3683 554 3765 pepuli3
586 3680 725 3747 necdum
750 3683 1016 3767 praestantiorem
1041 3684 1135 3749 aliam
1166 3684 1303 3769 experiri
1327 3684 1378 3747 his

278 3783 392 3847 annisu
408 3784 487 3847 mihi
502 3784 603 3849 licuit.

327 3884 410 3969 [32]
438 3886 481 3950 In
496 3887 648 3951 Tertiana
662 3886 801 3969 Duplici,
815 3908 896 3970 quae
911 3894 1025 3971 typum
1040 3887 1173 3952 variavit
1188 3889 1229 3953 ob
1246 3910 1378 3972 aegrum
1391 3905 1519 3954 Tenuere

277 3986 327 4049 vu
351 3987 611 4053 evacuationibus
636 3988 687 4051 va
713 3988 774 4052 nio
799 3990 909 4072 quovis
931 3990 1260 4068 mouendarum,
1282 3969 1506 4082 sudorffipggi

277 4090 347 4172 pari
367 4089 463 4154 etiam
486 4088 581 4154 modo
600 4090 833 4173 provocandus,
850 4098 883 4155 et
903 4092 973 4173 pari
993 4091 1146 4174 temporis
1168 4091 1337 4156 intervallo
1359 4114 1379 4155 a

277 4192 388 4255 futura
408 4192 590 4277 paroxysmi
611 4192 786 4271 invasione,
809 4191 859 4257 vel
887 4192 1122 4257 medicamento
1141 4192 1210 4272 jam
1235 4192 1376 4270 laudato,

281 4293 486 4372 (omittantur
506 4314 580 4357 vero
600 4294 719 4376 pilulae
737 4294 875 4372 cochiae,
891 4314 966 4357 cum
987 4314 1046 4356 nec
1066 4298 1175 4355 tutum
1191 4291 1243 4370 sit,
1259 4313 1319 4355 nec
1335 4294 1377 4356 ad

277 4415 344 4457 rem
367 4394 474 4471 faciat,
490 4394 666 4459 cathartico
683 4396 750 4478 jam
769 4395 809 4459 ab
833 4395 944 4460 eodem
965 4394 1083 4457 fractas
1103 4392 1191 4473 aegri
1209 4393 1378 4458 viresam·

278 4498 362 4581 plius
377 4497 523 4581 dejicere,
543 4504 576 4561 et
590 4498 786 4581 paroxysmis
802 4498 943 4580 ejusdem
961 4518 1020 4580 ope
1034 4494 1242 4579 ingeminatis
1262 4518 1376 4581 suppe-

277 4600 341 4661 tias
363 4600 468 4679 serre,)
486 4598 537 4661 vel
557 4598 774 4681 diaphoretico
797 4600 859 4663 alio
886 4599 992 4680 aliquo
1016 4594 1255 4684 δραστικωτέρῳ
1278 4608 1375 4681 atque

278 4700 406 4779 efficaci,
422 4698 508 4782 quod
523 4700 619 4763 etiam
634 4700 736 4783 repeti
750 4706 856 4782 potest
873 4722 1064 4784 paroxysmo
1079 4698 1221 4783 genuino
1235 4702 1378 4781 proxime

666 4832 678 4856 ¹
693 4830 730 4873 tir
742 4826 821 4888 annis]
834 4843 880 4875 om.
891 4828 927 4877 ed.
941 4829 989 4877 ⁸76.

818 4926 843 4967 u
