3825 5759
513 616 578 679 512
822 612 1017 677 ΤΗΟΜΑΕ
1041 611 1301 677 SYDENHAM

359 790 497 839 DeNovsr
512 781 605 839 tanto
633 774 737 856 magis
769 772 903 851 febrem,
932 771 1204 857 inquietudinem,
1234 772 1394 851 delirium,
1424 780 1628 858 caeteraque
1737 805 1738 844 i

359 855 493 967 1,F„⁵„⁸,⁸,¹,'„
512 886 737 965 symptomata,
752 877 921 943 intendere
943 899 981 941 aa
1001 900 1206 961 promovere;
1230 900 1249 943 e
1270 886 1384 944 eontra
1404 900 1481 943 vero
1502 878 1625 961 depre-

510 984 663 1061 hendero,
681 982 832 1059 eundem,
849 980 908 1045 ubi
929 980 1094 1044 moderate
1112 982 1330 1064 refrigeratum,
1347 988 1443 1045 tauto
1462 981 1625 1045 sedatiori

510 1092 767 1169 temperamento
789 1106 867 1163 esse,
890 1090 1048 1168 tantoque
1068 1085 1178 1147 minus
1200 1092 1269 1149 tam
1294 1107 1315 1149 a
1336 1084 1427 1148 febre
1452 1106 1552 1166 quam
1578 1083 1623 1147 ab

511 1189 582 1253 aliis
604 1188 826 1273 symptomatis
849 1187 968 1251 vexari.
1020 1186 1127 1266 Addo,
1152 1189 1248 1272 quod,
1275 1196 1400 1253 servata
1425 1187 1538 1251 debita
1560 1187 1624 1251 illa

511 1292 617 1355 earnis
636 1292 836 1355 musculosae
855 1290 1012 1373 temperie
1027 1312 1109 1374 quae
1128 1293 1330 1375 pustularum
1346 1300 1420 1356 tum
1437 1300 1622 1373 augmento

511 1403 584 1460 tum
605 1395 814 1459 maturationi
834 1395 975 1458 maxime
996 1396 1159 1479 competit,
1175 1401 1209 1459 et
1230 1394 1417 1477 grandiores
1439 1400 1517 1456 sunt
1538 1414 1621 1475 pus·

510 1496 600 1561 tulae
615 1504 647 1560 et
661 1496 824 1559 liberalius
838 1495 1017 1578 implentur
1027 1494 1125 1579 qu'am
1139 1497 1167 1560 si
1181 1518 1277 1579 aeger
1289 1496 1391 1560 nimio
1402 1496 1620 1559 suffocaretur

511 1600 626 1665 calore.
673 1599 783 1663 Posito
800 1598 862 1661 hoe
880 1606 1019 1681 utroque
1041 1620 1127 1678 casu,
1144 1600 1221 1663 satis
1241 1600 1450 1664 manifestum
1471 1620 1542 1662 esse
1564 1621 1619 1661 ar·

511 1700 622 1778 bitror,
653 1720 750 1782 quam
777 1697 885 1781 potius
920 1719 1054 1781 praxeos
1082 1701 1272 1765 methodum
1301 1702 1392 1785 sequi
1426 1700 1617 1766 debeamus.

517 1802 599 1888 [45]
627 1802 753 1867 Pariter
777 1801 813 1864 in
835 1801 892 1865 illa
914 1801 955 1865 de
981 1824 1047 1886 qna
1074 1826 1163 1869 nune
1188 1806 1315 1888 agimus
1338 1804 1450 1883 Febre,
1475 1805 1503 1867 si
1526 1826 1617 1868 eom·

510 1905 624 1989 periar,
649 1924 792 1986 aegrum,
822 1924 886 1987 quo
910 1904 1014 1987 magis
1039 1906 1154 1984 calefit,
1185 1928 1224 1971 eo
1252 1907 1355 1990 magis
1384 1927 1453 1970 non
1480 1912 1617 1970 tantum

511 2006 671 2091 phrenesi,
694 2004 828 2068 maculis
851 2007 1030 2088 purpureis,
1052 2009 1218 2090 peteehiis,
1238 2016 1311 2088 ete,
1335 2008 1510 2073 obnoxium
1533 2030 1617 2086 esse,

512 2107 569 2172 sed
591 2114 624 2171 et
646 2106 776 2171 Febrim
797 2106 930 2189 insuper
953 2111 1178 2192 symptomatis
1196 2111 1342 2175 omnium
1360 2132 1517 2194 generum
1533 2110 1618 2174 irre·

512 2208 677 2293 gularibus
697 2214 730 2271 et
750 2208 906 2272 anomalis
925 2210 1041 2275 exinde
1055 2212 1186 2296 stipari;
1208 2235 1228 2277 e
1246 2220 1359 2278 matra
1371 2234 1457 2291 vero,
1472 2212 1500 2275 si
1514 2212 1618 2275 alium

512 2332 646 2395 aegrum
661 2332 699 2374 ea
714 2332 811 2392 quam
828 2311 898 2395 jam
917 2313 1126 2396 proponimus
1143 2316 1296 2379 methodo
1313 2322 1489 2379 tractatum
1505 2313 1546 2377 ab
1560 2314 1618 2378 his

511 2414 734 2500 symptomatis
747 2434 877 2497 prorsus
887 2412 1027 2477 liberum
1037 2415 1287 2481 observaverim:
1311 2417 1407 2481 Ratio
1422 2416 1523 2481 dietat
1537 2437 1614 2498 pos-

511 2518 663 2584 teriorem
676 2516 765 2581 huno
778 2536 912 2600 praxeos
926 2517 1059 2581 modum
1073 2518 1169 2602 longe
1186 2520 1280 2584 alteri
1293 2526 1465 2603 praestare,
1479 2520 1616 2583 tametsi

512 2628 649 2705 uterque
663 2641 759 2704 aeger
769 2621 816 2684 ita
826 2620 1036 2684 diversimode
1050 2622 1154 2685 curati
1165 2622 1207 2686 ad
1217 2623 1388 2687 sanitatem
1398 2628 1616 2687 revertantur.

514 2724 653 2791 Quodsi
670 2723 777 2806 pluies
799 2722 860 2787 hao
878 2722 930 2785 via
944 2744 1042 2805 quam
1062 2723 1125 2787 alia
1144 2723 1209 2787 ista
1229 2732 1369 2789 mortem
1390 2724 1557 2806 effugiant,
1574 2744 1618 2789 eo

511 2828 637 2893 facilius
667 2826 801 2891 solvitur
824 2826 1058 2891 controversiae
1080 2826 1186 2890 nodus
1198 2852 1208 2905 ς
1240 2849 1304 2910 qua
1332 2827 1373 2891 de
1401 2848 1438 2891 re
1465 2847 1533 2890 non
1563 2834 1616 2891 est

512 2953 659 2997 mearum
676 2931 818 3015 partium
832 2928 993 3013 judicium
1009 2928 1103 3008 ferre,
1118 2950 1161 2992 ue
1182 2929 1263 2993 mihi
1278 2936 1312 2993 et
1326 2930 1407 2993 meis
1421 2929 1495 3013 plus
1509 2949 1615 3011 aequo

512 3036 647 3099 faveam.

388 3143 413 3190 ui
458 3157 496 3189 ⁰¹-
563 3138 645 3222 [46]
673 3138 782 3219 Atque
805 3136 885 3200 haee
908 3135 949 3200 de
973 3135 1035 3199 hae
1058 3134 1169 3199 Febris
1195 3136 1307 3219 specie.
1352 3135 1529 3218 Quousque
1557 3134 1615 3199 illa

385 3222 420 3319 nee
453 3288 478 3319 e·
514 3240 654 3318 durabit,
676 3261 743 3303 non
764 3238 922 3316 hariolor3
959 3260 1065 3322 neque
1091 3238 1168 3301 satis
1194 3238 1260 3301 seio
1285 3258 1396 3301 annon
1418 3238 1461 3301 ait
1481 3236 1613 3300 initium

377 3336 396 3382 ‘⁵
514 3342 644 3426 aliquod
669 3339 869 3423 spirituosius
888 3360 926 3403 ae
947 3339 1074 3418 subtile,
1098 3348 1131 3403 et
1153 3340 1244 3423 quasi
1267 3338 1478 3423 primordium
1501 3336 1613 3401 Febris

513 3444 606 3507 istius
622 3441 854 3525 Depuratoriae
865 3442 934 3525 jam
949 3441 1144 3524 antiquatae,
1160 3464 1258 3525 quam
1270 3442 1417 3507 insecuta
1430 3448 1481 3505 est
1497 3441 1612 3504 imma-

512 3544 647 3610 nissima
668 3544 724 3609 illa
748 3540 881 3607 Pestisu
928 3542 1015 3607 Sunt
1036 3544 1178 3627 profecto
1198 3545 1422 3627 phaenomena
1444 3544 1611 3628 quaedam,

513 3668 595 3733 quae
620 3667 673 3711 me
698 3652 737 3711 ut
761 3646 822 3709 hoc
851 3646 980 3709 credam
1005 3647 1229 3730 quadantenus
1251 3646 1431 3725 inducunt3
1468 3645 1612 3730 qnando-

513 3748 643 3834 quidem
675 3770 743 3813 non
771 3754 902 3812 tuntum
930 3748 1049 3813 Febres
1072 3750 1314 3813 lutenniltentes
1341 3748 1468 3833 proprie
1496 3748 1611 3827 dietae,

512 3852 697 3936 praesertim
715 3852 911 3930 Quartanae,
925 3851 980 3915 hie
999 3851 1066 3916 illie
1084 3873 1212 3936 sparsae
1230 3851 1337 3915 adhue
1350 3858 1484 3929 restant,
1497 3871 1611 3913 verum
1737 3869 1738 3874 ¹

512 3954 610 4019 etiam
623 3955 799 4019 nonnullae
815 3976 854 4018 ex
870 3954 921 4019 his
936 3954 1093 4018 Febribus
1108 3954 1280 4019 Continuis
1298 3954 1435 4018 subinde
1454 3955 1490 4017 in
1502 3953 1610 4019 Inter-

511 4057 713 4121 mittentinm
733 4063 847 4135 castra,
868 4056 1007 4121 maxime
1027 4064 1185 4121 autumno
1203 4057 1274 4140 jam
1291 4054 1464 4139 pendente,
1479 4054 1610 4119 commi·

511 4165 620 4244 grant:
643 4166 682 4225 ut
689 4160 758 4245 jam
766 4166 901 4238 taceam,
911 4158 1171 4223 exaoerbatioues
1181 4159 1217 4222 in
1227 4157 1288 4222 hae
1297 4156 1401 4221 Febre
1409 4178 1506 4241 supra
1515 4154 1551 4241 [t
1561 4154 1609 4243 5.]

510 4270 713 4341 memoratas,
729 4283 841 4327 eomm
857 4282 1122 4347 paroxysmorum
1139 4262 1196 4345 qui
1216 4260 1336 4325 Febres
1352 4259 1612 4323 Intermittentes

510 4366 716 4444 comitantru,
733 4365 866 4449 genium
885 4364 993 4447 aliquo
1013 4364 1129 4429 saltem
1143 4361 1239 4427 modo
1252 4362 1393 4440 referre3
1414 4372 1487 4426 tum
1502 4361 1611 4440 etiam

510 4468 597 4551 qnod
621 4468 682 4531 hoc
701 4467 815 4531 morbo
838 4466 1022 4531 laborantes
1047 4466 1089 4530 ad
1107 4464 1316 4529 vomitionem
1339 4464 1418 4528 satis
1439 4471 1517 4527 sunt
1539 4485 1611 4547 pro-

509 4568 611 4651 pensi.
650 4568 725 4634 Qua
735 4568 776 4633 de
790 4590 825 4633 re
836 4576 947 4632 tamen
958 4568 1041 4631 nihil
1054 4589 1184 4651 prorsus
1198 4588 1257 4651 pro
1272 4573 1437 4650 comperto
1445 4564 1611 4629 venditare

509 4668 637 4733 animus
651 4670 732 4734 mihi
747 4677 805 4748 est,
821 4670 973 4753 quoniam
994 4691 1063 4734 non
1078 4670 1150 4753 jam
1166 4669 1248 4733 mihi
1269 4668 1438 4748 suocurrit,
1453 4689 1518 4753 qus
1529 4667 1611 4733 faeie

720 4794 1409 4853 1²croamueaus:affirmantem.
