<?xml version="1.0" encoding="UTF-8"?>
<!DOCTYPE html PUBLIC "-//W3C//DTD XHTML 1.0 Transitional//EN"
    "http://www.w3.org/TR/xhtml1/DTD/xhtml1-transitional.dtd">
<html xmlns="http://www.w3.org/1999/xhtml" xml:lang="en" lang="en">
 <head>
  <title>
</title>
<meta http-equiv="Content-Type" content="text/html;charset=utf-8" />
  <meta name='ocr-system' content='tesseract 3.04.00' />
  <meta name='ocr-capabilities' content='ocr_page ocr_carea ocr_par ocr_line ocrx_word'/>
</head>
<body>
  <div class='ocr_page' id='page_1' title='image "./thomaesydenhamm00greegoog_0146.png"; bbox 0 0 3825 5759; ppageno 0'>
   <div class='ocr_carea' id='block_1_1' title="bbox 527 641 1317 716">
    <p class='ocr_par' dir='ltr' id='par_1_1' title="bbox 527 641 1317 716">
     <span class='ocr_line' id='line_1_1' title="bbox 527 641 1317 716; baseline 0.003 -10"><span class='ocrx_word' id='word_1_1' title='bbox 527 645 591 716; x_wconf 84' lang='lat'>110.</span> <span class='ocrx_word' id='word_1_2' title='bbox 688 670 706 709; x_wconf 94' lang='grc'><strong>.·</strong></span> <span class='ocrx_word' id='word_1_3' title='bbox 801 642 1034 709; x_wconf 76' lang='grc' dir='ltr'><strong>’ΤΗΟΜΑΕ</strong></span> <span class='ocrx_word' id='word_1_4' title='bbox 1057 641 1317 711; x_wconf 86' lang='lat' dir='ltr'>SYDENHAM</span> 
     </span>
    </p>
   </div>
   <div class='ocr_carea' id='block_1_2' title="bbox 376 798 1626 1001">
    <p class='ocr_par' dir='ltr' id='par_1_2' title="bbox 376 798 1626 1001">
     <span class='ocr_line' id='line_1_2' title="bbox 393 798 1626 889; baseline -0.005 -16"><span class='ocrx_word' id='word_1_5' title='bbox 393 825 493 873; x_wconf 75' lang='lat' dir='ltr'><strong>rearis</strong></span> <span class='ocrx_word' id='word_1_6' title='bbox 523 804 565 871; x_wconf 91' lang='lat' dir='ltr'><strong>ob</strong></span> <span class='ocrx_word' id='word_1_7' title='bbox 591 803 751 883; x_wconf 70' lang='lat' dir='ltr'><strong>ambram,</strong></span> <span class='ocrx_word' id='word_1_8' title='bbox 776 805 863 888; x_wconf 93' lang='lat' dir='ltr'><strong>quod</strong></span> <span class='ocrx_word' id='word_1_9' title='bbox 889 805 1076 888; x_wconf 84' lang='lat' dir='ltr'><strong>postulabat</strong></span> <span class='ocrx_word' id='word_1_10' title='bbox 1100 805 1137 869; x_wconf 92' lang='lat' dir='ltr'><strong>in</strong></span> <span class='ocrx_word' id='word_1_11' title='bbox 1164 804 1322 889; x_wconf 89' lang='lat' dir='ltr'><strong>principio</strong></span> <span class='ocrx_word' id='word_1_12' title='bbox 1346 799 1452 869; x_wconf 86' lang='lat' dir='ltr'><strong>morbi</strong></span> <span class='ocrx_word' id='word_1_13' title='bbox 1474 798 1626 869; x_wconf 85' lang='lat' dir='ltr'><strong>vomendi</strong></span> 
     </span>
     <span class='ocr_line' id='line_1_3' title="bbox 376 889 1626 1001; baseline -0.01 -24"><span class='ocrx_word' id='word_1_14' title='bbox 376 889 505 1001; x_wconf 52' lang='grc' dir='ltr'><strong>ἕξζζῇ,</strong></span> <span class='ocrx_word' id='word_1_15' title='bbox 523 906 702 990; x_wconf 84' lang='lat' dir='ltr'>propensio,</span> <span class='ocrx_word' id='word_1_16' title='bbox 723 907 851 971; x_wconf 90' lang='lat' dir='ltr'><strong>emetici</strong></span> <span class='ocrx_word' id='word_1_17' title='bbox 874 907 1114 985; x_wconf 82' lang='lat' dir='ltr'><strong>exhibitionem,</strong></span> <span class='ocrx_word' id='word_1_18' title='bbox 1134 907 1369 971; x_wconf 81' lang='lat' dir='ltr'>defervescente</span> <span class='ocrx_word' id='word_1_19' title='bbox 1389 906 1491 969; x_wconf 83' lang='lat' dir='ltr'><strong>Febre</strong></span> <span class='ocrx_word' id='word_1_20' title='bbox 1514 926 1626 988; x_wconf 85' lang='lat' dir='ltr'><strong>super-</strong></span> 
     </span>
    </p>
   </div>
   <div class='ocr_carea' id='block_1_3' title="bbox 370 1007 1632 4157">
    <p class='ocr_par' dir='ltr' id='par_1_3' title="bbox 370 1007 1631 1296">
     <span class='ocr_line' id='line_1_4' title="bbox 372 1007 1626 1092; baseline -0.001 -21"><span class='ocrx_word' id='word_1_21' title='bbox 372 1018 511 1065; x_wconf 75' lang='lat' dir='ltr'><strong>Asuoavu</strong></span> <span class='ocrx_word' id='word_1_22' title='bbox 523 1009 632 1072; x_wconf 88' lang='lat' dir='ltr'><strong>venire</strong></span> <span class='ocrx_word' id='word_1_23' title='bbox 647 1009 834 1091; x_wconf 71' lang='lat' dir='ltr'><strong>consuevit)</strong></span> <span class='ocrx_word' id='word_1_24' title='bbox 852 1009 1058 1073; x_wconf 88' lang='lat' dir='ltr'><strong>vomitorium</strong></span> <span class='ocrx_word' id='word_1_25' title='bbox 1077 1010 1240 1092; x_wconf 78' lang='lat' dir='ltr'><strong>imperavi,</strong></span> <span class='ocrx_word' id='word_1_26' title='bbox 1257 1008 1344 1091; x_wconf 91' lang='lat' dir='ltr'><strong>quod</strong></span> <span class='ocrx_word' id='word_1_27' title='bbox 1361 1008 1439 1072; x_wconf 90' lang='lat' dir='ltr'><strong>satis</strong></span> <span class='ocrx_word' id='word_1_28' title='bbox 1458 1007 1626 1071; x_wconf 87' lang='lat' dir='ltr'><strong>commode</strong></span> 
     </span>
     <span class='ocr_line' id='line_1_5' title="bbox 370 1082 1626 1191; baseline -0.001 -18"><span class='ocrx_word' id='word_1_29' title='bbox 370 1082 511 1161; x_wconf 59' lang='lat' dir='ltr'>Q</span> <span class='ocrx_word' id='word_1_30' title='bbox 524 1109 694 1173; x_wconf 86' lang='lat' dir='ltr'><strong>ventriculi</strong></span> <span class='ocrx_word' id='word_1_31' title='bbox 723 1110 888 1173; x_wconf 83' lang='lat' dir='ltr'><strong>saburram</strong></span> <span class='ocrx_word' id='word_1_32' title='bbox 918 1111 1038 1174; x_wconf 91' lang='lat' dir='ltr'><strong>elicuit.</strong></span> <span class='ocrx_word' id='word_1_33' title='bbox 1083 1112 1217 1175; x_wconf 88' lang='lat' dir='ltr'><strong>Postero</strong></span> <span class='ocrx_word' id='word_1_34' title='bbox 1246 1131 1353 1188; x_wconf 93' lang='lat' dir='ltr'><strong>mane,</strong></span> <span class='ocrx_word' id='word_1_35' title='bbox 1391 1130 1465 1172; x_wconf 89' lang='lat' dir='ltr'><strong>cum</strong></span> <span class='ocrx_word' id='word_1_36' title='bbox 1495 1129 1626 1191; x_wconf 81' lang='lat' dir='ltr'><strong>aegram</strong></span> 
     </span>
     <span class='ocr_line' id='line_1_6' title="bbox 524 1208 1631 1296; baseline -0.008 -17"><span class='ocrx_word' id='word_1_37' title='bbox 524 1211 644 1279; x_wconf 82' lang='lat' dir='ltr'><strong>iterum</strong></span> <span class='ocrx_word' id='word_1_38' title='bbox 658 1211 791 1289; x_wconf 85' lang='lat' dir='ltr'><strong>adirem,</strong></span> <span class='ocrx_word' id='word_1_39' title='bbox 807 1212 837 1276; x_wconf 88' lang='lat' dir='ltr'><strong>ei</strong></span> <span class='ocrx_word' id='word_1_40' title='bbox 857 1212 964 1275; x_wconf 85' lang='lat' dir='ltr'><strong>alvum</strong></span> <span class='ocrx_word' id='word_1_41' title='bbox 979 1212 1136 1296; x_wconf 89' lang='lat' dir='ltr'><strong>profluere</strong></span> <span class='ocrx_word' id='word_1_42' title='bbox 1152 1212 1310 1295; x_wconf 82' lang='lat' dir='ltr'><strong>intelligo,</strong></span> <span class='ocrx_word' id='word_1_43' title='bbox 1326 1232 1409 1295; x_wconf 91' lang='lat' dir='ltr'><strong>quae</strong></span> <span class='ocrx_word' id='word_1_44' title='bbox 1429 1231 1490 1288; x_wconf 88' lang='lat' dir='ltr'><strong>res,</strong></span> <span class='ocrx_word' id='word_1_45' title='bbox 1506 1210 1547 1273; x_wconf 88' lang='lat' dir='ltr'><strong>ab</strong></span> <span class='ocrx_word' id='word_1_46' title='bbox 1567 1208 1631 1272; x_wconf 88' lang='lat' dir='ltr'><strong>ali-.</strong></span> 
     </span>
    </p>

    <p class='ocr_par' dir='ltr' id='par_1_4' title="bbox 370 1309 1630 2419">
     <span class='ocr_line' id='line_1_7' title="bbox 526 1309 1630 1396; baseline -0.004 -22"><span class='ocrx_word' id='word_1_47' title='bbox 526 1318 604 1396; x_wconf 88' lang='lat' dir='ltr'><strong>quot</strong></span> <span class='ocrx_word' id='word_1_48' title='bbox 619 1333 779 1377; x_wconf 89' lang='lat' dir='ltr'><strong>annorum</strong></span> <span class='ocrx_word' id='word_1_49' title='bbox 798 1335 860 1376; x_wconf 87' lang='lat' dir='ltr'><strong>usu</strong></span> <span class='ocrx_word' id='word_1_50' title='bbox 874 1314 1064 1377; x_wconf 76' lang='lat' dir='ltr'><strong>insolentior</strong></span> <span class='ocrx_word' id='word_1_51' title='bbox 1076 1315 1153 1392; x_wconf 85' lang='lat' dir='ltr'><strong>visa,</strong></span> <span class='ocrx_word' id='word_1_52' title='bbox 1167 1313 1249 1376; x_wconf 90' lang='lat' dir='ltr'><strong>mihi</strong></span> <span class='ocrx_word' id='word_1_53' title='bbox 1268 1334 1336 1377; x_wconf 92' lang='lat' dir='ltr'><strong>non</strong></span> <span class='ocrx_word' id='word_1_54' title='bbox 1354 1313 1456 1375; x_wconf 82' lang='lat' dir='ltr'><strong>levem</strong></span> <span class='ocrx_word' id='word_1_55' title='bbox 1472 1309 1630 1374; x_wconf 47' lang='lat' dir='ltr'><strong>sollicitus</strong></span> 
     </span>
     <span class='ocr_line' id='line_1_8' title="bbox 372 1412 1626 1499; baseline 0 -24"><span class='ocrx_word' id='word_1_56' title='bbox 372 1424 514 1497; x_wconf 64' lang='grc' dir='ltr'><strong>οιίιιιιιι-</strong></span> <span class='ocrx_word' id='word_1_57' title='bbox 526 1414 635 1496; x_wconf 81' lang='lat' dir='ltr'><strong>dinem</strong></span> <span class='ocrx_word' id='word_1_58' title='bbox 658 1414 779 1499; x_wconf 90' lang='lat' dir='ltr'><strong>injecit.</strong></span> <span class='ocrx_word' id='word_1_59' title='bbox 823 1416 949 1479; x_wconf 85' lang='lat' dir='ltr'><strong>Exinde</strong></span> <span class='ocrx_word' id='word_1_60' title='bbox 967 1423 1078 1479; x_wconf 87' lang='lat' dir='ltr'><strong>autem</strong></span> <span class='ocrx_word' id='word_1_61' title='bbox 1096 1416 1231 1479; x_wconf 82' lang='lat' dir='ltr'><strong>Febrem</strong></span> <span class='ocrx_word' id='word_1_62' title='bbox 1250 1437 1318 1480; x_wconf 90' lang='lat' dir='ltr'><strong>non</strong></span> <span class='ocrx_word' id='word_1_63' title='bbox 1340 1414 1479 1497; x_wconf 89' lang='lat' dir='ltr'><strong>vulgaris</strong></span> <span class='ocrx_word' id='word_1_64' title='bbox 1498 1412 1626 1495; x_wconf 87' lang='lat' dir='ltr'><strong>generis</strong></span> 
     </span>
     <span class='ocr_line' id='line_1_9' title="bbox 371 1496 1626 1601; baseline -0.002 -22"><span class='ocrx_word' id='word_1_65' title='bbox 371 1496 512 1600; x_wconf 53' lang='lat' dir='ltr'><strong>ffiffiff,</strong></span> <span class='ocrx_word' id='word_1_66' title='bbox 527 1537 594 1580; x_wconf 88' lang='lat' dir='ltr'><strong>esse</strong></span> <span class='ocrx_word' id='word_1_67' title='bbox 605 1516 756 1601; x_wconf 88' lang='lat' dir='ltr'><strong>judicavi,</strong></span> <span class='ocrx_word' id='word_1_68' title='bbox 771 1518 1055 1600; x_wconf 86' lang='lat' dir='ltr'><strong>(quemadmodum</strong></span> <span class='ocrx_word' id='word_1_69' title='bbox 1069 1519 1167 1582; x_wconf 91' lang='lat' dir='ltr'><strong>etiam</strong></span> <span class='ocrx_word' id='word_1_70' title='bbox 1179 1527 1313 1583; x_wconf 87' lang='lat' dir='ltr'><strong>eventus</strong></span> <span class='ocrx_word' id='word_1_71' title='bbox 1328 1517 1459 1598; x_wconf 68' lang='lat' dir='ltr'><strong>docuit)</strong></span> <span class='ocrx_word' id='word_1_72' title='bbox 1476 1514 1626 1598; x_wconf 88' lang='lat' dir='ltr'><strong>proinde-</strong></span> 
     </span>
     <span class='ocr_line' id='line_1_10' title="bbox 372 1617 1627 1727; baseline -0.003 -44"><span class='ocrx_word' id='word_1_73' title='bbox 372 1618 506 1727; x_wconf 50' lang='lat' dir='ltr'><strong>⁶¹¹⁰ss¹¹⁰⁸2</strong></span> <span class='ocrx_word' id='word_1_74' title='bbox 526 1640 588 1702; x_wconf 91' lang='lat' dir='ltr'><strong>que</strong></span> <span class='ocrx_word' id='word_1_75' title='bbox 604 1620 699 1683; x_wconf 82' lang='lat' dir='ltr'><strong>aliam</strong></span> <span class='ocrx_word' id='word_1_76' title='bbox 714 1620 754 1683; x_wconf 92' lang='lat' dir='ltr'><strong>ab</strong></span> <span class='ocrx_word' id='word_1_77' title='bbox 770 1641 809 1684; x_wconf 87' lang='lat' dir='ltr'><strong>ea</strong></span> <span class='ocrx_word' id='word_1_78' title='bbox 831 1642 912 1703; x_wconf 90' lang='lat' dir='ltr'><strong>quae</strong></span> <span class='ocrx_word' id='word_1_79' title='bbox 927 1621 1072 1704; x_wconf 86' lang='lat' dir='ltr'><strong>superius</strong></span> <span class='ocrx_word' id='word_1_80' title='bbox 1087 1620 1208 1684; x_wconf 87' lang='lat' dir='ltr'><strong>tradita</strong></span> <span class='ocrx_word' id='word_1_81' title='bbox 1219 1627 1280 1699; x_wconf 90' lang='lat' dir='ltr'><strong>est,</strong></span> <span class='ocrx_word' id='word_1_82' title='bbox 1297 1640 1441 1703; x_wconf 89' lang='lat' dir='ltr'><strong>quaeque</strong></span> <span class='ocrx_word' id='word_1_83' title='bbox 1463 1617 1627 1681; x_wconf 83' lang='lat' dir='ltr'><strong>constanti</strong></span> 
     </span>
     <span class='ocr_line' id='line_1_11' title="bbox 370 1687 1625 1856; baseline -0.003 -70"><span class='ocrx_word' id='word_1_84' title='bbox 370 1687 513 1856; x_wconf 42' lang='lat' dir='ltr'><strong>{diffidam</strong></span> <span class='ocrx_word' id='word_1_85' title='bbox 527 1739 692 1794; x_wconf 81' lang='lat' dir='ltr'><strong>successus</strong></span> <span class='ocrx_word' id='word_1_86' title='bbox 705 1723 786 1787; x_wconf 86' lang='lat' dir='ltr'><strong>serie</strong></span> <span class='ocrx_word' id='word_1_87' title='bbox 801 1724 958 1789; x_wconf 83' lang='lat' dir='ltr'><strong>hactenus</strong></span> <span class='ocrx_word' id='word_1_88' title='bbox 973 1746 994 1787; x_wconf 88' lang='lat' dir='ltr'><strong>a</strong></span> <span class='ocrx_word' id='word_1_89' title='bbox 1007 1745 1059 1787; x_wconf 91' lang='lat' dir='ltr'><strong>me</strong></span> <span class='ocrx_word' id='word_1_90' title='bbox 1073 1731 1228 1806; x_wconf 88' lang='lat' dir='ltr'><strong>usurpata</strong></span> <span class='ocrx_word' id='word_1_91' title='bbox 1244 1723 1368 1801; x_wconf 85' lang='lat' dir='ltr'><strong>fuisset,</strong></span> <span class='ocrx_word' id='word_1_92' title='bbox 1383 1720 1534 1785; x_wconf 91' lang='lat' dir='ltr'><strong>medendi</strong></span> <span class='ocrx_word' id='word_1_93' title='bbox 1547 1720 1625 1783; x_wconf 90' lang='lat' dir='ltr'><strong>rati·</strong></span> 
     </span>
     <span class='ocr_line' id='line_1_12' title="bbox 390 1822 1628 1891; baseline -0.003 -2"><span class='ocrx_word' id='word_1_94' title='bbox 390 1823 489 1855; x_wconf 75' lang='lat'><strong>²⁰⁰¹¹¹¹⁵</strong></span> <span class='ocrx_word' id='word_1_95' title='bbox 526 1845 621 1889; x_wconf 93' lang='lat' dir='ltr'><strong>onem</strong></span> <span class='ocrx_word' id='word_1_96' title='bbox 642 1825 705 1889; x_wconf 91' lang='lat' dir='ltr'><strong>sibi</strong></span> <span class='ocrx_word' id='word_1_97' title='bbox 720 1826 892 1890; x_wconf 88' lang='lat' dir='ltr'><strong>vindicare.</strong></span> <span class='ocrx_word' id='word_1_98' title='bbox 928 1826 1029 1891; x_wconf 79' lang='lat' dir='ltr'><strong>Quoc&#39;</strong></span> <span class='ocrx_word' id='word_1_99' title='bbox 1112 1826 1234 1890; x_wconf 84' lang='lat' dir='ltr'><strong>adscito</strong></span> <span class='ocrx_word' id='word_1_100' title='bbox 1250 1826 1287 1888; x_wconf 91' lang='lat' dir='ltr'><strong>in</strong></span> <span class='ocrx_word' id='word_1_101' title='bbox 1301 1844 1343 1887; x_wconf 89' lang='lat' dir='ltr'><strong>ne</strong></span> <span class='ocrx_word' id='word_1_102' title='bbox 1386 1823 1425 1887; x_wconf 94' lang='lat' dir='ltr'><strong>tii</strong></span> <span class='ocrx_word' id='word_1_103' title='bbox 1439 1822 1628 1887; x_wconf 87' lang='lat' dir='ltr'><strong>societatem</strong></span> 
     </span>
     <span class='ocr_line' id='line_1_13' title="bbox 371 1845 1625 2009; baseline -0.001 -21"><span class='ocrx_word' id='word_1_104' title='bbox 371 1886 516 1985; x_wconf 53' lang='lat' dir='ltr'><strong>indecit-</strong></span> <span class='ocrx_word' id='word_1_105' title='bbox 527 1926 657 1989; x_wconf 87' lang='lat' dir='ltr'><strong>Medico</strong></span> <span class='ocrx_word' id='word_1_106' title='bbox 680 1926 742 1989; x_wconf 86' lang='lat' dir='ltr'><strong>alio</strong></span> <span class='ocrx_word' id='word_1_107' title='bbox 772 1927 906 2005; x_wconf 91' lang='lat' dir='ltr'><strong>seniore,</strong></span> <span class='ocrx_word' id='word_1_108' title='bbox 930 1847 1153 2006; x_wconf 59' lang='lat' dir='ltr'><strong>vercel-racddtio,</strong></span> <span class='ocrx_word' id='word_1_109' title='bbox 1178 1949 1276 2009; x_wconf 92' lang='lat' dir='ltr'><strong>quam</strong></span> <span class='ocrx_word' id='word_1_110' title='bbox 1300 1845 1497 2008; x_wconf 59' lang='lat' dir='ltr'><strong>aegrootantis</strong></span> <span class='ocrx_word' id='word_1_111' title='bbox 1525 1930 1625 2001; x_wconf 86' lang='lat' dir='ltr'><strong>aetas,</strong></span> 
     </span>
     <span class='ocr_line' id='line_1_14' title="bbox 371 2007 1629 2122; baseline -0.002 -31"><span class='ocrx_word' id='word_1_112' title='bbox 371 2007 828 2122; x_wconf 52' lang='lat' dir='ltr'><strong>2⁸0&#39;,{¹,‡J,m,temperamentum,</strong></span> <span class='ocrx_word' id='word_1_113' title='bbox 851 2050 888 2093; x_wconf 89' lang='lat' dir='ltr'><strong>ao</strong></span> <span class='ocrx_word' id='word_1_114' title='bbox 909 2028 1094 2093; x_wconf 88' lang='lat' dir='ltr'><strong>inordinata</strong></span> <span class='ocrx_word' id='word_1_115' title='bbox 1114 2029 1280 2111; x_wconf 89' lang='lat' dir='ltr'><strong>sanguinis</strong></span> <span class='ocrx_word' id='word_1_116' title='bbox 1310 2027 1455 2092; x_wconf 89' lang='lat' dir='ltr'><strong>ebullitio</strong></span> <span class='ocrx_word' id='word_1_117' title='bbox 1480 2026 1629 2108; x_wconf 86' lang='lat' dir='ltr'><strong>flagitare</strong></span> 
     </span>
     <span class='ocr_line' id='line_1_15' title="bbox 371 2127 1626 2240; baseline -0.001 -49"><span class='ocrx_word' id='word_1_118' title='bbox 371 2127 516 2240; x_wconf 42' lang='lat' dir='ltr'><strong>¹12⁰?th</strong></span> <span class='ocrx_word' id='word_1_119' title='bbox 529 2129 729 2207; x_wconf 88' lang='lat' dir='ltr'><strong>videbantur,</strong></span> <span class='ocrx_word' id='word_1_120' title='bbox 745 2151 785 2193; x_wconf 88' lang='lat' dir='ltr'><strong>ex</strong></span> <span class='ocrx_word' id='word_1_121' title='bbox 799 2131 964 2194; x_wconf 90' lang='lat' dir='ltr'><strong>communi</strong></span> <span class='ocrx_word' id='word_1_122' title='bbox 978 2139 1089 2195; x_wconf 91' lang='lat' dir='ltr'><strong>nostro</strong></span> <span class='ocrx_word' id='word_1_123' title='bbox 1103 2132 1235 2195; x_wconf 89' lang='lat' dir='ltr'><strong>consilio</strong></span> <span class='ocrx_word' id='word_1_124' title='bbox 1248 2132 1368 2195; x_wconf 91' lang='lat' dir='ltr'><strong>iterum</strong></span> <span class='ocrx_word' id='word_1_125' title='bbox 1387 2130 1547 2195; x_wconf 88' lang='lat' dir='ltr'><strong>celebrata</strong></span> <span class='ocrx_word' id='word_1_126' title='bbox 1561 2134 1626 2205; x_wconf 86' lang='lat' dir='ltr'><strong>est;</strong></span> 
     </span>
     <span class='ocr_line' id='line_1_16' title="bbox 373 2206 1627 2319; baseline 0 -26"><span class='ocrx_word' id='word_1_127' title='bbox 373 2206 501 2319; x_wconf 50' lang='grc' dir='ltr'><strong>,ζηὶζῖ</strong></span> <span class='ocrx_word' id='word_1_128' title='bbox 529 2230 627 2293; x_wconf 89' lang='lat' dir='ltr'><strong>etiam</strong></span> <span class='ocrx_word' id='word_1_129' title='bbox 647 2231 791 2295; x_wconf 83' lang='lat' dir='ltr'><strong>cardiaco</strong></span> <span class='ocrx_word' id='word_1_130' title='bbox 810 2233 975 2299; x_wconf 89' lang='lat' dir='ltr'><strong>moderate</strong></span> <span class='ocrx_word' id='word_1_131' title='bbox 989 2233 1213 2316; x_wconf 82' lang='lat' dir='ltr'><strong>refrigerantia</strong></span> <span class='ocrx_word' id='word_1_132' title='bbox 1232 2233 1411 2317; x_wconf 89' lang='lat' dir='ltr'><strong>propinata,</strong></span> <span class='ocrx_word' id='word_1_133' title='bbox 1427 2253 1465 2295; x_wconf 88' lang='lat' dir='ltr'><strong>aa</strong></span> <span class='ocrx_word' id='word_1_134' title='bbox 1486 2230 1627 2312; x_wconf 87' lang='lat' dir='ltr'><strong>denique</strong></span> 
     </span>
     <span class='ocr_line' id='line_1_17' title="bbox 528 2334 1627 2419; baseline 0 -24"><span class='ocrx_word' id='word_1_135' title='bbox 528 2334 684 2417; x_wconf 82' lang='lat' dir='ltr'><strong>clysmate</strong></span> <span class='ocrx_word' id='word_1_136' title='bbox 707 2334 838 2397; x_wconf 89' lang='lat' dir='ltr'><strong>alternis</strong></span> <span class='ocrx_word' id='word_1_137' title='bbox 863 2335 975 2399; x_wconf 90' lang='lat' dir='ltr'><strong>diebus</strong></span> <span class='ocrx_word' id='word_1_138' title='bbox 1001 2337 1121 2419; x_wconf 84' lang='lat' dir='ltr'><strong>injecta</strong></span> <span class='ocrx_word' id='word_1_139' title='bbox 1144 2344 1231 2400; x_wconf 89' lang='lat' dir='ltr'><strong>sunt.</strong></span> <span class='ocrx_word' id='word_1_140' title='bbox 1278 2336 1347 2399; x_wconf 85' lang='lat' dir='ltr'><strong>Sub</strong></span> <span class='ocrx_word' id='word_1_141' title='bbox 1366 2336 1466 2399; x_wconf 91' lang='lat' dir='ltr'><strong>finem</strong></span> <span class='ocrx_word' id='word_1_142' title='bbox 1484 2334 1627 2416; x_wconf 88' lang='lat' dir='ltr'><strong>aegritu·</strong></span> 
     </span>
    </p>

    <p class='ocr_par' dir='ltr' id='par_1_5' title="bbox 424 2424 1626 2625">
     <span class='ocr_line' id='line_1_18' title="bbox 424 2424 1626 2521; baseline 0 -22"><span class='ocrx_word' id='word_1_143' title='bbox 424 2424 425 2429; x_wconf 28' lang='lat'>¹</span> <span class='ocrx_word' id='word_1_144' title='bbox 529 2435 624 2513; x_wconf 81' lang='lat' dir='ltr'><strong>dinis,</strong></span> <span class='ocrx_word' id='word_1_145' title='bbox 656 2437 808 2517; x_wconf 83' lang='lat' dir='ltr'><strong>quoniam</strong></span> <span class='ocrx_word' id='word_1_146' title='bbox 838 2444 1055 2521; x_wconf 82' lang='lat' dir='ltr'><strong>symptomata</strong></span> <span class='ocrx_word' id='word_1_147' title='bbox 1083 2438 1175 2503; x_wconf 89' lang='lat' dir='ltr'><strong>valde</strong></span> <span class='ocrx_word' id='word_1_148' title='bbox 1205 2439 1354 2502; x_wconf 85' lang='lat' dir='ltr'><strong>anomala</strong></span> <span class='ocrx_word' id='word_1_149' title='bbox 1376 2443 1418 2502; x_wconf 81' lang='lat' dir='ltr'><strong>ac&#39;</strong></span> <span class='ocrx_word' id='word_1_150' title='bbox 1435 2438 1626 2500; x_wconf 88' lang='lat' dir='ltr'><strong>inconsueta</strong></span> 
     </span>
     <span class='ocr_line' id='line_1_19' title="bbox 530 2537 1625 2625; baseline -0.001 -23"><span class='ocrx_word' id='word_1_151' title='bbox 530 2538 753 2622; x_wconf 84' lang='lat' dir='ltr'><strong>(malignitatis</strong></span> <span class='ocrx_word' id='word_1_152' title='bbox 782 2540 929 2623; x_wconf 84' lang='lat' dir='ltr'><strong>egregiae</strong></span> <span class='ocrx_word' id='word_1_153' title='bbox 957 2541 1077 2605; x_wconf 87' lang='lat' dir='ltr'><strong>indicia</strong></span> <span class='ocrx_word' id='word_1_154' title='bbox 1105 2542 1202 2625; x_wconf 82' lang='lat' dir='ltr'><strong>vulgo</strong></span> <span class='ocrx_word' id='word_1_155' title='bbox 1230 2542 1387 2623; x_wconf 56' lang='lat' dir='ltr'><strong>habitae)</strong></span> <span class='ocrx_word' id='word_1_156' title='bbox 1419 2537 1625 2623; x_wconf 86' lang='lat' dir='ltr'><strong>ingruebant,</strong></span> 
     </span>
    </p>

    <p class='ocr_par' dir='ltr' id='par_1_6' title="bbox 380 2628 1627 2828">
     <span class='ocr_line' id='line_1_20' title="bbox 380 2628 1625 2727; baseline -0.002 -20"><span class='ocrx_word' id='word_1_157' title='bbox 380 2639 388 2649; x_wconf 85' lang='lat'>&#39;</span> <span class='ocrx_word' id='word_1_158' title='bbox 420 2704 422 2711; x_wconf 18' lang='grc' dir='ltr'><strong>ι</strong></span> <span class='ocrx_word' id='word_1_159' title='bbox 528 2662 568 2707; x_wconf 82' lang='lat' dir='ltr'><strong>ex</strong></span> <span class='ocrx_word' id='word_1_160' title='bbox 600 2641 927 2724; x_wconf 83' lang='lat' dir='ltr'><strong>alexipharmacorum</strong></span> <span class='ocrx_word' id='word_1_161' title='bbox 968 2644 1069 2707; x_wconf 81' lang='lat' dir='ltr'><strong>classe</strong></span> <span class='ocrx_word' id='word_1_162' title='bbox 1104 2628 1246 2708; x_wconf 28' lang='lat' dir='ltr'><strong>fortiora*</strong></span> <span class='ocrx_word' id='word_1_163' title='bbox 1266 2644 1388 2727; x_wconf 88' lang='lat' dir='ltr'><strong>aliquot</strong></span> <span class='ocrx_word' id='word_1_164' title='bbox 1423 2640 1625 2727; x_wconf 88' lang='lat' dir='ltr'><strong>praescripsi-</strong></span> 
     </span>
     <span class='ocr_line' id='line_1_21' title="bbox 526 2742 1627 2828; baseline -0.002 -21"><span class='ocrx_word' id='word_1_165' title='bbox 526 2764 610 2807; x_wconf 89' lang='lat' dir='ltr'><strong>mus.</strong></span> <span class='ocrx_word' id='word_1_166' title='bbox 671 2742 797 2809; x_wconf 81' lang='lat' dir='ltr'><strong>Quibus</strong></span> <span class='ocrx_word' id='word_1_167' title='bbox 837 2750 949 2809; x_wconf 87' lang='lat' dir='ltr'><strong>tamen</strong></span> <span class='ocrx_word' id='word_1_168' title='bbox 991 2745 1141 2810; x_wconf 91' lang='lat' dir='ltr'><strong>omuibus</strong></span> <span class='ocrx_word' id='word_1_169' title='bbox 1183 2746 1397 2828; x_wconf 85' lang='lat' dir='ltr'><strong>nequicquam</strong></span> <span class='ocrx_word' id='word_1_170' title='bbox 1432 2743 1627 2828; x_wconf 86' lang='lat' dir='ltr'><strong>proficienti-</strong></span> 
     </span>
    </p>

    <p class='ocr_par' dir='ltr' id='par_1_7' title="bbox 525 2845 1624 2931">
     <span class='ocr_line' id='line_1_22' title="bbox 525 2845 1624 2931; baseline -0.002 -21"><span class='ocrx_word' id='word_1_171' title='bbox 525 2846 598 2929; x_wconf 70' lang='lat' dir='ltr'><strong>bus,</strong></span> <span class='ocrx_word' id='word_1_172' title='bbox 625 2866 721 2929; x_wconf 89' lang='lat' dir='ltr'><strong>aegra</strong></span> <span class='ocrx_word' id='word_1_173' title='bbox 744 2846 828 2909; x_wconf 89' lang='lat' dir='ltr'><strong>circa</strong></span> <span class='ocrx_word' id='word_1_174' title='bbox 851 2846 937 2910; x_wconf 88' lang='lat' dir='ltr'><strong>diem</strong></span> <span class='ocrx_word' id='word_1_175' title='bbox 968 2846 1129 2911; x_wconf 90' lang='lat' dir='ltr'><strong>decimum</strong></span> <span class='ocrx_word' id='word_1_176' title='bbox 1158 2855 1311 2931; x_wconf 86' lang='lat' dir='ltr'><strong>quartum</strong></span> <span class='ocrx_word' id='word_1_177' title='bbox 1333 2868 1352 2911; x_wconf 87' lang='lat' dir='ltr'><strong>e</strong></span> <span class='ocrx_word' id='word_1_178' title='bbox 1378 2848 1456 2910; x_wconf 86' lang='lat' dir='ltr'><strong>vivis</strong></span> <span class='ocrx_word' id='word_1_179' title='bbox 1480 2845 1624 2910; x_wconf 78' lang='lat' dir='ltr'><strong>excessit.</strong></span> 
     </span>
    </p>

    <p class='ocr_par' dir='ltr' id='par_1_8' title="bbox 533 2948 1627 3033">
     <span class='ocr_line' id='line_1_23' title="bbox 533 2948 1627 3033; baseline 0.001 -23"><span class='ocrx_word' id='word_1_180' title='bbox 533 2948 616 3031; x_wconf 64' lang='lat'>[35]</span> <span class='ocrx_word' id='word_1_181' title='bbox 637 2948 830 3013; x_wconf 90' lang='lat' dir='ltr'><strong>Insolitum¹</strong></span> <span class='ocrx_word' id='word_1_182' title='bbox 852 2948 987 3033; x_wconf 86' lang='lat' dir='ltr'><strong>hujusce</strong></span> <span class='ocrx_word' id='word_1_183' title='bbox 1009 2949 1121 3014; x_wconf 81' lang='lat' dir='ltr'><strong>Febris</strong></span> <span class='ocrx_word' id='word_1_184' title='bbox 1141 2950 1312 3033; x_wconf 88' lang='lat' dir='ltr'><strong>ingenium</strong></span> <span class='ocrx_word' id='word_1_185' title='bbox 1331 2970 1389 3033; x_wconf 90' lang='lat' dir='ltr'><strong>per</strong></span> <span class='ocrx_word' id='word_1_186' title='bbox 1410 2950 1532 3031; x_wconf 90' lang='lat' dir='ltr'><strong>aliquot</strong></span> <span class='ocrx_word' id='word_1_187' title='bbox 1550 2954 1627 3032; x_wconf 87' lang='lat' dir='ltr'><strong>post</strong></span> 
     </span>
    </p>

    <p class='ocr_par' dir='ltr' id='par_1_9' title="bbox 527 3052 1631 3135">
     <span class='ocr_line' id='line_1_24' title="bbox 527 3052 1631 3135; baseline -0.001 -21"><span class='ocrx_word' id='word_1_188' title='bbox 527 3052 595 3115; x_wconf 88' lang='lat' dir='ltr'><strong>dies</strong></span> <span class='ocrx_word' id='word_1_189' title='bbox 613 3052 757 3116; x_wconf 89' lang='lat' dir='ltr'><strong>animum</strong></span> <span class='ocrx_word' id='word_1_190' title='bbox 778 3074 887 3117; x_wconf 91' lang='lat' dir='ltr'><strong>meum</strong></span> <span class='ocrx_word' id='word_1_191' title='bbox 905 3055 991 3118; x_wconf 86' lang='lat' dir='ltr'><strong>varie</strong></span> <span class='ocrx_word' id='word_1_192' title='bbox 1015 3054 1200 3135; x_wconf 87' lang='lat' dir='ltr'><strong>exagitabat</strong></span> <span class='ocrx_word' id='word_1_193' title='bbox 1209 3080 1219 3131; x_wconf 78' lang='lat'><em>3</em></span> <span class='ocrx_word' id='word_1_194' title='bbox 1242 3075 1280 3117; x_wconf 86' lang='lat' dir='ltr'><strong>ac</strong></span> <span class='ocrx_word' id='word_1_195' title='bbox 1298 3053 1432 3117; x_wconf 90' lang='lat' dir='ltr'><strong>tandem</strong></span> <span class='ocrx_word' id='word_1_196' title='bbox 1450 3053 1486 3115; x_wconf 93' lang='lat' dir='ltr'><strong>in</strong></span> <span class='ocrx_word' id='word_1_197' title='bbox 1505 3072 1631 3115; x_wconf 71' lang='lat' dir='ltr'><strong>memo.</strong></span> 
     </span>
    </p>

    <p class='ocr_par' dir='ltr' id='par_1_10' title="bbox 493 3154 1632 3238">
     <span class='ocr_line' id='line_1_25' title="bbox 493 3154 1632 3238; baseline 0 -21"><span class='ocrx_word' id='word_1_198' title='bbox 493 3157 499 3169; x_wconf 89' lang='lat'>&#39;</span> <span class='ocrx_word' id='word_1_199' title='bbox 527 3154 609 3217; x_wconf 87' lang='lat' dir='ltr'><strong>riam</strong></span> <span class='ocrx_word' id='word_1_200' title='bbox 638 3174 799 3232; x_wconf 86' lang='lat' dir='ltr'><strong>revocans,</strong></span> <span class='ocrx_word' id='word_1_201' title='bbox 830 3176 994 3219; x_wconf 86' lang='lat' dir='ltr'><strong>summum</strong></span> <span class='ocrx_word' id='word_1_202' title='bbox 1024 3156 1171 3219; x_wconf 91' lang='lat' dir='ltr'><strong>ardorem</strong></span> <span class='ocrx_word' id='word_1_203' title='bbox 1208 3155 1307 3219; x_wconf 91' lang='lat' dir='ltr'><strong>etiam</strong></span> <span class='ocrx_word' id='word_1_204' title='bbox 1335 3163 1409 3238; x_wconf 88' lang='lat' dir='ltr'><strong>post</strong></span> <span class='ocrx_word' id='word_1_205' title='bbox 1442 3155 1632 3218; x_wconf 78' lang='lat' dir='ltr'><strong>reiteratam.</strong></span> 
     </span>
    </p>

    <p class='ocr_par' dir='ltr' id='par_1_11' title="bbox 420 3257 1628 3440">
     <span class='ocr_line' id='line_1_26' title="bbox 420 3257 1628 3340; baseline -0.001 -21"><span class='ocrx_word' id='word_1_206' title='bbox 420 3284 425 3290; x_wconf 94' lang='lat'>·</span> <span class='ocrx_word' id='word_1_207' title='bbox 526 3258 817 3321; x_wconf 84' lang='lat' dir='ltr'><strong>venae-sectionem</strong></span> <span class='ocrx_word' id='word_1_208' title='bbox 838 3257 874 3320; x_wconf 92' lang='lat' dir='ltr'><strong>in</strong></span> <span class='ocrx_word' id='word_1_209' title='bbox 902 3258 1067 3340; x_wconf 87' lang='lat' dir='ltr'><strong>praedicta</strong></span> <span class='ocrx_word' id='word_1_210' title='bbox 1088 3279 1185 3340; x_wconf 88' lang='lat' dir='ltr'><strong>aegra</strong></span> <span class='ocrx_word' id='word_1_211' title='bbox 1212 3279 1447 3340; x_wconf 81' lang='lat' dir='ltr'><strong>perseverasse3</strong></span> <span class='ocrx_word' id='word_1_212' title='bbox 1476 3257 1628 3321; x_wconf 89' lang='lat' dir='ltr'><strong>ruborem</strong></span> 
     </span>
     <span class='ocr_line' id='line_1_27' title="bbox 529 3356 1628 3440; baseline 0.002 -23"><span class='ocrx_word' id='word_1_213' title='bbox 529 3375 687 3437; x_wconf 89' lang='lat' dir='ltr'><strong>genarum</strong></span> <span class='ocrx_word' id='word_1_214' title='bbox 698 3356 854 3433; x_wconf 80' lang='lat' dir='ltr'><strong>adfuisse3</strong></span> <span class='ocrx_word' id='word_1_215' title='bbox 871 3358 992 3421; x_wconf 88' lang='lat' dir='ltr'><strong>cruoris</strong></span> <span class='ocrx_word' id='word_1_216' title='bbox 1003 3358 1125 3440; x_wconf 84' lang='lat' dir='ltr'><strong>aliquot</strong></span> <span class='ocrx_word' id='word_1_217' title='bbox 1136 3358 1281 3440; x_wconf 86' lang='lat' dir='ltr'><strong>guttulas</strong></span> <span class='ocrx_word' id='word_1_218' title='bbox 1296 3358 1392 3440; x_wconf 90' lang='lat' dir='ltr'><strong>paulo</strong></span> <span class='ocrx_word' id='word_1_219' title='bbox 1403 3364 1480 3421; x_wconf 89' lang='lat' dir='ltr'><strong>aute</strong></span> <span class='ocrx_word' id='word_1_220' title='bbox 1489 3364 1628 3421; x_wconf 89' lang='lat' dir='ltr'><strong>mortem</strong></span> 
     </span>
    </p>

    <p class='ocr_par' dir='ltr' id='par_1_12' title="bbox 530 3455 1628 3644">
     <span class='ocr_line' id='line_1_28' title="bbox 530 3455 1628 3543; baseline 0.002 -23"><span class='ocrx_word' id='word_1_221' title='bbox 530 3476 548 3520; x_wconf 89' lang='lat' dir='ltr'><strong>e</strong></span> <span class='ocrx_word' id='word_1_222' title='bbox 569 3455 702 3519; x_wconf 87' lang='lat' dir='ltr'><strong>naribus</strong></span> <span class='ocrx_word' id='word_1_223' title='bbox 725 3458 872 3535; x_wconf 81' lang='lat' dir='ltr'><strong>fluxisse3</strong></span> <span class='ocrx_word' id='word_1_224' title='bbox 906 3479 1034 3522; x_wconf 90' lang='lat' dir='ltr'><strong>necnon</strong></span> <span class='ocrx_word' id='word_1_225' title='bbox 1059 3460 1251 3542; x_wconf 86' lang='lat' dir='ltr'><strong>sanguinem</strong></span> <span class='ocrx_word' id='word_1_226' title='bbox 1272 3460 1372 3543; x_wconf 88' lang='lat' dir='ltr'><strong>ipsius</strong></span> <span class='ocrx_word' id='word_1_227' title='bbox 1395 3460 1431 3523; x_wconf 92' lang='lat' dir='ltr'><strong>in</strong></span> <span class='ocrx_word' id='word_1_228' title='bbox 1453 3458 1628 3523; x_wconf 84' lang='lat' dir='ltr'><strong>acetabulis</strong></span> 
     </span>
     <span class='ocr_line' id='line_1_29' title="bbox 531 3558 1628 3644; baseline 0.002 -23"><span class='ocrx_word' id='word_1_229' title='bbox 531 3558 757 3640; x_wconf 82' lang='lat' dir='ltr'><strong>refrigeratum</strong></span> <span class='ocrx_word' id='word_1_230' title='bbox 779 3560 808 3623; x_wconf 94' lang='lat' dir='ltr'><strong>ei</strong></span> <span class='ocrx_word' id='word_1_231' title='bbox 831 3560 886 3642; x_wconf 93' lang='lat' dir='ltr'><strong>qui</strong></span> <span class='ocrx_word' id='word_1_232' title='bbox 908 3580 928 3623; x_wconf 89' lang='lat' dir='ltr'><strong>a</strong></span> <span class='ocrx_word' id='word_1_233' title='bbox 952 3561 1128 3644; x_wconf 89' lang='lat' dir='ltr'><strong>pleuriticis</strong></span> <span class='ocrx_word' id='word_1_234' title='bbox 1154 3562 1336 3627; x_wconf 90' lang='lat' dir='ltr'><strong>detrahitur</strong></span> <span class='ocrx_word' id='word_1_235' title='bbox 1357 3583 1424 3626; x_wconf 92' lang='lat' dir='ltr'><strong>non</strong></span> <span class='ocrx_word' id='word_1_236' title='bbox 1450 3562 1628 3626; x_wconf 90' lang='lat' dir='ltr'><strong>absimilem</strong></span> 
     </span>
    </p>

    <p class='ocr_par' dir='ltr' id='par_1_13' title="bbox 377 3661 1629 4157">
     <span class='ocr_line' id='line_1_30' title="bbox 377 3661 1628 3748; baseline 0.002 -25"><span class='ocrx_word' id='word_1_237' title='bbox 377 3674 467 3748; x_wconf 62' lang='lat' dir='ltr'><strong>Ferre</strong></span> <span class='ocrx_word' id='word_1_238' title='bbox 533 3661 652 3739; x_wconf 74' lang='lat' dir='ltr'><strong>fuisse,</strong></span> <span class='ocrx_word' id='word_1_239' title='bbox 675 3662 754 3743; x_wconf 92' lang='lat' dir='ltr'><strong>quin</strong></span> <span class='ocrx_word' id='word_1_240' title='bbox 769 3668 801 3725; x_wconf 92' lang='lat' dir='ltr'><strong>et</strong></span> <span class='ocrx_word' id='word_1_241' title='bbox 813 3662 928 3725; x_wconf 88' lang='lat' dir='ltr'><strong>tussim</strong></span> <span class='ocrx_word' id='word_1_242' title='bbox 943 3664 1084 3745; x_wconf 89' lang='lat' dir='ltr'><strong>aliquam</strong></span> <span class='ocrx_word' id='word_1_243' title='bbox 1095 3672 1129 3728; x_wconf 90' lang='lat' dir='ltr'><strong>et</strong></span> <span class='ocrx_word' id='word_1_244' title='bbox 1143 3663 1298 3729; x_wconf 88' lang='lat' dir='ltr'><strong>obscuros</strong></span> <span class='ocrx_word' id='word_1_245' title='bbox 1314 3664 1470 3748; x_wconf 91' lang='lat' dir='ltr'><strong>quosdam</strong></span> <span class='ocrx_word' id='word_1_246' title='bbox 1483 3664 1518 3726; x_wconf 93' lang='lat' dir='ltr'><strong>in</strong></span> <span class='ocrx_word' id='word_1_247' title='bbox 1529 3664 1628 3745; x_wconf 91' lang='lat' dir='ltr'><strong>parti·</strong></span> 
     </span>
     <span class='ocr_line' id='line_1_31' title="bbox 378 3740 1627 3850; baseline -0.001 -23"><span class='ocrx_word' id='word_1_248' title='bbox 378 3740 516 3850; x_wconf 49' lang='grc' dir='ltr'><strong>ἓᾙᾞξῐῖξ</strong></span> <span class='ocrx_word' id='word_1_249' title='bbox 533 3763 594 3827; x_wconf 89' lang='lat' dir='ltr'><strong>bus</strong></span> <span class='ocrx_word' id='word_1_250' title='bbox 613 3763 763 3827; x_wconf 85' lang='lat' dir='ltr'><strong>vitalibus</strong></span> <span class='ocrx_word' id='word_1_251' title='bbox 783 3764 906 3829; x_wconf 88' lang='lat' dir='ltr'><strong>dolores</strong></span> <span class='ocrx_word' id='word_1_252' title='bbox 928 3766 1114 3844; x_wconf 79' lang='lat' dir='ltr'><strong>emicuisse3</strong></span> <span class='ocrx_word' id='word_1_253' title='bbox 1136 3788 1231 3849; x_wconf 91' lang='lat' dir='ltr'><strong>porro</strong></span> <span class='ocrx_word' id='word_1_254' title='bbox 1253 3773 1286 3831; x_wconf 92' lang='lat' dir='ltr'><strong>et</strong></span> <span class='ocrx_word' id='word_1_255' title='bbox 1306 3788 1377 3831; x_wconf 91' lang='lat' dir='ltr'><strong>eam</strong></span> <span class='ocrx_word' id='word_1_256' title='bbox 1398 3766 1476 3829; x_wconf 87' lang='lat' dir='ltr'><strong>anni</strong></span> <span class='ocrx_word' id='word_1_257' title='bbox 1490 3773 1627 3847; x_wconf 89' lang='lat' dir='ltr'><strong>tempes-</strong></span> 
     </span>
     <span class='ocr_line' id='line_1_32' title="bbox 378 3864 1628 3949; baseline -0.001 -20"><span class='ocrx_word' id='word_1_258' title='bbox 378 3867 488 3943; x_wconf 53' lang='lat' dir='ltr'><strong>cremet</strong></span> <span class='ocrx_word' id='word_1_259' title='bbox 533 3871 635 3929; x_wconf 85' lang='lat' dir='ltr'><strong>tatem</strong></span> <span class='ocrx_word' id='word_1_260' title='bbox 657 3864 850 3943; x_wconf 87' lang='lat' dir='ltr'><strong>incubuisse,</strong></span> <span class='ocrx_word' id='word_1_261' title='bbox 866 3888 947 3949; x_wconf 84' lang='lat' dir='ltr'><strong>quae</strong></span> <span class='ocrx_word' id='word_1_262' title='bbox 969 3868 1067 3931; x_wconf 88' lang='lat' dir='ltr'><strong>finem</strong></span> <span class='ocrx_word' id='word_1_263' title='bbox 1081 3870 1163 3933; x_wconf 86' lang='lat' dir='ltr'><strong>veris</strong></span> <span class='ocrx_word' id='word_1_264' title='bbox 1181 3890 1219 3933; x_wconf 89' lang='lat' dir='ltr'><strong>ac</strong></span> <span class='ocrx_word' id='word_1_265' title='bbox 1240 3868 1371 3932; x_wconf 90' lang='lat' dir='ltr'><strong>initium</strong></span> <span class='ocrx_word' id='word_1_266' title='bbox 1393 3866 1522 3929; x_wconf 87' lang='lat' dir='ltr'><strong>aestatis</strong></span> <span class='ocrx_word' id='word_1_267' title='bbox 1542 3870 1628 3929; x_wconf 89' lang='lat' dir='ltr'><strong>ooni-</strong></span> 
     </span>
     <span class='ocr_line' id='line_1_33' title="bbox 377 3938 1629 4055; baseline 0.001 -26"><span class='ocrx_word' id='word_1_268' title='bbox 377 3938 520 4043; x_wconf 57' lang='lat' dir='ltr'><strong>fflliivel</strong></span> <span class='ocrx_word' id='word_1_269' title='bbox 533 3966 693 4049; x_wconf 89' lang='lat' dir='ltr'><strong>plectitur,</strong></span> <span class='ocrx_word' id='word_1_270' title='bbox 705 3988 848 4051; x_wconf 89' lang='lat' dir='ltr'><strong>quaeque</strong></span> <span class='ocrx_word' id='word_1_271' title='bbox 857 3968 1014 4033; x_wconf 86' lang='lat' dir='ltr'><strong>Febribus</strong></span> <span class='ocrx_word' id='word_1_272' title='bbox 1026 3970 1197 4034; x_wconf 87' lang='lat' dir='ltr'><strong>Continuis</strong></span> <span class='ocrx_word' id='word_1_273' title='bbox 1206 3968 1419 4055; x_wconf 89' lang='lat' dir='ltr'><strong>producendis</strong></span> <span class='ocrx_word' id='word_1_274' title='bbox 1428 3968 1535 4031; x_wconf 86' lang='lat' dir='ltr'><strong>minus</strong></span> <span class='ocrx_word' id='word_1_275' title='bbox 1544 3973 1629 4031; x_wconf 87' lang='lat' dir='ltr'><strong>esset</strong></span> 
     </span>
     <span class='ocr_line' id='line_1_34' title="bbox 380 4058 1628 4157; baseline 0.001 -23"><span class='ocrx_word' id='word_1_276' title='bbox 380 4060 405 4106; x_wconf 63' lang='lat'><strong>³¹¹</strong></span> <span class='ocrx_word' id='word_1_277' title='bbox 419 4058 498 4104; x_wconf 56' lang='lat'><strong>¹³²²*</strong></span> <span class='ocrx_word' id='word_1_278' title='bbox 532 4071 649 4142; x_wconf 85' lang='lat' dir='ltr'><strong>idonea</strong></span> <span class='ocrx_word' id='word_1_279' title='bbox 657 4097 666 4151; x_wconf 88' lang='lat'>;</span> <span class='ocrx_word' id='word_1_280' title='bbox 693 4071 777 4153; x_wconf 83' lang='lat' dir='ltr'><strong>(illae</strong></span> <span class='ocrx_word' id='word_1_281' title='bbox 792 4073 879 4137; x_wconf 89' lang='lat' dir='ltr'><strong>enim</strong></span> <span class='ocrx_word' id='word_1_282' title='bbox 898 4072 960 4137; x_wconf 89' lang='lat' dir='ltr'><strong>hoe</strong></span> <span class='ocrx_word' id='word_1_283' title='bbox 974 4080 1119 4157; x_wconf 90' lang='lat' dir='ltr'><strong>tempore</strong></span> <span class='ocrx_word' id='word_1_284' title='bbox 1141 4096 1201 4138; x_wconf 85' lang='lat' dir='ltr'><strong>sua</strong></span> <span class='ocrx_word' id='word_1_285' title='bbox 1215 4080 1329 4157; x_wconf 92' lang='lat' dir='ltr'><strong>sponte</strong></span> <span class='ocrx_word' id='word_1_286' title='bbox 1347 4072 1439 4157; x_wconf 86' lang='lat' dir='ltr'><strong>quasi</strong></span> <span class='ocrx_word' id='word_1_287' title='bbox 1456 4072 1628 4150; x_wconf 83' lang='lat' dir='ltr'><strong>dissiliunt,</strong></span> 
     </span>
    </p>
   </div>
   <div class='ocr_carea' id='block_1_4' title="bbox 378 4123 510 4177">
    <p class='ocr_par' dir='ltr' id='par_1_14' title="bbox 378 4123 510 4177">
     <span class='ocr_line' id='line_1_35' title="bbox 378 4123 510 4177; baseline -0.03 -6"><span class='ocrx_word' id='word_1_288' title='bbox 378 4123 510 4177; x_wconf 78' lang='lat' dir='ltr'><strong>mittentes,</strong></span> 
     </span>
    </p>
   </div>
   <div class='ocr_carea' id='block_1_5' title="bbox 377 4173 1630 4377">
    <p class='ocr_par' dir='ltr' id='par_1_15' title="bbox 377 4173 1630 4377">
     <span class='ocr_line' id='line_1_36' title="bbox 378 4173 1628 4263; baseline -0.002 -23"><span class='ocrx_word' id='word_1_289' title='bbox 378 4187 418 4235; x_wconf 82' lang='lat' dir='ltr'><strong>vel</strong></span> <span class='ocrx_word' id='word_1_290' title='bbox 428 4187 455 4263; x_wconf 71' lang='lat' dir='ltr'><strong>iq</strong></span> <span class='ocrx_word' id='word_1_291' title='bbox 469 4250 475 4261; x_wconf 31' lang='lat'>¹</span> <span class='ocrx_word' id='word_1_292' title='bbox 533 4180 566 4239; x_wconf 91' lang='lat' dir='ltr'><strong>et</strong></span> <span class='ocrx_word' id='word_1_293' title='bbox 581 4174 616 4237; x_wconf 92' lang='lat' dir='ltr'><strong>in</strong></span> <span class='ocrx_word' id='word_1_294' title='bbox 631 4174 925 4239; x_wconf 88' lang='lat' dir='ltr'><strong>Intermittentium</strong></span> <span class='ocrx_word' id='word_1_295' title='bbox 940 4176 1074 4240; x_wconf 86' lang='lat' dir='ltr'><strong>classem</strong></span> <span class='ocrx_word' id='word_1_296' title='bbox 1089 4197 1123 4240; x_wconf 90' lang='lat' dir='ltr'><strong>se</strong></span> <span class='ocrx_word' id='word_1_297' title='bbox 1134 4183 1306 4259; x_wconf 92' lang='lat' dir='ltr'><strong>reponunt,</strong></span> <span class='ocrx_word' id='word_1_298' title='bbox 1318 4176 1369 4240; x_wconf 86' lang='lat' dir='ltr'><strong>vel</strong></span> <span class='ocrx_word' id='word_1_299' title='bbox 1383 4176 1418 4238; x_wconf 94' lang='lat' dir='ltr'><strong>in</strong></span> <span class='ocrx_word' id='word_1_300' title='bbox 1432 4173 1628 4258; x_wconf 89' lang='lat' dir='ltr'><strong>pleuritides,</strong></span> 
     </span>
     <span class='ocr_line' id='line_1_37' title="bbox 377 4250 1630 4377; baseline -0.003 -33"><span class='ocrx_word' id='word_1_301' title='bbox 377 4250 520 4377; x_wconf 47' lang='lat' dir='ltr'><strong>{ifossgffedffl</strong></span> <span class='ocrx_word' id='word_1_302' title='bbox 534 4283 630 4360; x_wconf 84' lang='lat' dir='ltr'><strong>atque</strong></span> <span class='ocrx_word' id='word_1_303' title='bbox 645 4276 679 4339; x_wconf 91' lang='lat' dir='ltr'><strong>id</strong></span> <span class='ocrx_word' id='word_1_304' title='bbox 694 4299 796 4360; x_wconf 90' lang='lat' dir='ltr'><strong>genus</strong></span> <span class='ocrx_word' id='word_1_305' title='bbox 811 4278 888 4341; x_wconf 88' lang='lat' dir='ltr'><strong>alias</strong></span> <span class='ocrx_word' id='word_1_306' title='bbox 900 4278 1170 4341; x_wconf 88' lang='lat' dir='ltr'><strong>inflammationes</strong></span> <span class='ocrx_word' id='word_1_307' title='bbox 1184 4279 1372 4361; x_wconf 88' lang='lat' dir='ltr'><strong>praecipites</strong></span> <span class='ocrx_word' id='word_1_308' title='bbox 1380 4284 1482 4342; x_wconf 89' lang='lat' dir='ltr'><strong>ruunt</strong></span> <span class='ocrx_word' id='word_1_309' title='bbox 1493 4279 1515 4360; x_wconf 69' lang='grc' dir='ltr'><strong>ς)</strong></span> <span class='ocrx_word' id='word_1_310' title='bbox 1540 4277 1630 4341; x_wconf 90' lang='lat' dir='ltr'><strong>deni-</strong></span> 
     </span>
    </p>
   </div>
   <div class='ocr_carea' id='block_1_6' title="bbox 377 4378 1631 4565">
    <p class='ocr_par' dir='ltr' id='par_1_16' title="bbox 377 4378 1631 4565">
     <span class='ocr_line' id='line_1_38' title="bbox 377 4378 1630 4464; baseline 0 -21"><span class='ocrx_word' id='word_1_311' title='bbox 377 4378 473 4443; x_wconf 76' lang='lat' dir='ltr'><strong>generi</strong></span> <span class='ocrx_word' id='word_1_312' title='bbox 484 4378 522 4425; x_wconf 82' lang='lat' dir='ltr'><strong>in·</strong></span> <span class='ocrx_word' id='word_1_313' title='bbox 535 4400 597 4461; x_wconf 86' lang='lat' dir='ltr'><strong>que</strong></span> <span class='ocrx_word' id='word_1_314' title='bbox 617 4379 802 4462; x_wconf 88' lang='lat' dir='ltr'><strong>pleuritides</strong></span> <span class='ocrx_word' id='word_1_315' title='bbox 825 4401 862 4443; x_wconf 90' lang='lat' dir='ltr'><strong>eo</strong></span> <span class='ocrx_word' id='word_1_316' title='bbox 884 4380 953 4463; x_wconf 90' lang='lat' dir='ltr'><strong>ipso</strong></span> <span class='ocrx_word' id='word_1_317' title='bbox 968 4387 1112 4462; x_wconf 86' lang='lat' dir='ltr'><strong>tempore</strong></span> <span class='ocrx_word' id='word_1_318' title='bbox 1133 4379 1309 4453; x_wconf 86' lang='lat' dir='ltr'><strong>admodum</strong></span> <span class='ocrx_word' id='word_1_319' title='bbox 1330 4381 1500 4464; x_wconf 88' lang='lat' dir='ltr'><strong>populares</strong></span> <span class='ocrx_word' id='word_1_320' title='bbox 1514 4380 1630 4443; x_wconf 78' lang='lat' dir='ltr'><strong>fuisse:</strong></span> 
     </span>
     <span class='ocr_line' id='line_1_39' title="bbox 377 4444 1631 4565; baseline 0 -22"><span class='ocrx_word' id='word_1_321' title='bbox 377 4444 508 4556; x_wconf 55' lang='lat' dir='ltr'><strong>fflffir.</strong></span> <span class='ocrx_word' id='word_1_322' title='bbox 533 4480 584 4545; x_wconf 89' lang='lat' dir='ltr'><strong>bis</strong></span> <span class='ocrx_word' id='word_1_323' title='bbox 602 4481 768 4565; x_wconf 73' lang='lat' dir='ltr'><strong>(inquam)</strong></span> <span class='ocrx_word' id='word_1_324' title='bbox 786 4481 935 4547; x_wconf 89' lang='lat' dir='ltr'><strong>omnibus</strong></span> <span class='ocrx_word' id='word_1_325' title='bbox 956 4482 1019 4545; x_wconf 88' lang='lat' dir='ltr'><strong>rite</strong></span> <span class='ocrx_word' id='word_1_326' title='bbox 1033 4481 1207 4565; x_wconf 89' lang='lat' dir='ltr'><strong>perpensis,</strong></span> <span class='ocrx_word' id='word_1_327' title='bbox 1223 4482 1259 4545; x_wconf 92' lang='lat' dir='ltr'><strong>in</strong></span> <span class='ocrx_word' id='word_1_328' title='bbox 1281 4501 1354 4545; x_wconf 85' lang='lat' dir='ltr'><strong>eam</strong></span> <span class='ocrx_word' id='word_1_329' title='bbox 1369 4482 1483 4546; x_wconf 86' lang='lat' dir='ltr'><strong>deveni</strong></span> <span class='ocrx_word' id='word_1_330' title='bbox 1502 4488 1631 4546; x_wconf 91' lang='lat' dir='ltr'><strong>senten·</strong></span> 
     </span>
    </p>
   </div>
   <div class='ocr_carea' id='block_1_7' title="bbox 541 4636 1632 4731">
    <p class='ocr_par' dir='ltr' id='par_1_17' title="bbox 541 4636 1632 4731">
     <span class='ocr_line' id='line_1_40' title="bbox 541 4636 1632 4731; baseline 0.004 -20"><span class='ocrx_word' id='word_1_331' title='bbox 541 4636 544 4641; x_wconf 26' lang='lat' dir='ltr'><strong>i</strong></span> <span class='ocrx_word' id='word_1_332' title='bbox 564 4661 575 4683; x_wconf 84' lang='lat'><strong>&#39;¹</strong></span> <span class='ocrx_word' id='word_1_333' title='bbox 592 4666 660 4726; x_wconf 76' lang='lat' dir='ltr'><strong>vulgo</strong></span> <span class='ocrx_word' id='word_1_334' title='bbox 671 4664 763 4727; x_wconf 79' lang='lat' dir='ltr'><strong>habito]</strong></span> <span class='ocrx_word' id='word_1_335' title='bbox 777 4680 824 4713; x_wconf 90' lang='lat' dir='ltr'><strong>om.</strong></span> <span class='ocrx_word' id='word_1_336' title='bbox 836 4667 888 4716; x_wconf 89' lang='lat' dir='ltr'><strong>edd.</strong></span> <span class='ocrx_word' id='word_1_337' title='bbox 902 4668 949 4724; x_wconf 80' lang='lat'><strong>¹68,</strong></span> <span class='ocrx_word' id='word_1_338' title='bbox 962 4646 1010 4719; x_wconf 66' lang='lat'><strong>³76.</strong></span> <span class='ocrx_word' id='word_1_339' title='bbox 1101 4670 1188 4715; x_wconf 75' lang='lat' dir='ltr'><strong>marica</strong></span> <span class='ocrx_word' id='word_1_340' title='bbox 1208 4668 1303 4727; x_wconf 70' lang='lat' dir='ltr'><strong>Ver-nab·</strong></span> <span class='ocrx_word' id='word_1_341' title='bbox 1322 4665 1365 4728; x_wconf 89' lang='lat' dir='ltr'><strong>(da</strong></span> <span class='ocrx_word' id='word_1_342' title='bbox 1383 4654 1473 4729; x_wconf 76' lang='lat' dir='ltr'><strong>quib’ua</strong></span> <span class='ocrx_word' id='word_1_343' title='bbox 1490 4667 1632 4731; x_wconf 84' lang='lat' dir='ltr'><strong>supradixi</strong></span> 
     </span>
    </p>
   </div>
   <div class='ocr_carea' id='block_1_8' title="bbox 532 4728 1631 4860">
    <p class='ocr_par' dir='ltr' id='par_1_18' title="bbox 532 4728 1631 4860">
     <span class='ocr_line' id='line_1_41' title="bbox 540 4728 1631 4841; baseline 0.005 -67"><span class='ocrx_word' id='word_1_344' title='bbox 540 4730 714 4803; x_wconf 67' lang='lat' dir='ltr'><strong>·{¹1nsolitupr</strong></span> <span class='ocrx_word' id='word_1_345' title='bbox 742 4728 796 4841; x_wconf 51' lang='lat' dir='ltr'><strong>qa]</strong></span> <span class='ocrx_word' id='word_1_346' title='bbox 826 4730 896 4780; x_wconf 82' lang='lat' dir='ltr'><strong>Quae</strong></span> <span class='ocrx_word' id='word_1_347' title='bbox 923 4738 1062 4792; x_wconf 82' lang='lat' dir='ltr'><strong>sequuntur</strong></span> <span class='ocrx_word' id='word_1_348' title='bbox 1102 4734 1173 4795; x_wconf 69' lang='lat' dir='ltr'><strong>poa.</strong></span> <span class='ocrx_word' id='word_1_349' title='bbox 1181 4730 1247 4790; x_wconf 76' lang='lat' dir='ltr'><strong>aa)</strong></span> <span class='ocrx_word' id='word_1_350' title='bbox 1260 4730 1413 4792; x_wconf 80' lang='lat' dir='ltr'><strong>respondent,</strong></span> <span class='ocrx_word' id='word_1_351' title='bbox 1423 4746 1485 4794; x_wconf 78' lang='lat' dir='ltr'><strong>quae</strong></span> <span class='ocrx_word' id='word_1_352' title='bbox 1496 4740 1550 4794; x_wconf 84' lang='lat' dir='ltr'><strong>post</strong></span> <span class='ocrx_word' id='word_1_353' title='bbox 1559 4731 1631 4779; x_wconf 87' lang='lat' dir='ltr'><strong>finem</strong></span> 
     </span>
     <span class='ocr_line' id='line_1_42' title="bbox 532 4792 1486 4860; baseline 0.004 -21"><span class='ocrx_word' id='word_1_354' title='bbox 532 4792 678 4860; x_wconf 79' lang='lat' dir='ltr'><strong>qmbusdam</strong></span> <span class='ocrx_word' id='word_1_355' title='bbox 691 4808 741 4841; x_wconf 88' lang='lat' dir='ltr'><strong>me</strong></span> <span class='ocrx_word' id='word_1_356' title='bbox 778 4794 817 4841; x_wconf 83' lang='grc'><strong>’66</strong></span> <span class='ocrx_word' id='word_1_357' title='bbox 829 4794 858 4841; x_wconf 88' lang='lat' dir='ltr'><strong>de</strong></span> <span class='ocrx_word' id='word_1_358' title='bbox 871 4796 941 4842; x_wconf 72' lang='lat' dir='ltr'><strong>reare</strong></span> <span class='ocrx_word' id='word_1_359' title='bbox 953 4797 1059 4858; x_wconf 66' lang='lat' dir='ltr'><strong>Symple-</strong></span> <span class='ocrx_word' id='word_1_360' title='bbox 1101 4796 1177 4857; x_wconf 73' lang='lat' dir='ltr'><strong>huJur</strong></span> <span class='ocrx_word' id='word_1_361' title='bbox 1190 4810 1242 4858; x_wconf 80' lang='lat' dir='ltr'><strong>cap.</strong></span> <span class='ocrx_word' id='word_1_362' title='bbox 1256 4795 1403 4857; x_wconf 82' lang='lat' dir='ltr'><strong>transcripsi</strong></span> <span class='ocrx_word' id='word_1_363' title='bbox 1484 4807 1486 4810; x_wconf 89' lang='grc'><strong><em>·</em></strong></span> 
     </span>
    </p>
   </div>
   <div class='ocr_carea' id='block_1_9' title="bbox 0 0 1918 5759">
    <p class='ocr_par' dir='ltr' id='par_1_19' title="bbox 0 0 1918 5759">
     <span class='ocr_line' id='line_1_43' title="bbox 0 0 1918 5759; baseline 0 0"><span class='ocrx_word' id='word_1_364' title='bbox 0 0 1918 5759; x_wconf 95' lang='lat' dir='ltr'><strong> </strong></span> 
     </span>
    </p>
   </div>
  </div>
 </body>
</html>
