3825 5759
583 652 840 717 PROCESSUS
866 652 1068 717 IN'PEGRI.
1314 652 1376 713 591

280 812 443 876 cochleare
462 834 566 875 unum
580 813 631 877 vel
651 813 789 877 alterum
799 840 809 893 ς
831 815 882 878 vel
903 815 1099 897 cataplasma
1118 833 1156 877 ex
1175 816 1326 897 oxycrato
1346 817 1380 874 et
1409 822 1451 869 Dr
1464 822 1518 868 oo-

279 915 382 977 farina
395 914 542 978 fabamm
557 916 627 998 ejus
640 916 711 979 loco
727 916 963 999 applicandum.
1415 898 1516 997 ‘lilii'

327 1016 409 1098 [la]
438 1016 631 1080 Catharticis
641 1017 772 1081 interim
783 1024 816 1082 et
830 1018 1095 1101 refrigerantibus
1106 1017 1202 1083 modo
1213 1015 1380 1099 descriptis

278 1118 503 1201 introsumptis
517 1119 678 1183 utendum
693 1126 752 1183 est.

691 1376 788 1438 CAP.
813 1376 968 1439 XXXV.‘

683 1512 733 1574 De
747 1512 814 1575 lace
834 1514 979 1575 Veneres.

326 1646 407 1722 Uar,
424 1652 481 1708 aut
501 1667 521 1708 a
540 1646 758 1728 gonorrhoeae
775 1668 875 1724 mora,
894 1652 951 1709 aut
966 1642 1112 1707 indebito
1132 1640 1382 1724 astringentium
1396 1656 1477 1732 Mqrbr
1489 1656 1529 1703 ds

220 1798 227 1813 ,
281 1768 352 1825 usu,
373 1748 461 1811 labes
481 1748 631 1830 sanguini
654 1749 859 1832 imprimitrn,
882 1748 1024 1811 exoritur
1046 1746 1142 1809 Lues.
1187 1744 1382 1825 Comparent
1395 1730 1501 1783 ΜΡΝ

281 1850 316 1911 in
328 1850 462 1932 inguine
476 1849 623 1914 bubones
631 1876 641 1927 ;
659 1851 695 1913 in
710 1851 815 1934 capite
829 1850 953 1914 dolores
969 1855 1001 1911 et
1017 1847 1160 1925 artubus,
1174 1845 1382 1909 articulorum

280 1952 474 2031 interstitiis,
485 1960 586 2017 noctu
599 1953 769 2037 praecipue
784 1953 973 2016 invadentes
988 1951 1118 2015 inlecto
1133 1948 1270 2025 calidos;
1293 1968 1381 2011 erus·

280 2052 369 2115 tulae
384 2059 417 2115 et
431 2052 610 2135 porrigines
627 2053 663 2115 in
677 2054 772 2116 variis
790 2053 931 2137 corporis
949 2052 1105 2135 partibus,
1122 2072 1203 2135 quae
1225 2050 1384 2113 adinstar

280 2157 345 2219 favi
358 2156 544 2220 flavescunt.
590 2157 664 2222 Quo
682 2158 786 2240 magis
804 2157 926 2221 scabies
946 2155 1149 2233 diffunditur,
1164 2162 1257 2218 tanto
1274 2154 1383 2217 minus

281 2279 376 2340 aeger
398 2258 619 2323 discrucietur.
665 2260 707 2322 In
729 2261 848 2338 cranio,
869 2259 957 2323 tibiis
980 2258 1181 2341 brachiisque
1203 2264 1382 2333 exostoses3

280 2360 402 2422 ossium
421 2360 633 2424 inflammatio
654 2368 687 2424 et
710 2362 828 2438 caries;
851 2362 961 2424 ulcera
977 2360 1215 2443 phagedaenica
1235 2359 1271 2421 in
1289 2358 1384 2421 variis

281 2461 438 2542 partibus,
462 2462 518 2524 sed
536 2462 645 2524 fauces
667 2469 705 2525 ut
724 2463 900 2545 plurimum
922 2463 1026 2545 primo
1049 2461 1278 2544 aggredientis,
1302 2482 1384 2543 quae

281 2563 401 2625 sensim
417 2584 474 2643 per
487 2563 632 2645 palatum
653 2564 689 2625 in
711 2565 782 2627 nasi
801 2564 1023 2646 cartilaginem
1038 2569 1213 2647 propagata
1227 2583 1300 2625 mox
1313 2584 1383 2625 eam

281 2663 467 2741 absumunt,
497 2664 545 2727 ita
573 2672 611 2727 ut
640 2666 744 2728 firlcro
773 2665 948 2729 destitutus
977 2686 1075 2728 nasus
1103 2665 1199 2747 plane
1224 2663 1381 2726 concidat.

284 2765 463 2843 Ulceribus,
493 2766 577 2829 carie
607 2772 640 2828 et
669 2766 778 2830 dolore
800 2767 905 2831 indies
928 2766 1134 2844 exacerbatis,
1160 2772 1297 2848 pereunt
1326 2786 1383 2848 per

282 2870 366 2933 vices
380 2868 547 2947 membra,
569 2870 710 2933 lacerum
726 2869 828 2933 donec
842 2868 986 2947 cadaver,
1003 2876 1036 2933 et
1052 2869 1120 2952 jam
1141 2866 1263 2951 superis
1278 2888 1382 2949 grave,

283 2975 383 3038 humo
398 2974 566 3038 condatur.

283 3109 385 3179 [me.
398 3104 534 3176 mm
563 3112 707 3182 Axunglae
720 3111 849 3165 Porcinae
861 3112 953 3165 uncias
964 3111 1039 3175 duas,
1397 3134 1537 3183 cmm

565 3198 693 3253 Mercurii
704 3199 778 3253 crudi
790 3201 897 3254 unciam
908 3217 1006 3262 unam;

425 3284 527 3349 Misce3
545 3286 592 3338 fiat
601 3286 781 3350 linimentum,
793 3286 822 3338 in
834 3295 887 3339 tres
898 3286 1020 3355 aequales
1032 3294 1119 3355 partes
1130 3282 1311 3348 dividendum,
1320 3300 1384 3353 qua-

424 3388 484 3423 rum
491 3388 546 3424 una
556 3372 673 3436 brachia,
681 3389 767 3435 crura,
779 3382 807 3426 et
815 3374 894 3427 tibias
905 3373 940 3427 ad
950 3382 1002 3427 tres
1013 3382 1104 3427 noctes
1112 3372 1252 3426 continuas
1261 3371 1384 3425 manibus

424 3458 480 3509 suis
491 3474 571 3527 aeger
582 3467 720 3528 perungat

333 3578 394 3661 [2.]
424 3578 460 3640 Si
472 3577 560 3641 intra
574 3586 639 3641 tres
659 3577 727 3642 dies
746 3586 819 3662 post
837 3580 986 3645 ultimam
1005 3581 1227 3645 inunctionem
1242 3579 1384 3644 salivatio

284 3680 372 3743 haud
390 3680 551 3763 procedat,
563 3688 635 3743 tum
654 3702 756 3765 grana
768 3670 842 3746 octo
856 3683 983 3747 turbith
997 3684 1159 3747 mineralis
1178 3684 1214 3747 in
1233 3704 1385 3747 conserva

283 3803 430 3845 rosarum
453 3780 625 3845 rubramm
649 3782 882 3862 exhibeantur;
906 3792 964 3849 aut
989 3786 1174 3870 corporibus
1199 3787 1307 3850 minus
1333 3807 1383 3850 ro-

283 3882 388 3948 bustis
402 3884 554 3948 mercurii
573 3884 675 3949 dulcis
694 3887 862 3969 serupulus
883 3908 979 3951 unus.
1025 3890 1093 3951 Aut
1112 3888 1138 3951 si
1154 3889 1297 3952 salivatio
1315 3890 1384 3972 jam

284 3985 435 4070 incoepta
459 3987 548 4070 prius
573 3986 779 4069 elanguescat
805 4010 902 4070 quam
926 3996 1142 4073 symptomata
1166 3990 1295 4071 penitus
1321 3990 1384 4053 dis-

284 4089 461 4170 paruerint,
491 4090 712 4154 extimulanda
744 4090 882 4154 subinde
916 4098 965 4189 est
995 4091 1107 4154 eadem
1136 4090 1206 4155 dosi
1234 4092 1385 4155 mercurii

285 4189 398 4253 dulcis.

333 4292 395 4375 [3.]
423 4293 619 4376 Ptyalismus
636 4295 683 4357 ita
702 4295 862 4358 moderari
878 4295 974 4359 debet
988 4303 1026 4359 ut
1040 4295 1138 4359 libras
1154 4303 1292 4379 quatuor
1306 4317 1384 4380 nyc-

285 4394 424 4457 themeri
439 4395 543 4477 spatio
557 4403 685 4479 expuat,
701 4404 757 4459 aut
772 4397 907 4461 circiter.

332 4492 394 4579 [4.]
424 4496 459 4558 Si
470 4497 559 4579 justo
574 4497 671 4561 altius
682 4506 817 4582 exurgat
831 4500 1031 4584 ptyalismus,
1043 4522 1114 4564 cum
1131 4502 1385 4566 inflammatione

284 4596 395 4675 nimia,
411 4606 509 4681 atque
527 4598 562 4662 id
581 4620 684 4683 genus
707 4603 930 4685 symptomatis
949 4603 1186 4687 ingruentibus,
1203 4604 1385 4687 aliquantu·

285 4823 298 4849 e
316 4815 354 4862 cr.
367 4818 442 4877 spor.
455 4820 562 4879 nespas.
576 4822 611 4867 11.
624 4822 637 4879 s
653 4822 690 4867 ιι.
802 4819 811 4850 ¹
827 4822 866 4873 cr.
877 4826 933 4870 aaa
946 4827 959 4885 a
972 4826 1011 4872 ae.
1128 4830 1142 4867 s
1160 4824 1198 4871 cr.
1212 4828 1268 4873 rara
1280 4829 1292 4886 l
1306 4827 1338 4872 24
1349 4842 1383 4887 sq.
