3825 5759
512 628 579 690 494
827 617 1025 685 'PHOMAE
1048 618 1308 685 SYDENHAM

361 805 501 855 merrom
512 792 592 851 nata
610 785 662 863 sit,
677 804 738 849 nee
753 783 823 848 sine
841 782 970 866 ingenti
986 788 1060 847 tum
1076 782 1252 861 molimine,
1266 788 1341 845 tum
1359 780 1448 865 aegri
1462 780 1621 865 periculo,

362 873 496 987 13:3¹]
513 890 589 955 iude
612 894 710 971 queat
736 885 920 963 deturbari3
952 905 1066 967 aegros
1093 904 1183 947 meos
1211 882 1347 947 sollicite
1372 903 1490 946 moneo
1512 904 1557 946 ue
1583 904 1619 946 se

360 1007 502 1079 Μ
512 996 617 1059 nudos
631 995 760 1071 lectulo,
775 992 839 1057 nisi
853 998 954 1056 noctu
967 998 1109 1069 tautum,
1120 991 1346 1055 committant:
1369 990 1457 1073 quod
1470 990 1498 1053 si
1512 1012 1619 1074 usque

512 1098 592 1163 adeo
617 1096 777 1161 debilitati
802 1117 822 1159 s
850 1093 964 1159 morbo
987 1094 1110 1158 fuerint
1138 1100 1178 1157 ut
1206 1102 1314 1158 erecto
1341 1114 1475 1177 corpore
1503 1095 1618 1160 sedere

511 1207 685 1287 nequeant,
708 1198 862 1284 permitto
890 1204 929 1262 ut
954 1198 1005 1261 vel
1033 1218 1130 1281 super
1157 1198 1280 1261 lectum
1303 1198 1421 1281 ipsum,
1443 1200 1494 1264 vel
1518 1223 1618 1289 super

511 1304 694 1389 grabatum,
707 1303 816 1367 vestiti
835 1302 976 1386 jaceant,
990 1302 1096 1384 eapite
1116 1301 1287 1384 paululum
1299 1302 1445 1381 elerat03
1467 1324 1530 1367 uec
1543 1305 1618 1367 sino

510 1414 550 1473 ut
563 1408 655 1473 focus
669 1407 711 1471 sit
725 1405 922 1471 luculentior
935 1404 973 1468 in
986 1402 1135 1469 cubiculo
1150 1426 1248 1486 quam
1261 1404 1315 1469 cui
1334 1426 1432 1489 aeger
1444 1413 1526 1471 tune
1539 1428 1618 1473 eum

511 1531 610 1575 sanus
624 1516 703 1585 erat,
720 1514 913 1573 assumeret.

559 1612 642 1697 [16.]
669 1612 779 1695 Atque
801 1618 840 1675 ut
868 1608 930 1673 hoc
958 1608 1105 1691 regimen
1133 1610 1268 1675 omuino
1289 1610 1469 1675 tenendum
1497 1619 1548 1677 est
1573 1612 1617 1677 ab

509 1714 605 1781 initio
625 1716 662 1779 iu
682 1713 818 1797 singulis
837 1712 899 1777 hae
920 1710 1024 1776 Febre
1042 1712 1207 1796 correptis,
1225 1714 1265 1795 (si
1279 1714 1437 1779 foeminas
1450 1716 1615 1799 inprimis

508 1817 670 1904 puerperii
693 1815 807 1880 diebus
836 1814 1066 1880 decumbentes
1094 1815 1255 1897 excipias)
1280 1816 1329 1879 ita
1356 1819 1536 1883 necessario
1564 1828 1616 1883 est

508 1919 743 2005 imperandum,
758 1918 816 1983 ubi
831 1918 872 1981 ad
886 1937 1031 2001 aegrum,
1045 1938 1143 1999 quem
1157 1917 1199 1981 ob
1212 1917 1359 2000 regimen
1373 1920 1465 2003 justo
1478 1921 1615 1985 calidius

508 2020 685 2107 phrenesis,
699 2020 875 2104 petechiae,
891 2028 947 2083 aut
966 2040 1148 2103 purpureae
1166 2020 1313 2085 maculae
1331 2020 1538 2101 obsederunt,
1557 2032 1617 2089 aut

510 2124 573 2188 alin
587 2124 716 2207 quaeris
731 2122 881 2186 efferatae
895 2122 1159 2187 inflammationis
1173 2122 1304 2201 iudicia,
1319 2126 1493 2189 accersitur
1506 2126 1616 2191 Medi·

510 2247 586 2291 cus:
607 2224 670 2305 hqc
692 2225 782 2289 euim
800 2224 837 2287 iu
857 2232 955 2305 statu,
970 2224 1211 2309 quantumlibet
1232 2226 1401 2309 sauguinis
1415 2228 1618 2309 detrahetur,

509 2328 715 2413 quantumvis
728 2327 841 2392 leviter
855 2334 986 2411 tegatur
999 2348 1123 2411 eorpus,
1133 2329 1318 2412 quicunque
1328 2328 1461 2395 demum
1470 2331 1616 2415 liquores

509 2432 735 2515 refrigerantes
759 2430 962 2513 ingerantur,
982 2451 1051 2495 nou
1072 2432 1163 2515 prius
1184 2431 1351 2496 sedabitur
1371 2433 1494 2513 Febris,
1516 2458 1617 2518 quam

510 2556 607 2619 aeger
627 2556 662 2600 se
683 2534 802 2599 lectulo
822 2531 967 2598 interdiu
986 2532 1179 2597 abstinuerit
1189 2559 1200 2611 3
1222 2554 1298 2599 eum
1319 2536 1407 2599 calor
1425 2537 1617 2603 circumm.

510 2638 629 2703 bieutis
658 2639 742 2703 aeris
770 2639 856 2702 iuter
884 2636 1028 2719 stragula
1055 2636 1198 2700 conclusi
1223 2638 1416 2720 saugmneus
1438 2640 1513 2723 plus
1538 2643 1617 2705 satis

511 2744 661 2826 exagitet,
677 2750 711 2807 et
724 2740 966 2827 procumbentis
984 2740 1125 2823 eorporis
1144 2740 1226 2803 sitos
1245 2741 1478 2808 vehementiori
1491 2744 1618 2827 impetu

512 2846 652 2913 eundem
666 2846 702 2910 in
722 2852 818 2928 eaput
837 2844 1009 2929 impingat.
1052 2844 1100 2907 At
1113 2843 1167 2907 hie
1180 2843 1239 2908 ubi
1252 2843 1420 2927 phrenesis
1433 2845 1476 2911 ob
1490 2848 1617 2912 metho·

512 2950 592 3013 dum
614 2949 844 3033 imperitiorem
870 2946 970 3011 semel
991 2946 1137 3025 invaluit,
1159 2966 1222 3011 nee
1244 2945 1353 3011 subito
1376 2947 1476 3012 deleri
1497 2956 1617 3032 potest,

512 3073 574 3116 nee
587 3058 699 3115 tutum
717 3058 767 3115 est
784 3051 922 3134 repetita
943 3049 1032 3113 ultra
1050 3048 1170 3111 limites
1189 3049 1401 3132 praescriptos
1420 3050 1471 3113 vel
1484 3050 1618 3134 phlebo-

511 3154 613 3218 tomia
633 3154 683 3217 vel
705 3154 897 3236 purgatione
920 3152 1065 3235 ejsudem
1086 3151 1286 3215 curationem
1308 3152 1460 3235 aggredi;
1482 3154 1617 3221 tandem

512 3278 587 3321 vero
602 3277 661 3321 suo
679 3264 823 3338 tempore
843 3274 963 3337 susque
985 3260 1100 3337 sponte
1121 3274 1181 3336 ope
1198 3253 1277 3317 dieti
1295 3254 1463 3336 regiminis
1476 3258 1616 3322 recedet.

513 3357 568 3421 Ad
596 3378 693 3440 quam
721 3364 831 3420 tamen
862 3356 1072 3421 amovendam
1097 3356 1181 3419 nihil
1204 3355 1339 3439 perinde
1367 3358 1494 3423 confert
1519 3368 1618 3442 atque

513 3459 602 3541 aegri
631 3464 727 3541 caput
756 3458 845 3535 radi,
883 3458 970 3541 quod
997 3458 1107 3543 itaque
1137 3479 1262 3541 semper
1288 3460 1459 3542 praecipio,
1489 3462 1618 3525 nullum

512 3565 723 3648 emplastrum
746 3564 926 3642 admovens,
951 3563 1009 3626 sed
1032 3562 1185 3645 pileolum
1209 3569 1342 3628 tautum
1363 3565 1451 3648 quod
1471 3565 1616 3631 ablatum

512 3687 625 3731 rasura
650 3665 840 3749 capillitium
864 3664 1070 3749 spissitudine
1094 3664 1319 3747 quadantenus
1342 3674 1539 3749 compenset,
1559 3676 1616 3733 aut

512 3768 627 3833 saltem
642 3771 740 3851 eaput
762 3788 783 3829 a
800 3766 917 3850 frigore
937 3773 1072 3830 externo
1092 3766 1230 3829 muniat.
1276 3768 1350 3832 Hae
1363 3770 1517 3833 methodo
1531 3792 1616 3835 oere-

512 3870 608 3935 brum
622 3870 831 3953 refrigeratur
850 3869 1025 3933 admodum
1046 3876 1080 3933 et
1098 3874 1270 3947 recreatur,
1285 3869 1333 3933 ita
1346 3877 1385 3933 ut
1405 3872 1528 3937 sensim
1540 3873 1616 3936 eali·

513 3974 570 4039 das
584 3974 806 4058 impressiones
820 3972 994 4058 phrenesin
1009 3972 1186 4036 excitantes
1201 3980 1297 4055 queat
1310 3972 1449 4039 vincere.

561 4076 666 4162 [17.]ι
688 4076 732 4139 Et
743 4096 825 4159 quae
839 4076 879 4139 de
894 4074 1078 4159 phrenitide
1092 4074 1145 4137 hic
1156 4074 1319 4155 dicuutur,
1331 4076 1372 4141 de
1382 4083 1508 4142 comate
1518 4076 1617 4141 etiam

512 4180 588 4244 huic
612 4177 708 4244 Febri
732 4178 970 4263 supervenienti
995 4177 1082 4243 dicta
1109 4185 1217 4256 sunto,
1240 4178 1276 4241 in
1303 4202 1367 4263 quo
1396 4188 1436 4245 ut
1464 4182 1500 4243 in
1530 4180 1618 4244 dicta

512 4284 694 4368 phrenitide
708 4283 844 4349 materia
858 4282 993 4346 Febrilis
1007 4282 1043 4345 iu
1057 4288 1153 4364 eaput
1167 4302 1296 4345 sursum
1305 4283 1419 4362 fertur,
1431 4304 1468 4347 ae
1482 4284 1618 4367 proinde

515 4388 554 4469 (si
569 4388 699 4469 liuguae
714 4386 895 4450 albedinem
911 4384 1070 4467 excipias)
1087 4383 1178 4447 nulla
1199 4383 1318 4449 adsunt
1338 4385 1450 4450 Febris
1464 4387 1568 4469 sigua,
1583 4394 1618 4452 at

512 4510 608 4571 aeger
629 4489 781 4572 apyrexia
800 4508 930 4571 prorsus
951 4486 1017 4549 frui
1037 4486 1173 4549 videtur.
1219 4487 1262 4550 Iu
1283 4486 1345 4552 hoe
1358 4488 1480 4571 pariter
1498 4490 1619 4553 affectu

514 4610 550 4653 ac
573 4591 608 4651 iu
631 4590 703 4667 alio,
727 4590 912 4665 cathartica,
928 4587 1113 4665 sudorifera,
1127 4590 1323 4667 resicatoria,
1339 4597 1438 4673 atque
1459 4592 1495 4655 id
1513 4612 1618 4673 genus

513 4692 584 4769 alia,
612 4714 678 4755 uon
707 4698 838 4755 tantum
867 4690 957 4753 nullo
987 4710 1061 4753 eum
1090 4690 1209 4769 fructu,
1235 4694 1292 4757 sed
1318 4716 1360 4759 ue
1386 4694 1517 4778 quidem
1547 4696 1617 4759 siue

905 4817 913 4850 l
933 4816 1008 4863 Deest
1020 4818 1031 4876 l
1047 4816 1076 4867 li
1088 4818 1112 4865 iu
1125 4818 1161 4865 ed.
1175 4820 1222 4869 ’86.
