3825 5759
499 656 522 717 4
808 648 1004 716 THOMAE
1029 646 1286 713 SYDENHAM

348 826 481 939 Erxqqppp
500 834 582 877 amm
603 815 638 876 iu
653 812 782 895 publiea
806 812 964 877 camarado
990 811 1145 888 cesserint,
1165 810 1214 871 illi
1233 813 1328 891 prato
1350 805 1454 869 animo
1477 814 1604 885 accepta

348 890 396 1002 ἓξ
405 956 487 1004 Tem.
499 916 661 999 reserenda
676 922 775 992 erunt,
791 936 850 998 qim
859 920 1037 996 promotore
1051 919 1144 997 atque
1164 912 1287 992 auspice
1301 930 1338 972 ea
1351 908 1457 972 studia
1465 908 1604 989 primum

350 1022 485 1032 “““”“”
498 1040 567 1082 sum
582 1038 755 1102 oppressus.
785 1020 864 1081 Post
879 1036 976 1079 annos
990 1017 1108 1097 aliquot
1121 1016 1156 1077 ia
1170 1015 1338 1077 Palaestra
1352 1010 1541 1074 Academica
1555 1010 1603 1071 ia·

498 1129 645 1204 sumptos,
654 1122 829 1185 Londinum
840 1140 989 1197 reversus,
1002 1120 1047 1181 ad
1052 1119 1187 1182 Praeim
1195 1117 1355 1181 Medicam
1365 1115 1499 1187 aceessi;
1512 1133 1604 1195 quam

500 1245 568 1289 evm
582 1227 699 1288 intento
715 1225 879 1288 admodum
893 1224 980 1287 oevlo
995 1223 1135 1304 omnique
1154 1221 1294 1284 adbibita
1309 1218 1471 1301 diliqentia
1485 1217 1605 1279 curiose

500 1329 701 1405 observarem,
727 1348 800 1390 moa
828 1328 862 1389 in
890 1346 959 1389 eom
986 1326 1057 1389 veni
1084 1325 1276 1401 senteutiam,
1303 1323 1393 1404 (quae
1416 1340 1533 1383 meeum
1561 1318 1606 1381 ad

499 1430 679 1493 bodiemum
695 1448 790 1511 usque
804 1430 884 1492 diem
899 1429 1018 1511 erevit)
1035 1429 1116 1490 bana
1129 1428 1247 1490 seilicet
1260 1428 1372 1489 Artem
1386 1423 1473 1486 baud
1488 1422 1604 1485 rectius

494 1533 732 1613 perdiscendam
754 1552 936 1614 essequam
958 1531 999 1594 ab
1021 1532 1119 1612 ipsim
1132 1531 1224 1593 Artes
1245 1528 1393 1591 enereitio
1413 1532 1505 1607 atque
1523 1544 1603 1597 usu,-

499 1655 630 1721 veroque
644 1634 808 1698 admodum
822 1654 887 1698 esse
900 1635 1011 1711 simila
1029 1633 1112 1715 quod
1124 1632 1177 1713 qui
1195 1632 1240 1693 ad
1255 1630 1416 1693 naturalia
1429 1628 1604 1691 morborum

494 1738 707 1818 phaenomena
729 1737 832 1800 oeulos
853 1737 1048 1816 animumque
1067 1734 1300 1797 accuratissime
1320 1732 1512 1811 masimeque
1532 1729 1603 1792 dili·

496 1846 605 1921 qenter
619 1840 799 1917 adverterit,
814 1839 849 1901 in
868 1837 1027 1901 eliciendis
1044 1836 1193 1899 aurativis
1214 1833 1454 1897 indicationibus
1470 1833 1552 1895 veris
1566 1852 1604 1896 ao

496 1943 639 2024 qeuuinis
653 1942 787 2003 marinae
795 1942 915 2022 pollere
926 1940 1044 2003 debeat.
1074 1938 1160 2002 Huic
1174 1939 1279 2020 itaque
1293 1957 1341 1999 ase
1350 1936 1492 1999 methodo
1507 1940 1605 1999 totvm

500 2044 630 2121 tradidi,
644 2044 724 2105 satis
737 2061 871 2120 securus,
887 2042 978 2125 quod,
993 2037 1153 2105 Naturam
1166 2041 1195 2103 si
1208 2059 1352 2123 sequerer
1366 2038 1484 2117 duem,
1498 2038 1593 2100 etium

631 2165 647 2191 “
655 2165 717 2210 Auia
728 2169 841 2210 tenorum
850 2178 980 2225 peragrans
990 2162 1048 2220 maa,
1059 2163 1146 2209 nullius
1155 2167 1209 2209 ante

658 2244 725 2291 Treta
735 2240 953 2303 slav-[Lucra
966 2244 1065 2291 muer.
1078 2244 1137 2289 Na.
1148 2240 1164 2289 t
1177 2242 1238 2289 evo:
1256 2240 1289 2289 iv.
1302 2236 1339 2302 1.]

501 2368 650 2431 nusquam
667 2348 717 2411 vel
737 2348 834 2411 lotum
852 2367 983 2430 unquem
1004 2368 1026 2410 a
1046 2352 1131 2411 reeta
1151 2348 1277 2410 tramite
1295 2344 1491 2409 discederem.
1535 2344 1606 2407 Hoc

501 2472 549 2513 me
566 2450 625 2532 filo
650 2470 768 2532 repens,
789 2450 894 2531 primo
919 2436 977 2513 ad,
984 2453 1172 2531 pressiorem
1194 2446 1339 2513 Febrium
1363 2448 1605 2512 observationem

502 2554 638 2616 animum
657 2552 773 2634 appuli,
788 2558 828 2631 et,
838 2558 913 2635 post
934 2554 1114 2616 devoratum
1135 2552 1221 2615 baud
1239 2552 1392 2615 mediocre
1413 2551 1560 2629 taedium,
1574 2555 1606 2613 et

502 2658 733 2721 molestissimae
755 2658 866 2720 mertis
886 2658 1082 2739 apitationes,
1104 2657 1214 2740 quibus
1235 2678 1283 2721 me
1304 2658 1350 2721 od
1370 2677 1467 2721 aanor
1487 2658 1606 2740 aliquot

494 2758 697 2842 satiqandum
719 2760 861 2841 permisi,
892 2760 1017 2823 tandem
1045 2760 1080 2823 in
1107 2761 1282 2824 veetbodum
1310 2760 1407 2823 incidi
1436 2780 1498 2843 qua
1525 2760 1606 2823 istae

496 2868 624 2945 possent
648 2863 776 2936 sanari,·
814 2882 906 2945 meam
934 2864 1039 2941 etiam,
1065 2864 1175 2927 amieis
1196 2863 1427 2946 flaqitantibus,
1450 2864 1485 2926 ia
1509 2864 1606 2926 limem

497 2966 700 3048 mouendam
712 2966 921 3048 jamdudumb
943 2968 1089 3030 coneum.
1136 2967 1213 3029 Cum
1236 2988 1309 3031 vero
1331 2967 1372 3030 ab
1393 2968 1448 3030 illo
1472 2972 1606 3049 tenpore

503 3088 598 3131 novas
615 3068 760 3131 Febrium
781 3069 907 3149 speeies,
929 3069 1007 3131 mibi
1028 3070 1176 3134 hactenus
1196 3068 1379 3152 inaequitas,
1398 3068 1458 3132 sibi
1479 3069 1607 3132 invicem

494 3171 618 3251 jupiter
638 3170 830 3233 neeeeclentes
855 3170 1135 3248 animadverterim,
1157 3173 1256 3234 statui
1280 3172 1366 3253 apud
1384 3192 1441 3250 me,
1464 3192 1543 3253 quae
1564 3170 1609 3233 ad

505 3292 558 3335 eos
573 3272 772 3353 pertinebant
793 3274 925 3354 sinqulo,
945 3274 995 3337 vel
1014 3272 1055 3337 ab
1075 3274 1190 3337 eisdem
1203 3274 1390 3357 pmdebant,
1404 3294 1523 3338 summa
1544 3294 1607 3357 qun

498 3394 622 3455 possem
644 3374 805 3456 dilipeutia
826 3377 860 3438 in
880 3396 975 3439 unum
996 3396 1178 3459 conperere,·
1214 3398 1273 3460 quo
1295 3378 1419 3443 taudem
1440 3378 1607 3461 aliquando

500 3476 621 3557 prioris
635 3476 734 3557 coepti
748 3477 808 3539 arei
822 3478 1002 3542 tenuitatem
1021 3485 1113 3562 atque
1132 3483 1293 3564 onpmtios
1305 3484 1403 3565 paulo
1417 3482 1607 3547 aearutiori

506 3598 544 3641 ae
558 3578 659 3661 moqis
679 3578 820 3642 absoluto
841 3580 950 3645 borum
971 3582 1146 3646 morborum
1166 3584 1299 3649 bistoria
1314 3606 1450 3667 pensare
1462 3586 1606 3648 valerem.

507 3680 572 3743 Sed
595 3680 668 3744 dum
692 3682 768 3745 boee
794 3683 897 3747 auimo
921 3702 1086 3764 aeramen,
1112 3691 1205 3769 atque
1229 3688 1411 3771 indaqarem
1434 3686 1549 3765 sedulo,
1575 3690 1607 3748 et

499 3786 710 3868 proindejam
723 3786 758 3849 in
772 3804 806 3849 eo
821 3792 904 3851 totus
917 3808 1014 3852 essem
1026 3794 1062 3853 ut
1075 3808 1138 3871 pro
1151 3789 1335 3873 multffariis
1347 3792 1492 3855 Naturae
1505 3794 1606 3851 muta-

506 3888 639 3951 tionibus
660 3894 690 3952 et
709 3889 848 3951 versatili
867 3892 989 3973 inperio
1010 3892 1151 3956 audendi
1171 3894 1354 3971 methodum
1373 3912 1428 3956 eeu
1445 3890 1607 3974 pladium⁰

505 3992 698 4073 Debebieum,
711 3991 915 4073 procuderem
929 3994 1069 4059 omnibus
1083 4016 1195 4077 parem
1203 4022 1215 4070 ;
1236 3996 1345 4058 statim
1359 3996 1456 4058 didici
1470 4014 1518 4057 me
1536 3994 1606 4059 ideo

506 4100 625 4159 tontum
643 4094 800 4177 aperuisse
821 4096 932 4176 oeulos,
947 4103 983 4160 ut
995 4100 1124 4179 pulvere
1141 4098 1390 4182 (baudquoquam
1407 4118 1479 4161 vero
1493 4096 1606 4181 Olym-

505 4194 621 4281 pioo⁶,)
647 4196 741 4263 iideru
763 4200 995 4281 complerentur,
1012 4207 1105 4284 atque
1126 4202 1176 4265 bis
1196 4200 1327 4284 quiden,
1343 4201 1469 4283 proprii
1490 4199 1608 4264 cerebri

499 4302 734 4381 phantasmata,
759 4302 833 4383 illis,
860 4304 978 4367 nullum
1006 4324 1054 4367 me
1071 4324 1205 4385 prorsus
1229 4303 1342 4367 babme
1370 4303 1487 4383 ducem,
1510 4304 1608 4385 plane

541 4506 551 4538 ⁵
568 4510 719 4574 jamdudum]
743 4526 776 4559 ev.
798 4528 862 4561 unna
886 4514 966 4572 1660..
987 4530 1037 4578 qvo
1080 4514 1192 4576 (Erasmi
1208 4518 1287 4579 Δάας.
1304 4516 1361 4564 chii.
1378 4516 1404 4567 ii.
1422 4521 1485 4565 vent.
1501 4516 1524 4563 t
1538 4528 1606 4577 prov.

507 4572 583 4636 hujus
601 4575 680 4637 operis
698 4576 787 4639 prodiit
803 4578 840 4624 ed.
862 4579 905 4624 1⁸·
921 4594 980 4626 eum
998 4580 1034 4629 tit.
1079 4579 1132 4640 69.)
1145 4580 1183 4629 Cf.
1195 4581 1238 4628 int.
1250 4582 1281 4630 iv.
1294 4582 1317 4629 8.
1331 4583 1369 4629 14.

508 4640 629 4687 Maenalos
643 4641 746 4687 Curaudi
762 4642 847 4689 Febres
864 4642 974 4703 Propriis
987 4646 1034 4691 Ob·
1111 4640 1122 4673 ⁶
1141 4644 1272 4707 Olympico]
1296 4648 1312 4673 ⁴⁴
1320 4646 1384 4693 Sunt
1406 4658 1468 4706 quos
1487 4642 1608 4689 curriculo

507 4706 670 4751 “motionibus
681 4706 849 4764 Superstrurto.
1079 4707 1204 4770 pulverem
1220 4706 1397 4773 Olympicum!
1413 4706 1546 4769 Collegium
1563 4706 1606 4767 ju·

541 4773 551 4795 ‘
569 4768 688 4816 “Gladius
699 4768 825 4827 Delphicus
837 4769 866 4816 de
878 4784 902 4816 re
912 4768 1037 4817 dicebatur
1080 4775 1144 4818 vav·
1159 4772 1257 4833 (Horat.
1272 4776 1314 4821 Od.
1326 4774 1342 4821 i.
1354 4773 1370 4821 l.
1383 4772 1419 4833 8.)

509 4832 539 4879 ad
571 4831 677 4879 diversos
713 4846 773 4879 usus
810 4834 1035 4881 accommodabili”
