3825 5759
606 642 866 709 PROCESSUS
890 644 1093 712 INTEGRI.
1337 650 1401 714 603

579 803 707 857 cinerum
720 803 855 860 Foliorum
865 806 1292 876 Abrotani,anounoiamunam;
1464 820 1506 871 Dn

439 885 603 941 Misceantur
612 889 701 958 probe,
713 898 741 943 et
751 889 800 943 list
810 890 987 957 linimentum,
996 908 1050 961 quo
1062 894 1208 963 inungatur
1219 901 1304 948 toturn
1317 904 1398 965 caput
1415 882 1553 949 mm,

437 973 550 1042 siugulis
560 975 708 1041 matutinis,
718 974 859 1047 diligenter
870 976 1027 1043 infficando,
1039 986 1066 1033 et
1077 988 1170 1051 postea
1181 981 1396 1051 superimponen·
1408 951 1549 1034 4⁸¹.ss-

436 1056 470 1111 do
482 1058 597 1113 vesieum
608 1060 721 1114 suillam.

337 1177 384 1238 At
407 1176 549 1259 primum
570 1178 743 1244 abradatur
763 1186 870 1245 totum
892 1182 1091 1266 capillitium,
1111 1189 1144 1247 et
1165 1188 1277 1267 postea
1299 1183 1393 1248 defri-

289 1284 408 1340 centur
433 1281 652 1362 squammulae
676 1282 795 1346 sensim
818 1282 954 1366 singulis
976 1284 1108 1364 auroris,
1130 1293 1226 1369 prout
1248 1284 1395 1351 decidere

289 1401 413 1462 pronae
427 1382 558 1448 luerint.

737 1573 833 1637 CAP.
856 1574 947 1638 LIV.

626 1732 675 1795 De
689 1732 801 1797 Morsu
819 1736 914 1798 Canis
927 1734 1054 1799 Rabirii.

335 1862 419 1925 P⁰⁸T
449 1864 663 1947 ‘luadfflgissta
691 1866 759 1933 dies
788 1876 846 1933 aut
873 1870 982 1953 plures
1015 1868 1247 1934 melancholica
1272 1869 1391 1935 adsunt
1404 1887 1486 1939 Morbi

288 1972 516 2047 symptomata,
545 1966 653 2047 febris,
676 1968 756 2049 sitis,
782 1970 1014 2056 hydrophobia,
1037 1980 1070 2036 ot
1096 1972 1228 2036 tandem
1249 1972 1391 2057 Pupium
1403 1962 1514 2067 fflto.

288 2074 506 2131 extremarum
522 2070 694 2135 convulsio,

288 2198 391 2261 [Fumo
403 2206 480 2275 262]
520 2199 553 2281 R,
573 2203 687 2274 Spiritus
698 2205 762 2261 Vini
773 2210 874 2279 optime
885 2212 1023 2265 testificati
1034 2212 1128 2265 uncias
1141 2222 1262 2283 quatuor,
1404 2220 1535 2276 Cosano.

570 2290 714 2347 'lheriacae
725 2295 903 2351 Andromachi
915 2299 1022 2352 unciam
1035 2315 1133 2363 unam,

430 2374 492 2427 Fiat
502 2376 628 2441 mixtura,
640 2393 694 2444 qua
704 2380 823 2435 illinatur
833 2400 893 2453 pars
906 2385 978 2438 laem
989 2392 1028 2439 ter
1046 2386 1075 2439 in
1093 2385 1145 2451 die,
1156 2384 1392 2457 superimponenda

427 2460 539 2513 linteum
552 2461 645 2515 eudem
656 2465 774 2521 mixtura
784 2470 925 2523 imbutum

621 2682 624 2687 Ι
736 2738 833 2802 CAP.
857 2736 928 2800 LV.

668 2898 718 2961 De
737 2897 845 2960 Ulcere
865 2898 1000 2960 Vesicae.

329 3035 397 3097 Pus
413 3033 608 3117 graveolens,
619 3041 676 3098 aut
687 3032 1076 3121 sanguistnonnunquam
1089 3031 1318 3115 squammulae,
1330 3053 1387 3096 seu
1401 3050 1481 3099 Morbi

284 3135 450 3218 pelliculae
465 3135 737 3213 membranaceae,
752 3157 791 3199 ec
804 3135 905 3199 veluti
918 3134 1118 3198 furfirraceae
1133 3134 1305 3214 crustulae,
1324 3135 1386 3217 (sin
1399 3126 1509 3229 ffim'

285 3238 321 3300 in
345 3238 476 3301 mnibus
501 3237 632 3302 haereat
657 3238 759 3318 ulcus,
782 3237 973 3301 carunculae
999 3236 1190 3315 minutulae,
1213 3236 1386 3321 aliquando

285 3340 473 3422 crassiores)
491 3362 647 3405 unacum
661 3341 757 3405 urina
775 3348 1013 3419 excemuutur3
1036 3348 1192 3425 perpetua
1207 3339 1336 3424 dysuria
1352 3348 1385 3404 et

285 3440 456 3505 continuus
485 3464 596 3507 earum
624 3443 767 3526 partium
792 3442 883 3507 dolor
908 3443 1086 3507 infestant:
1112 3441 1245 3505 renibus
1274 3449 1384 3505 autem

285 3544 405 3607 affectis
420 3545 535 3622 ulcere,
550 3544 692 3609 dilucida
713 3544 863 3629 dysuriae
878 3552 912 3610 et
930 3546 1048 3610 doloris
1064 3544 1183 3607 dantur
1205 3543 1383 3623 intervalla,

284 3667 342 3727 pus
366 3646 464 3710 etiam
489 3655 654 3711 excretum
679 3648 837 3731 copiosius
863 3654 922 3726 est,
949 3647 1070 3727 album,
1095 3646 1220 3711 leveel
1249 3647 1383 3711 minime

283 3748 456 3827 foetidum3
477 3750 555 3813 lacti
569 3750 681 3813 similis
694 3749 902 3833 profunditur
919 3750 1016 3813 urina
1023 3774 1033 3827 ;
1057 3756 1090 3813 et
1105 3749 1202 3833 louge
1216 3756 1289 3833 post
1304 3748 1382 3813 mic·

283 3850 403 3915 tionem
417 3873 478 3934 pus
493 3852 534 3915 ab
548 3873 587 3916 eo
602 3858 785 3935 separatum
798 3852 835 3914 in
848 3850 951 3915 fundo
962 3850 1089 3915 residet.

285 3984 382 4049 [Fame
394 3990 470 4059 25³]
514 3985 546 4065 R
566 3988 711 4058 Emplastri
722 3986 785 4041 itas
801 3986 996 4056 Usquentoram
1008 3985 1073 4039 dicti
1084 3985 1327 4055 sesquidracbmam
1336 4006 1343 4049 ;
1396 3990 1527 4043 Cunarro.

421 4073 502 4127 Fiant
524 4075 622 4142 pilulae
646 4091 755 4127 novem:
779 4074 869 4143 capiat
893 4082 945 4125 tres
968 4070 1039 4123 boris
1065 4071 1274 4136 medicinalibus,
1292 4086 1381 4139 super·

418 4160 533 4214 bibendo
543 4162 676 4228 sequentis
686 4178 771 4229 aquae
782 4160 928 4214 cochlearia
939 4175 986 4213 sex
993 4181 1038 4209 :-

283 4277 380 4339 [Fonn.
392 4282 467 4348 254]
509 4275 541 4355 R,
561 4279 671 4333 Radicis
684 4279 830 4343 Foeniculi,

563 4363 697 4427 [Radicis]
710 4364 878 4431 consolidae,

559 4446 694 4515 [Radicis]
709 4451 908 4515 Aristolochiae,

558 4534 694 4605 [Radicis]
707 4536 937 4607 Carpophyllatae,
949 4554 1001 4591 ana
1014 4536 1105 4590 uncias
1117 4546 1176 4601 tres,

559 4620 694 4674 Foliorum
704 4623 884 4692 Agrimoniue,

557 4707 721 4779 [Foliorum]
736 4708 871 4779 Hyperici,

559 4793 596 4857 [F
597 4792 720 4855 oliorum]
735 4794 866 4864 Bugodae,
