3825 5759
542 642 789 709 SCHFDULA
811 644 1078 709 MONI'FORLA
1100 645 1129 708 I.
1291 702 1296 713 ,
1319 646 1384 708 489

283 807 411 889 quando
430 806 597 886 recedunt,
614 807 832 891 squammulas
846 808 924 872 istas
938 807 1136 872 furfuraceus
1152 828 1233 892 quae
1247 806 1283 869 in
1297 827 1381 871 mor·
1395 820 1536 871 Dauom

281 912 367 975 billis
385 918 564 976 cernuntur
578 911 666 975 haud
685 912 892 995 relinquunt:
915 912 991 977 licet
1010 914 1071 977 hae
1093 918 1207 996 sponte
1227 932 1286 975 sua
1300 885 1534 999 ¹¹⁰³·1diiiiiu

280 1035 450 1099 nunquam
473 1015 637 1099 ingruant,
663 1015 787 1099 saepius
810 1022 921 1080 tamen
944 1016 1020 1080 lecti
1044 1016 1148 1079 calore
1172 1021 1205 1079 et
1228 1014 1382 1079 cardiacis
1398 1016 1532 1025 “““”“

281 1124 522 1200 extorquentur.
569 1116 697 1200 Lingua
712 1117 809 1201 aegri,
825 1139 884 1201 pro
901 1118 1027 1183 ratione
1041 1117 1189 1201 imperati
1202 1116 1380 1201 regiminis,

280 1220 331 1283 vel
351 1220 486 1283 humida
507 1226 556 1284 est
577 1221 627 1285 vel
649 1220 749 1285 sicca:
776 1221 833 1285 ubi
852 1221 1019 1300 inaruerit,
1039 1222 1123 1286 fusci
1139 1228 1189 1284 est
1211 1219 1325 1284 coloris
1346 1219 1383 1282 in

280 1322 396 1401 medio,
420 1345 518 1407 quam
547 1330 672 1407 partem
702 1323 846 1408 undique
875 1325 978 1407 cingit
1006 1323 1134 1388 fimbria
1161 1323 1381 1400 inalbescens;

280 1424 338 1489 ubi
360 1446 435 1489 vero
458 1426 592 1489 humida
615 1433 664 1490 est
682 1426 804 1510 lingua,
827 1427 917 1490 omni
940 1433 1093 1509 exparte
1114 1425 1188 1490 alba
1209 1432 1268 1503 est,
1291 1424 1382 1507 pelli-

280 1528 353 1591 cula
370 1526 449 1592 item
472 1528 584 1593 scabra
604 1535 637 1593 et
658 1528 734 1594 alba
754 1530 887 1593 vestita:
911 1551 989 1593 nam
1011 1529 1038 1592 si
1060 1550 1155 1612 aeger
1173 1528 1213 1592 ab
1236 1526 1381 1591 adhibito

279 1630 436 1713 regimine
450 1631 523 1714 plus
535 1632 624 1716 justo
638 1631 820 1711 incalescat,
835 1632 949 1716 lingua
965 1632 1032 1696 fere
1052 1639 1102 1697 est
1119 1632 1210 1695 firsca
1224 1637 1258 1695 et
1273 1630 1362 1694 arida
1370 1654 1380 1707 ;

280 1732 330 1797 sin
351 1733 470 1811 minus,
484 1733 620 1798 humida
636 1742 686 1799 est
707 1742 740 1799 et
762 1734 845 1799 alba.
891 1735 985 1799 Idem
1007 1735 1047 1799 de
1070 1735 1186 1799 sudore
1207 1732 1381 1797 dicendum

279 1842 339 1915 cst,
355 1836 410 1919 qui
424 1858 482 1920 pro
501 1837 627 1901 ratione
648 1838 764 1902 diversi
782 1837 949 1920 regiminis
967 1838 1103 1922 praefati
1116 1837 1280 1901 dimanat:
1303 1855 1380 1898 nam

280 1938 308 2001 si
330 1938 464 2002 calidius
488 1946 647 2003 tractetur
670 1962 775 2025 aeger,
798 1940 900 2005 ferme
923 1942 1064 2005 viscosus
1090 1940 1201 2018 effluit,
1225 1960 1243 2002 e
1267 1937 1381 2020 capitis

279 2041 467 2122 praesertim
481 2042 622 2124 regione.
661 2042 878 2109 Quantumvis
893 2051 1003 2108 autem
1018 2043 1117 2108 sudor
1131 2043 1256 2126 copiose
1271 2046 1303 2103 et
1318 2061 1380 2102 un-

280 2142 447 2226 dequaque
467 2152 625 2229 erumpat,
640 2168 755 2229 parum
775 2152 887 2210 tamen
907 2168 946 2209 ex
967 2167 1005 2210 eo
1027 2146 1194 2209 levaminis
1214 2144 1314 2209 sentit
1328 2164 1380 2206 ae-

279 2266 337 2327 ger
345 2271 355 2325 ;
377 2246 466 2311 unde
480 2248 582 2331 liquet
594 2250 753 2332 ejusmodi
768 2249 899 2315 sudores
914 2249 1176 2334 symptomaticos
1190 2254 1321 2312 tantum
1332 2267 1380 2309 es·

280 2368 323 2426 se,
336 2348 462 2413 criticos
477 2370 545 2413 non
556 2370 634 2415 esse.
658 2352 775 2415 Primis
789 2352 895 2417 morbi
906 2352 1029 2431 diebus,
1041 2352 1167 2417 sudoris
1178 2373 1218 2416 cx
1228 2358 1298 2415 arte
1307 2372 1380 2435 pro·

279 2449 403 2513 vocatio
421 2451 591 2515 materiam
610 2452 810 2517 morbificam
831 2454 944 2518 sinon
963 2454 1000 2516 in
1019 2460 1126 2538 caput,
1142 2453 1256 2516 saltem
1275 2452 1311 2514 in
1331 2471 1380 2514 ar-

278 2556 343 2629 tus,
360 2550 483 2615 solebat
498 2552 659 2635 deponere
668 2580 678 2633 ;
701 2562 735 2619 at
753 2556 810 2620 ubi
826 2556 895 2641 jam
910 2564 1008 2639 caput
1025 2556 1138 2620 Febris
1156 2554 1331 2637 occupavit,
1347 2561 1382 2619 ct

279 2652 445 2736 phrenesis
472 2656 572 2719 semel
601 2658 747 2740 invaluit,
774 2660 864 2725 nulla
891 2668 1016 2725 restant
1041 2660 1140 2724 febris
1164 2658 1293 2737 indicia,
1317 2658 1380 2722 nisi
1511 2653 1515 2661 ’

279 2757 366 2839 quod
390 2758 502 2841 pulsus
524 2780 614 2823 nunc
632 2760 759 2826 citatior
782 2768 840 2841 est,
864 2783 953 2826 nunc
976 2761 1099 2826 tardior
1106 2787 1116 2839 ;
1139 2760 1272 2824 tandem
1295 2781 1379 2839 vero,

279 2879 354 2923 cum
372 2881 411 2923 cx
434 2880 470 2924 re
487 2861 572 2925 male
595 2869 687 2945 gesta
708 2864 838 2947 spiritus
859 2866 895 2928 in
919 2864 1140 2929 confusionem
1162 2862 1381 2927 omnimodam

278 2964 461 3047 adigantur,
473 2966 585 3049 pulsus
600 2966 803 3030 inordinatus
818 2988 893 3030 cum
908 2968 1058 3032 subsultu
1072 2966 1290 3030 membrorum
1305 2966 1379 3030 sub-

277 3066 470 3150 ingreditur,
487 3090 583 3152 quem
597 3090 665 3133 non
679 3068 726 3131 ita
740 3068 796 3132 diu
810 3076 883 3152 post
898 3090 984 3133 mors
999 3069 1125 3153 excipit.

328 3171 388 3255 [6.]
418 3170 626 3236 (iurationem
647 3171 732 3255 quod
751 3179 884 3255 spectat,
898 3172 963 3237 ista
984 3171 1268 3257 peripneumoniac
1287 3173 1381 3255 signa

278 3297 361 3360 quae
384 3276 469 3340 hanc
494 3276 631 3340 Febrem
657 3276 896 3340 comitabantur
925 3277 1101 3341 Februario
1123 3276 1179 3340 illo
1204 3275 1283 3339 anni
1307 3297 1379 3359 pos-

277 3379 374 3443 tremi
390 3398 453 3461 quo
473 3378 615 3462 primum
633 3378 827 3462 emergebat,
843 3380 953 3443 statim
975 3380 1016 3443 ab
1035 3380 1160 3465 hyemis
1178 3379 1267 3444 exitu
1282 3380 1379 3443 fidem

281 3484 342 3565 (uti
365 3484 453 3566 dixi)
476 3483 557 3547 mihi
579 3478 694 3562 fecere,
715 3504 786 3547 cam
809 3504 938 3567 prorsus
962 3484 998 3547 in
1017 3484 1379 3568 Peripneumonicarum

277 3586 400 3650 familia
423 3586 617 3650 censendam
641 3607 728 3665 esse3
765 3606 802 3650 ac
823 3588 959 3671 proinde
984 3609 1038 3651 me
1060 3589 1170 3652 statim
1191 3588 1315 3653 contuli
1339 3587 1380 3651 ad

276 3712 374 3754 usum
396 3689 541 3755 methodi
570 3690 664 3754 istius
694 3711 791 3773 quam
820 3690 897 3754 olim
925 3691 1130 3756 laudaveram
1152 3693 1188 3755 in
1213 3694 1379 3758 curatione

277 3795 566 3881 Peripneumoniae
581 3794 722 3873 Nothae,
738 3802 771 3858 et
785 3796 940 3860 Auctario
955 3817 1052 3880 supra
1065 3803 1253 3860 memorato.
1286 3796 1379 3862 Quae

278 3902 407 3984 quidem
431 3899 603 3964 methodus
627 3898 704 3964 satis
727 3898 862 3964 feliciter
885 3900 989 3979 cessit,
1012 3907 1086 3964 tum
1108 3900 1188 3963 mihi
1211 3900 1247 3962 in
1268 3902 1378 3983 paucis

276 4004 339 4067 illis
355 4004 470 4087 quibus
485 4002 683 4067 medicandis
700 4024 758 4085 per
778 4002 943 4066 adversam
964 4003 1182 4067 valetudinem
1204 4023 1311 4066 meam
1325 4002 1377 4065 vix

277 4105 481 4181 sufficiebam,
497 4111 569 4168 tum
589 4105 688 4168 etiam
706 4104 776 4167 aliis
797 4106 853 4187 qui
870 4107 934 4186 (mc
957 4106 1114 4186 authore)
1132 4104 1268 4167 candem
1283 4125 1376 4186 expe·

276 4210 334 4273 riri
356 4208 445 4271 haud
468 4209 732 4290 aspernabantur.
778 4208 942 4291 Quicquid
964 4229 1039 4273 vero
1063 4208 1099 4272 id
1123 4209 1255 4272 demum
1277 4208 1376 4272 fuerit

277 4312 363 4397 quod
382 4312 466 4375 hanc
484 4310 566 4373 mihi
581 4309 771 4374 methodum
790 4310 950 4389 suaderet,
962 4311 1031 4393 jam
1045 4310 1127 4374 mihi
1141 4309 1219 4373 satis
1233 4330 1375 4392 comper·
1388 4330 1436 4408 ¹²2⁸!
1447 4348 1508 4382 non·

276 4420 348 4476 tum
366 4418 425 4490 est,
445 4412 574 4495 quando
598 4418 631 4475 et
654 4410 759 4475 morbi
781 4410 1014 4495 phaenomena,
1037 4419 1071 4476 et
1089 4412 1197 4477 ultimi
1220 4412 1297 4475 anni
1320 4412 1511 4522 quifflffi·

276 4515 369 4579 binas
405 4513 615 4597 rigidissimas
651 4514 783 4599 hyemes
815 4516 939 4598 excepit
974 4518 1139 4601 perpendo
1174 4517 1517 4604 temperiem,ruinisia·

279 4616 415 4701 (hyemis
434 4618 633 4700 praesertim,
657 4617 797 4682 simodo
816 4621 920 4701 syene
940 4618 1004 4683 dici
1025 4621 1126 4703 possit
1146 4640 1229 4704 quae
1247 4621 1374 4685 nullum
1386 4589 1527 4718 ffiffib

275 4722 378 4807 frigus
392 4721 535 4785 notabile
553 4743 662 4786 secum
682 4721 838 4806 adduxit)
856 4722 936 4786 mihi
953 4724 1120 4808 (inquam)
1137 4731 1274 4805 constat,
1289 4724 1374 4789 hanc
1384 4718 1526 4835 ἓξὲξ

277 4824 413 4889 Febrem
428 4824 510 4889 nihil
525 4846 593 4891 esse
608 4825 696 4890 aliud
711 4846 807 4909 quarn
822 4825 1000 4910 simplicem
1014 4827 1181 4911 sanguinis
1195 4826 1373 4893 inflamma-
1386 4864 1430 4897 vae
1441 4850 1501 4899 din.
