3825 5759
687 657 950 723 TRAC'PATUS
974 659 1003 723 Ι.
1329 661 1396 723 413

296 820 415 901 nando,
434 820 657 904 phaenomena
679 820 820 883 multum
842 826 920 884 sunt
942 819 1067 883 diversa
1088 841 1108 884 a
1127 821 1197 905 jam
1219 820 1395 905 descriptis.
1416 841 1458 890 m
1471 843 1539 891 Pon-

295 925 384 988 Nam
399 946 474 989 cum
487 924 644 986 haetenus
659 921 750 986 dolor
763 921 899 1005 pedibus
909 928 1040 986 tantum
1051 922 1150 986 fuerit
1163 922 1310 1002 infestus,
1329 922 1397 1006 (qui
1438 923 1518 955 ΝΜ·

295 1026 457 1111 peccantis
472 1024 625 1088 materiae
646 1024 736 1088 sedes
756 1031 834 1087 sunt
854 1025 1006 1106 genuina,
1022 1046 1194 1107 quaecum
1209 1025 1287 1089 alias
1302 1047 1395 1108 quas·
1406 1014 1548 1127 ffiffi·

295 1130 376 1193 libet
399 1133 507 1211 partes
530 1132 675 1209 occupat,
699 1126 914 1189 certissimum
937 1132 987 1190 est
1007 1127 1058 1190 vel
1078 1127 1185 1191 morbi
1206 1127 1396 1191 methodum
1406 1144 1481 1190 seriae
1492 1160 1530 1192 se-

295 1230 454 1293 inversam
476 1250 554 1307 esse,
576 1228 627 1291 vel
648 1229 788 1311 corporis
809 1229 953 1311 vigorem
975 1230 1132 1311 paulatim
1151 1230 1220 1313 jam
1242 1231 1394 1294 imminu·
1406 1208 1548 1322 gffsffim'

296 1333 391 1413 tum,)
416 1332 485 1415 jam
513 1332 622 1413 itaque
651 1352 777 1408 manus,
804 1352 925 1413 carpos,
952 1330 1087 1409 cubitos,
1114 1352 1230 1413 genua,
1256 1333 1397 1416 aliasque
1407 1352 1464 1399 Jam
1475 1354 1540 1402 vari·

295 1434 443 1516 regiones
466 1440 610 1516 occupat,
633 1454 672 1497 ea
692 1434 771 1517 jam,
795 1433 878 1496 sieut
901 1432 999 1517 pedes
1021 1434 1098 1497 olim
1121 1434 1253 1512 solebat,
1276 1432 1551 1543 discum-mm?

296 1537 396 1601 cians.
441 1535 642 1619 Quandoque
661 1536 749 1599 enim
766 1557 869 1599 unum
890 1537 1037 1619 pluresve
1059 1536 1177 1619 digitos
1196 1536 1398 1621 distorquens
1409 1550 1490 1607 cupae

295 1639 447 1703 fasciculo
467 1638 612 1702 radicum
630 1639 813 1722 pastinacae
833 1638 952 1702 similes
975 1660 1029 1702 eos
1050 1638 1167 1716 reddit,
1181 1647 1274 1703 motu
1288 1642 1398 1723 paula-
1409 1627 1552 1743 ἑὶἀξξῑξζ.

295 1742 358 1805 tim
375 1742 512 1825 privans,
527 1742 723 1825 tandemque
745 1742 967 1806 concretiones
988 1742 1073 1805 circa
1094 1742 1302 1806 articulorum
1318 1743 1398 1824 liga·
1409 1708 1517 1817 generis,

296 1850 408 1907 menta
429 1844 599 1927 topbaceas
625 1865 793 1927 generans,
818 1865 898 1927 quae
921 1844 1130 1908 articulorum
1155 1846 1330 1909 cuticulam
1351 1845 1399 1928 ip-

296 1965 429 2027 samque
445 1952 554 2009 cutem
575 1944 806 2025 destruentesd,
825 1946 929 2011 nudos
948 1947 1064 2030 tophos
1085 1953 1207 2011 metam
1225 1948 1277 2011 vel
1290 1948 1400 2011 oculos

297 2070 487 2115 cancrorum
496 2050 833 2129 aemulantes,acicula
844 2050 1012 2129 eruendos,
1022 2050 1399 2135 exhibentlconspectui.

297 2152 543 2234 Nonnunquam
565 2152 702 2217 materia
722 2153 872 2217 morbum
892 2154 1099 2217 committens
1120 2154 1239 2218 cubitis
1259 2154 1537 2237 impactameubitis
1601 2205 1607 2213 .

296 2260 459 2318 tumorem
477 2254 649 2319 subalbum
671 2255 881 2334 excitatiore
905 2255 947 2319 ad
969 2256 1020 2319 ovi
1041 2256 1311 2339 magnitudinem,
1327 2238 1551 2346 (Ῑιιίᾱζῗζζῗξζ

297 2358 417 2419 sensim
439 2357 660 2421 inflammatur
681 2378 756 2421 cum
778 2357 906 2421 rubore.
950 2359 1012 2421 Est
1033 2358 1091 2421 ubi
1111 2358 1219 2422 femur
1240 2379 1400 2441 occupans
1411 2360 1477 2409 ciue

298 2479 429 2521 sensum
447 2460 577 2523 exhibet
596 2459 686 2543 quasi
708 2460 851 2543 ingentis
872 2459 1023 2543 ponderis
1046 2461 1188 2543 appensi,
1204 2460 1273 2523 siue
1291 2460 1400 2524 dolore
1410 2424 1531 2552 3333„

298 2568 409 2625 tamen
429 2562 566 2625 notabili
575 2588 584 2639 3
608 2569 642 2625 at
660 2582 747 2643 genu
767 2562 882 2625 exinde
900 2568 1015 2644 petens
1034 2562 1069 2625 id
1088 2562 1193 2625 acrius
1210 2570 1316 2644 urget,
1331 2584 1400 2625 mo·
1411 2554 1551 2679 Imm·

298 2670 370 2726 tum
385 2684 514 2727 omnem
529 2663 689 2741 inhibens,
701 2671 739 2726 ut
752 2664 842 2745 quasi
857 2664 945 2727 olavo
956 2670 1120 2727 transacto
1134 2663 1255 2726 lectulo
1270 2664 1400 2726 affixum

298 2766 467 2829 uelatum
491 2766 636 2848 piluma
660 2766 731 2829 loco
750 2764 786 2827 in
807 2786 870 2847 quo
892 2772 941 2829 est
964 2785 998 2828 se
1022 2772 1117 2847 queat
1143 2764 1311 2828 dimovere.
1356 2766 1401 2827 Et

299 2869 438 2953 quando,
449 2870 499 2932 vel
514 2875 644 2952 propter
657 2869 758 2932 totius
771 2868 910 2951 corporis
924 2868 1183 2951 inquietudinem
1197 2868 1273 2932 hnic
1287 2868 1401 2931 morbo

297 2972 346 3035 ita
371 2970 570 3048 familiarem,
596 2970 647 3033 vel
672 2977 810 3053 urgente
836 2971 1015 3035 necessario
1041 2970 1148 3052 aliquo
1173 2970 1257 3033 vitae
1285 2970 1400 3049 officio,

299 3093 395 3155 aeger
409 3072 545 3135 aliorum
559 3094 656 3155 opera
672 3079 721 3135 est
736 3072 922 3151 movendus,
938 3072 1028 3137 omni
1047 3072 1174 3135 cautela
1193 3093 1273 3155 opus
1291 3078 1340 3135 est
1357 3092 1400 3135 ne

299 3177 382 3241 forte
396 3171 446 3239 v'el
461 3174 596 3238 minima
614 3182 723 3239 motus
738 3175 948 3239 contrarietas
963 3175 1105 3238 dolorem
1126 3182 1276 3253 accersat,
1292 3175 1347 3257 qui
1362 3196 1401 3241 eo

300 3286 430 3343 tantum
460 3278 591 3342 nomine
619 3284 727 3361 potest
752 3277 882 3341 tolerari
908 3278 994 3361 quod
1023 3278 1193 3341 confestim
1220 3284 1399 3341 evanescat.

300 3382 394 3447 Quae
409 3380 539 3464 quidem
554 3381 694 3464 corporis
709 3381 797 3460 latio,
812 3380 859 3445 ita
881 3388 974 3444 caute
996 3387 1029 3444 et
1049 3381 1184 3444 delicate
1207 3381 1399 3464 peragenda,

300 3483 388 3547 haud
402 3484 519 3566 exigua
532 3504 605 3566 pars
623 3490 672 3547 est
692 3504 920 3547 aerumnarum
935 3482 1052 3567 quibus
1067 3482 1215 3565 Podagra
1229 3489 1399 3561 oneratur3

301 3586 391 3651 dolor
414 3586 502 3650 enim
522 3586 743 3651 vehementior
767 3607 835 3650 uon
857 3607 915 3669 per
939 3608 1070 3651 omnem
1092 3608 1321 3671 paroxysmum
1345 3608 1400 3651 es·

299 3688 455 3765 tenditur,
471 3687 608 3751 simodo
623 3710 696 3771 pars
711 3688 826 3751 affecta
840 3688 973 3752 omnino
988 3689 1141 3772 quiescat.

350 3791 410 3875 [7.]
440 3791 524 3854 Cum
534 3790 682 3874 Podagra
696 3792 833 3855 antehac
847 3812 914 3855 non
929 3792 993 3855 nisi
1004 3797 1143 3856 exeunte
1156 3790 1273 3875 hyeme
1284 3792 1400 3856 soleret
1413 3802 1460 3851 Per
1469 3818 1513 3851 sn-

300 3894 460 3972 invadere‚
481 3901 554 3977 post
576 3894 656 3958 duos
679 3902 784 3958 tresve
802 3916 929 3959 menses
950 3916 1009 3978 pro
1032 3915 1121 3958 more
1139 3916 1312 3974 recessura,
1331 3896 1400 3978 jam
1411 3868 1536 3993 ῗζζξξξζ

300 4016 499 4079 perannum
517 3995 682 4078 integrum
696 4003 790 4060 vexat
809 4018 951 4079 aegrum,
969 3998 1107 4080 demptis
1128 3996 1255 4061 duobus
1272 3998 1324 4061 vel
1342 3998 1400 4061 tri-
1413 3996 1486 4043 ‘lm‘
1495 4012 1552 4058 1¹²³·

300 4098 361 4163 bus
380 4097 546 4161 mensibus
564 4098 770 4162 calidioribus
789 4105 885 4181 atque
904 4099 1041 4164 aestivis.
1086 4100 1131 4163 Et
1152 4099 1251 4181 (quod
1268 4099 1401 4181 iusuper
1413 4074 1539 4121 oxysmua

301 4207 351 4264 est
379 4198 636 4283 observandum)
665 4200 937 4283 quemadmodum
965 4221 1174 4283 paroxysmus
1204 4200 1306 4283 major
1335 4201 1400 4263 sive
1413 4213 1559 4277 Paroxysmi

302 4300 458 4382 generalis
480 4301 550 4384 jam
572 4301 764 4384 protractior
786 4323 883 4384 quam
909 4302 987 4365 olim
1007 4302 1113 4364 fuerat
1138 4301 1331 4378 inveniatur,
1353 4300 1402 4365 ita
1413 4279 1555 4393 ffiffi,

301 4403 400 4467 etiam
417 4403 599 4487 paroxysmi
618 4403 673 4467 isti
693 4402 901 4486 particulares
924 4402 1099 4487 exquibus
1117 4402 1296 4485 generalior
1315 4423 1400 4466 com-
1414 4407 1533 4467 saeviunt,

300 4506 442 4589 ponitur,
466 4506 586 4588 singuli
609 4506 731 4569 diutius
755 4506 918 4582 saeviunt5
942 4525 1017 4568 cum
1042 4505 1130 4568 enim
1148 4505 1285 4569 antehac
1303 4506 1401 4588 parti-

300 4608 424 4672 culares
449 4608 505 4672 isti
528 4630 595 4672 non
619 4608 706 4673 ultra
727 4629 832 4671 unum
858 4609 1034 4672 alterumve
1063 4607 1150 4671 diem
1171 4609 1401 4691 excmciarent,

298 4709 369 4793 jam
385 4710 572 4793 ubieunque
587 4709 696 4773 sedern
715 4711 826 4793 figant,
842 4712 981 4775 maxime
1000 4710 1028 4776 si
1044 4709 1142 4793 pedes
1156 4712 1206 4776 vel
1225 4732 1332 4795 genua
1351 4734 1403 4778 oc·

333 4840 345 4871 ³
361 4848 457 4889 -eatcs
466 4874 472 4887 .
481 4874 487 4887 .
495 4842 609 4890 .-eest.
621 4838 702 4902 ..qul]
716 4839 763 4890 Sic.
776 4840 829 4888 edd.
840 4848 938 4900 recent,
949 4841 1015 4891 male
1027 4844 1084 4907 Syd.
1092 4862 1178 4897 -ω,
1187 4879 1193 4895 .
1201 4880 1207 4894 .
1215 4847 1403 4909 -bes...qsa0.
