3825 5759
525 690 546 731 x
838 663 1033 729 ΤΗΟΜΑΕ
1055 662 1316 727 'SYDENHAM

407 848 482 895 viri.
526 828 657 891 laudata
672 826 818 910 Epistola
837 826 879 889 ad
899 827 983 889 D¹¹¹¹'¹¹
1000 827 1174 889 Doctorem
1194 820 1369 908 Mapletoft
1388 826 1418 905 (e
1438 821 1630 908 quaomnia

374 921 386 927 ⁸
410 922 424 927 ’
442 922 514 927 -
527 932 593 993 fere
616 951 655 992 ea
677 950 759 1012 quae
781 929 821 991 de
843 928 928 992 tanti
951 928 1023 991 Viri
1044 928 1112 991 vita
1133 928 1175 991 ad
1197 935 1340 991 nostram
1361 927 1513 991 notitiam
1533 946 1629 990 vene-

527 1040 605 1096 runt
625 1031 804 1097 hamienda
826 1032 924 1113 sunt)
948 1030 1052 1094 verbis
1068 1030 1181 1113 ‚paullo
1200 1037 1276 1093 ante
1298 1028 1445 1093 adductis
1463 1028 1630 1113 perspicue

527 1142 648 1213 narrat,
670 1155 713 1213 se,
729 1142 801 1217 post
824 1133 945 1215 aliquot
967 1132 1004 1195 in
1019 1132 1237 1196 Universitate
1252 1129 1430 1197 Oxoniensi
1450 1136 1630 1195 transactos

525 1260 641 1315 annos,
671 1238 802 1301 demum
833 1234 1020 1300 Londinum
1052 1256 1212 1298 reversum
1241 1235 1332 1298 Artis
1365 1234 1517 1299 exercitio
1548 1230 1630 1297 serio

528 1340 710 1403 incubuisse
719 1364 729 1417 ;
769 1339 854 1421 quod
883 1360 959 1402 cum
988 1338 1116 1402 intento
1149 1336 1323 1400 admodum
1356 1337 1449 1400 oculo
1478 1336 1630 1418 omnique

525 1442 673 1505 adbibita
698 1440 865 1524 diligentia
887 1440 1083 1523 aliquamdiu
1108 1439 1316 1517 observasset,
1340 1438 1376 1501 in
1400 1459 1473 1502 eam
1496 1437 1630 1503 tandem

529 1545 686 1608 deductus
702 1551 751 1608 est
766 1544 970 1621 sententiam,
986 1545 1095 1627 (qnam
1110 1550 1143 1606 et
1155 1548 1261 1605 aetate
1274 1541 1452 1623 provectior
1461 1541 1629 1605 inconeus-

523 1670 596 1711 sam
614 1648 768 1729 retinuit)
788 1653 809 1682 “
820 1648 904 1711 hauc
920 1648 1035 1711 Artem
1054 1645 1142 1709 haud
1164 1643 1284 1707 rectius
1306 1640 1547 1726 perdiscendam
1561 1663 1630 1707 esse

522 1772 625 1833 quem
639 1751 740 1834 ipsius
756 1750 845 1815 Artis
864 1749 1015 1814 exercitio
1030 1755 1063 1812 et
1077 1747 1173 1811 usu.”
1219 1746 1312 1811 Quae
1327 1745 1457 1828 quidem
1470 1744 1568 1809 verba
1580 1745 1630 1807 lu-

526 1854 747 1917 culentissime
770 1852 910 1934 probant
935 1874 989 1916 me
1018 1872 1148 1915 sensum
1172 1834 1389 1932 responsionis
1413 1848 1474 1911 D¹¹⁰
1496 1846 1630 1912 Doctori

527 1956 721 2021 Blackmore
737 1954 932 2018 dataerecte
946 1954 1135 2037 percepisse.

569 2058 629 2140 [8.]
650 2058 782 2121 Poterat
791 2078 918 2140 quoque
925 2056 1020 2120 istius
1030 2054 1263 2120 criminationis
1274 2054 1397 2119 falsitas
1407 2052 1483 2117 inde
1492 2050 1629 2137 probari,

527 2160 615 2244 quod
628 2159 866 2244 Sydenhamius
877 2159 912 2221 in
922 2159 988 2223 suis
1001 2158 1127 2241 seriptis
1136 2158 1314 2221 mrdtorum
1325 2163 1359 2221 et
1370 2156 1421 2220 sui
1431 2154 1585 2241 temporis
1597 2160 1631 2219 et

527 2262 640 2345 prioris
656 2262 771 2326 aetatis
787 2261 994 2326 Medicorum
1011 2261 1111 2324 libros
1125 2260 1305 2336 adduxerit,
1322 2279 1499 2344 eorumque
1513 2255 1631 2343 placita

528 2386 584 2427 sua
598 2364 698 2447 ipsius
714 2363 912 2447 experientia
926 2370 983 2427 aut
997 2362 1194 2440 refutaverit,
1204 2368 1261 2426 aut
1277 2361 1524 2426 confirmaverit.
1564 2359 1631 2424 Sed

526 2467 608 2531 falsa
622 2467 678 2531 illa
692 2465 801 2549 opinio
816 2464 856 2529 ab
871 2465 910 2529 iis
925 2464 1128 2548 potissimum
1144 2463 1326 2546 excogitata
1343 2468 1440 2546 atque
1454 2468 1631 2546 propagata

528 2590 606 2647 esse,
623 2576 656 2632 et
670 2568 777 2632 adhuc
796 2566 913 2631 aeriter
928 2566 1067 2643 defendi,
1083 2564 1219 2643 videtm,
1235 2565 1291 2648 qui
1306 2584 1383 2628 suae
1397 2564 1544 2647 ignaviae
1556 2584 1629 2647 pro·

528 2670 668 2735 babilem
694 2670 835 2753 aliquam
860 2674 1022 2751 quaeruut
1051 2666 1310 2731 exeusationem:
1347 2666 1375 2730 si
1404 2666 1502 2745 enim,
1525 2665 1630 2743 aiunt,

530 2773 770 2857 Sydenhamius
786 2772 877 2837 Artis
898 2792 961 2834 usu
983 2776 1016 2833 et
1038 2770 1231 2853 scriptorum
1252 2770 1414 2835 editorum
1435 2767 1631 2853 praestantia

527 2877 597 2940 sine
620 2876 749 2959 praevio
774 2871 959 2939 Medicinae
980 2872 1087 2937 studio
1109 2878 1259 2937 weurato
1280 2871 1421 2936 nominis
1441 2867 1630 2934 immortali·

527 2984 630 3041 tatem
644 2977 773 3055 meruit,
789 2975 843 3040 alii
859 2996 988 3060 quoque
1006 2974 1144 3039 eandem
1158 2974 1243 3038 viam
1258 2974 1373 3038 eodem
1391 2994 1467 3037 eum
1481 2991 1631 3036 successu

450 3084 453 3091 ’
528 3080 659 3162 ingredi
673 3085 837 3163 poterunt.
1106 3110 1110 3115 ’

376 3200 486 3247 Manem
578 3180 642 3267 [9.]
666 3182 784 3264 Neque
803 3180 973 3245 discendae
987 3180 1077 3245 Artis
1099 3179 1249 3243 Medieae
1271 3178 1513 3261 opportunitate
1533 3198 1631 3260 quam

376 3265 490 3376 iffi]
530 3283 694 3347 Oxonium
724 3281 950 3365 suppeditabat
977 3288 1151 3346 contentus
1179 3281 1252 3358 fuit,
1276 3280 1334 3343 sed
1361 3280 1470 3361 (Petro
1495 3278 1632 3342 Deseult

377 3394 422 3441 uit.
449 3344 464 3391 p
529 3383 648 3466 teste‘‚)
667 3384 818 3449 Mentem
841 3384 1064 3461 Pessulanum,
1080 3383 1137 3447 ubi
1154 3390 1235 3447 tune
1251 3382 1404 3465 temporis
1426 3379 1633 3445 celeberrima

523 3493 564 3558 ,et
594 3486 732 3551 maxime
760 3488 966 3570 frequentata
991 3486 1108 3550 Schola
1136 3484 1267 3550 Medica
1295 3484 1440 3563 florebat,
1465 3482 1568 3567 petiit,
1593 3489 1633 3546 ut

531 3590 649 3654 Oxonii
664 3590 833 3655 collectum
851 3589 1013 3653 scientiae
1030 3589 1181 3654 Medieee
1200 3588 1390 3653 thesauram
1408 3587 1512 3671 magis
1526 3586 1632 3650 adhue

528 3693 752 3775 locupletaret.
798 3691 890 3757 Adeo
904 3692 1001 3775 longe
1019 3692 1131 3756 aberat
1147 3691 1386 3776 Sydenhamius
1402 3691 1442 3756 ab
1457 3689 1547 3755 omui
1561 3710 1632 3752 aea·

532 3796 673 3860 demicae
696 3794 910 3859 iustitutionis
936 3799 1135 3878 contemptu,
1159 3800 1257 3877 atque
1280 3815 1302 3857 a
1322 3814 1406 3857 vana
1427 3791 1634 3876 persuasione

532 3896 695 3961 Medicam
720 3898 837 3961 Artem
860 3918 927 3960 non
953 3896 1017 3960 nisi
1039 3917 1097 3980 per
1122 3897 1352 3980 experimenta,
1374 3916 1457 3979 quae
1479 3914 1633 3979 maguam

531 4006 658 4083 partem
673 4021 748 4063 cum
764 3998 922 4079 sanitatis,
938 3999 1018 4083 quin
1032 3999 1116 4063 vitae
1131 3999 1211 4064 adeo
1226 3998 1438 4082 plurimorum
1452 3997 1632 4075 hominum,

533 4102 652 4165 damno
668 4102 896 4181 instituuntur,
912 4102 992 4167 disci
1006 4102 1118 4186 pessel

379 4230 436 4277 lua
447 4229 476 4275 de
580 4204 663 4289 [10.]
684 4206 817 4269 Praeter
827 4204 906 4269 haee
919 4226 1001 4289 quae
1014 4204 1093 4267 falso
1105 4202 1145 4266 de
1161 4201 1378 4286 Sydenhamio
1393 4223 1413 4265 a
1427 4202 1549 4267 coaevis
1559 4221 1633 4265 nar·

379 4292 518 4406 Sld‘ffio
529 4316 603 4373 rata
617 4316 705 4389 sunt,
720 4308 802 4373 illud
817 4329 954 4393 quoque,
972 4305 1227 4391 Sydenhemium
1250 4305 1412 4370 tricesimo
1435 4306 1567 4370 demum
1581 4324 1633 4367 ae-

378 4376 439 4472 llll.
450 4374 487 4471 ie·
531 4414 608 4478 tatis
620 4436 706 4477 anno
717 4416 808 4479 Artis
823 4414 1011 4479 exercitium
1022 4418 1160 4475 tractare
1174 4411 1324 4496 coepisse,
1341 4412 1484 4495 quamvis
1495 4411 1574 4487 leve,
1584 4416 1634 4472 ta·

378 4489 479 4537 “¹¹⁸⁰''
532 4537 608 4579 men
623 4536 698 4579 eum
713 4518 841 4581 veritati
859 4516 1056 4583 contrarium
1071 4515 1123 4594 sit,
1138 4514 1266 4579 silentio
1280 4511 1494 4598 praetermitti
1509 4509 1633 4593 nequit.

534 4620 626 4682 Haec
642 4624 753 4681 autem
768 4618 876 4701 opinio
892 4642 984 4683 suam
999 4618 1158 4700 originem
1169 4616 1253 4681 male
1267 4615 1433 4679 intellecto
1443 4613 1513 4677 loeo
1528 4611 1634 4691 debet,

565 4796 573 4829 ¹
595 4801 697 4847 Treotise
719 4816 746 4845 on
770 4802 806 4845 llic
835 4798 943 4845 l'cnereol
963 4798 1064 4843 Distem·
1107 4798 1166 4842 John
1183 4795 1362 4850 Andree,M.D.
1377 4791 1634 4849 London,1788.8vo.

400 4863 403 4869 ’
529 4882 572 4927 prr
587 4866 626 4928 dr.
642 4866 771 4913 translated
783 4861 846 4923 stom
869 4866 905 4909 lte
926 4862 1015 4909 Frencb
1034 4862 1063 4920 by
1107 4876 1130 4921 p.
1143 4860 1198 4907 296.
