3825 5759
539 658 840 724 DISSERTA'PIO
863 661 1170 727 EPISTULARIS.
1342 664 1407 726 403

444 823 537 891 Coquc
554 838 639 892 aquae
654 821 778 875 fontanae
796 820 870 875 libris
888 829 1001 891 quatuor
1015 819 1051 875 ad
1068 821 1148 874 libras
1164 820 1240 888 duas,
1258 822 1307 875 sub
1325 822 1404 875 linem
1436 834 1478 881 Dr
1491 834 1542 882 Aa.

444 906 569 961 addendo
1419 898 1559 946 reculis-

566 995 681 1048 Corticis
692 994 871 1049 Granatorum
883 996 987 1049 contusi
998 996 1106 1050 uncimn
1117 1012 1210 1060 unam,
1419 976 1560 1044 Q

567 1080 697 1135 Rosarum
710 1080 870 1145 Bubrarum,

566 1165 674 1220 Florum
687 1166 876 1230 Granatomm,
887 1184 940 1221 ana
950 1167 1099 1237 manipulos
1110 1166 1187 1232 duos,

568 1251 665 1306 deinde
682 1252 751 1307 adde
761 1252 825 1305 Vini
841 1252 926 1307 Rubri
937 1252 1034 1306 libram
1046 1252 1200 1317 dimidiam

443 1340 570 1393 colatura
579 1338 615 1392 sit
631 1338 755 1409 prolotu,
767 1339 886 1407 quicum
899 1338 995 1407 pannis
1010 1337 1094 1391 laneis
1111 1338 1181 1406 parti
1192 1337 1301 1391 adactae
1313 1337 1406 1391 admo·

443 1432 534 1477 ceatur
555 1426 634 1478 mane
653 1424 725 1477 horis
743 1422 846 1477 duabus
863 1432 1007 1491 autequam
1023 1439 1039 1475 e
1054 1422 1122 1475 lecto
1138 1431 1269 1492 assurgat,
1286 1432 1314 1477 et
1328 1428 1406 1479 noete

444 1518 503 1589 post
516 1508 678 1573 decubitum,
690 1508 774 1563 donec
786 1516 967 1579 symptomata
977 1508 1084 1579 penitus
1094 1509 1261 1561 evanuerint.-

305 1669 369 1733 Sed
387 1668 427 1734 de
441 1669 492 1733 his
506 1670 578 1753 plus
594 1669 681 1734 satia.

349 1858 453 1944 [loo]
483 1860 594 1926 Habes
609 1860 754 1947 tandem,
769 1858 1014 1925 Humanissime
1027 1860 1098 1939 Vir,
1114 1880 1226 1924 eorum
1245 1880 1405 1924 summam
1419 1875 1541 1925 coactu-

300 1982 382 2044 quae
407 1983 427 2025 e.
451 1983 505 2027 me
529 1963 565 2026 in
590 1962 724 2046 hujusce
749 1962 855 2027 morbi
881 1962 945 2026 sive
969 1962 1114 2041 historia,
1139 1963 1205 2027 sive
1227 1962 1404 2043 curatione,
1418 1954 1469 1990 ¹¹⁰·

299 2067 456 2133 hactenus
475 2069 596 2134 fuerint
611 2069 787 2135 observata.
833 2071 959 2149 Restat,
980 2076 1028 2149 ut,
1048 2071 1077 2134 si
1096 2070 1175 2153 quid
1192 2070 1277 2136 forte
1295 2093 1405 2155 pecca-

299 2168 409 2249 verim,
424 2171 487 2235 iata
500 2172 607 2235 minus
623 2194 719 2255 quam
734 2172 877 2257 oportuit
900 2179 1049 2237 accurate
1068 2172 1262 2252 describens,
1277 2174 1406 2238 veniam

300 2292 320 2334 a
342 2271 387 2335 'Pe
412 2280 540 2355 petam,
563 2281 635 2338 tum
653 2280 690 2337 ut
712 2274 850 2358 opellam
871 2274 967 2353 hanc,
990 2296 1028 2338 eo
1050 2275 1160 2339 animo
1182 2282 1346 2339 exaratam
1366 2284 1405 2340 ut

300 2373 420 2456 gratias
444 2374 517 2439 'libi
539 2376 702 2454 referrem,
732 2375 830 2459 (quod
856 2376 919 2439 alia
946 2383 1059 2440 nostra
1087 2377 1268 2457 conamina,
1299 2378 1406 2461 qualia

300 2476 408 2557 qualia
429 2475 485 2540 illa
507 2476 639 2556 fircrint,
666 2478 736 2541 'luo
766 2478 888 2542 calculo
916 2477 1053 2562 probare
1077 2477 1167 2542 haud
1196 2479 1402 2563 dedigneris,)

299 2578 394 2661 aequi
409 2578 551 2663 bonique
576 2580 734 2643 consulas.
781 2578 873 2645 Quae
893 2580 1024 2663 quidem
1050 2580 1225 2663 gratrrlatio
1250 2582 1332 2644 mihi
1357 2581 1405 2645 ita

298 2698 371 2742 raro
396 2678 536 2758 obvenit,
551 2686 590 2743 ut
610 2680 661 2743 vel
683 2680 766 2743 nihil
785 2701 915 2764 prorsus
936 2680 977 2743 ab
998 2679 1186 2744 bominibus
1201 2681 1263 2743 sim
1276 2702 1403 2765 prome-

298 2781 391 2860 ritus,
406 2780 457 2845 vel
471 2781 600 2846 candidi
614 2781 812 2865 ingenuique
831 2782 887 2844 isti
906 2802 985 2864 quos
1006 2802 1045 2843 ea
1065 2782 1185 2844 mentis
1204 2783 1404 2865 praestantia

298 2882 428 2948 Natura
442 2884 566 2949 effinxit
580 2891 619 2949 ut
635 2885 720 2968 grati
733 2905 802 2948 esse
816 2884 937 2962 norint,
952 2884 1105 2967 perpauci
1119 2892 1197 2947 sunt
1207 2910 1263 2962 3—

493 3060 608 3096 ——“
616 3058 659 3105 aix
670 3058 779 3115 totidem,
791 3063 850 3120 quot

397 3140 413 3165 ‘⁸
425 3136 564 3186 'l'bebarum
575 3144 667 3203 portae,
677 3138 718 3187 vel
729 3137 812 3186 divitis
823 3137 885 3185 ostia
897 3136 975 3185 Nili.”
1011 3135 1113 3199 [Juven.
1124 3139 1174 3186 Set.
1186 3136 1237 3186 xiii.
1249 3136 1304 3199 ld]

299 3283 374 3350 Quo
399 3304 467 3348 non
492 3282 643 3349 obstante
672 3304 771 3369 pergo
795 3282 911 3362 adhuc,
934 3276 1000 3347 imo
1027 3289 1060 3346 et
1089 3304 1232 3366 pergam,
1258 3282 1294 3345 in
1318 3281 1401 3345 edis-

298 3384 401 3449 cenda
428 3386 708 3470 promovendaqua
738 3384 843 3469 quoad
865 3392 979 3468 potero
1003 3385 1158 3449 methodo
1185 3384 1402 3449 curandorum

298 3486 494 3567 morborum,
517 3494 613 3571 atque
635 3488 675 3551 iis
702 3487 757 3571 qui
780 3508 832 3551 me
855 3486 965 3551 minus
988 3486 1023 3550 in
1042 3488 1134 3571 praxi
1148 3487 1257 3551 valent
1283 3487 1322 3569 (si
1345 3487 1402 3570 qui

299 3598 376 3656 sunt
390 3594 569 3677 ejusmodi)
587 3591 795 3657 instruendis.
840 3592 960 3656 Famae
974 3613 1065 3656 meae
1081 3591 1215 3656 interim
1232 3591 1402 3655 arbitrium

298 3713 397 3777 penes
419 3695 497 3759 elios
516 3696 575 3759 sit:
599 3716 701 3778 aequa
722 3695 811 3759 enim
829 3694 922 3759 lance
944 3701 978 3759 et
999 3694 1184 3778 scrupulose
1206 3694 1401 3779 expendens,

298 3796 487 3862 hominesue
509 3798 621 3881 juvare
646 3804 797 3881 praestet,
827 3804 885 3861 aut
909 3798 949 3862 ab
978 3797 1094 3861 iisdem
1122 3796 1288 3876 celebrari,
1311 3798 1402 3881 prius

298 3896 379 3961 illud
396 3898 649 3983 praeponderare
671 3884 840 3983 comperio,
856 3906 890 3963 et
909 3898 1042 3963 maximi
1056 3921 1134 3963 sane
1156 3898 1314 3963 momenti
1333 3920 1401 3964 esse

298 4001 341 4065 ad
369 4002 469 4066 animi
498 4002 786 4085 tranquillitatem
810 4002 931 4066 famam
960 4023 1034 4066 vero
1059 4002 1233 4085 populique
1261 4002 1401 4065 halitum

298 4102 410 4185 pluma
422 4104 574 4168 leviorem
592 4110 650 4169 aut
670 4103 769 4183 bulla,
786 4110 884 4187 atque
903 4103 1021 4167 umbra
1042 4104 1197 4167 insomnii
1211 4104 1315 4185 magis
1330 4124 1401 4167 eva-

298 4204 423 4268 nidum.
469 4204 566 4272 Quod
588 4206 616 4269 si
638 4226 714 4289 opes
738 4204 895 4289 ejusmodi
918 4203 1060 4267 nominis
1081 4203 1269 4267 celebritate
1289 4210 1401 4285 partae

297 4306 402 4389 majus
417 4305 546 4390 aliquod
559 4306 686 4390 pondus
700 4305 819 4371 habere
832 4306 1012 4384 videantur,
1027 4305 1179 4369 fruantur
1198 4305 1262 4367 illis
1276 4325 1335 4386 per
1348 4325 1401 4367 me

297 4406 382 4486 licet,
398 4408 453 4491 qui
464 4408 533 4493 jam
552 4408 762 4473 eomaserint:
784 4407 993 4471 meminerint
1012 4414 1124 4471 temen
1141 4406 1401 4470 mechanicorum

297 4510 479 4589 nonnullos,
510 4518 595 4575 artes
617 4511 666 4575 vel
697 4508 929 4574 sordidissimas
960 4508 1188 4585 exercentium,
1218 4507 1401 4571 uberiorem

298 4612 441 4693 quotidie
464 4619 634 4695 quaestum
656 4612 769 4690 facere,
792 4618 825 4676 et
848 4610 1004 4694 mojorem
1028 4609 1098 4673 auri
1121 4609 1313 4693 argentique
1335 4609 1401 4673 vim

296 4714 432 4795 posteris
447 4714 572 4797 legare,
595 4736 701 4798 neque
715 4722 825 4778 tamen
840 4714 876 4776 in
894 4712 956 4776 hoc
974 4711 1080 4776 brutis
1099 4710 1291 4776 animalibus
1307 4733 1400 4795 supe-

297 4814 396 4879 riores
411 4816 555 4896 evadere,
572 4818 627 4899 qui
638 4817 698 4881 sibi
714 4815 841 4901 suisque
856 4835 914 4900 pro
926 4836 985 4878 sua
996 4814 1105 4879 indole
1113 4814 1335 4899 prospiciunt;
1358 4823 1400 4892 et,
