3825 5759
500 631 567 696 496
813 623 1011 691 ΤΗΟΜΔΕ
1034 624 1295 691 smmum

348 792 568 871 DsNovsnbit5
594 812 670 857 (tum
691 790 780 855 enim
800 787 953 873 poculum
974 794 1064 853 rech
1083 788 1172 851 linea
1191 789 1242 852 ori
1261 788 1432 853 “imm
1451 796 1607 873 nequent,

349 868 484 981 liwir
501 897 641 962 deducta
661 916 682 959 a
702 914 830 977 spasmo
851 913 964 969 manu,
977 891 1044 955 huc
1060 891 1139 954 illuc
1158 890 1348 973 aliquandiu
1367 900 1484 969 mut,
1501 892 1609 956 douec

348 999 634 1065 *tndem
659 998 742 1062 sorte
764 996 898 1061 fortuna
921 994 1005 1057 illud
1025 992 1125 1057 labris
1148 994 1281 1077 propius
1305 1016 1481 1078 apponens,
1501 994 1606 1077 liquo-

499 1124 570 1169 rem
599 1102 774 1185 derepente
796 1100 833 1163 in
857 1121 894 1163 os
918 1098 1035 1182 injicit,
1060 1106 1159 1179 atque
1184 1096 1278 1160 avide
1301 1096 1422 1175 haurit,
1447 1104 1606 1179 tanquam

500 1198 1606 1283 misellusidtautumsgcretutdeditaoperaspectantrbus

500 1305 602 1371 risum
630 1310 783 1367 moveret.
828 1302 913 1366 Cum
942 1302 1078 1366 affectus
1106 1302 1169 1365 iste
1197 1301 1239 1365 ab
1267 1303 1404 1367 humore
1432 1304 1541 1386 aliquo
1566 1304 1605 1367 in

500 1408 773 1485 nervosjrruente
788 1426 926 1489 quorum
945 1404 1126 1468 irritatione
1144 1403 1328 1469 istiusmodi
1341 1410 1450 1468 motus
1463 1412 1604 1487 praeter-

500 1509 666 1573 naturaies
682 1506 915 1593 producuntur,
930 1504 1073 1589 pendere
1089 1506 1172 1569 mihi
1189 1506 1371 1585 viduetur5
1391 1506 1605 1571 iudicetioues

501 1614 661 1679 curativas
674 1612 817 1695 primum
834 1609 876 1673 ad
890 1609 1043 1673 humores
1059 1609 1132 1673 illos
1144 1615 1214 1673 tam
1230 1609 1489 1674 venae-sectione
1507 1631 1606 1693 quam

500 1716 693 1801 purgatione
714 1712 917 1790 minuendos,
940 1711 1018 1776 dein
1042 1712 1085 1776 ad
1106 1713 1379 1777 corroborandum
1402 1733 1508 1796 genus
1530 1732 1605 1776 ner·

376 1838 414 1887 'us
424 1853 467 1887 eu-
501 1842 624 1899 vosum,
639 1820 773 1885 omuino
796 1816 981 1901 dirigendm
1004 1817 1186 1881 censebam.
1230 1817 1340 1882 Quem
1360 1817 1399 1881 in
1419 1818 1520 1881 tinem
1543 1816 1606 1881 hac

387 1903 417 1951 ἀ
501 1928 577 1987 utor
596 1921 767 1987 methodo:
796 1920 998 2003 Sanguinem
1018 1940 1060 1985 ex
1075 1920 1164 2003 aegri
1185 1919 1318 1985 bruchio
1339 1919 1381 1984 ad
1399 1920 1514 1984 uncias
1534 1941 1605 2002 scp-

501 2036 580 2105 tem,
603 2026 678 2109 plus
702 2024 752 2089 vel
776 2024 885 2089 minus
908 2044 968 2107 pro
989 2024 1116 2087 ratione
1141 2024 1268 2101 aetatis,
1291 2022 1386 2087 educi
1407 2022 1526 2107 jubeo;
1552 2022 1608 2087 die

501 2136 656 2213 sequente
681 2129 733 2192 vel
756 2126 923 2190 dimidiam
951 2132 1080 2209 purtem
1107 2127 1159 2190 vel
1187 2126 1342 2210 quiddam
1370 2126 1509 2209 amplius
1535 2127 1608 2209 (pro

500 2232 626 2295 ratione
649 2230 700 2294 vel
722 2228 848 2307 aetatis,
862 2228 914 2291 vel
936 2229 1036 2293 etiam
1056 2230 1188 2313 majoris
1208 2229 1382 2294 minorisve
1403 2229 1544 2312 corporis
1564 2228 1609 2292 ad

502 2332 704 2399 subeundam
727 2330 891 2396 eatharsin
921 2331 1127 2415 aptitudine,)
1154 2333 1294 2416 potionis
1321 2332 1493 2416 purgantis
1521 2352 1608 2396 com·

501 2437 610 2503 munis
632 2445 745 2521 supra¹
769 2434 947 2518 descriptae
972 2436 1024 2516 (ex
1043 2435 1245 2514 tamasindis,
1266 2435 1351 2499 foliis
1372 2455 1503 2513 sennae,
1517 2436 1607 2515 etc‚)

501 2540 638 2607 exhibeo
646 2566 656 2620 ;
679 2538 804 2625 vesperi
816 2538 1008 2603 haustulum
1022 2544 1212 2621 sequentem
1226 2538 1363 2623 propino
1371 2563 1426 2603 :-

503 2684 603 2751 [ΡΜ.
619 2688 708 2755 108.]1
731 2680 763 2763 Ρ,
782 2684 876 2753 Aquae
888 2682 1047 2735 Cerasorum
1058 2681 1204 2751 Nigrorum
1216 2682 1324 2735 unciam
1335 2698 1428 2745 unam,

782 2772 875 2841 Aquae
888 2769 1055 2840 Epilepticse
1067 2768 1166 2839 langii
1177 2767 1316 2822 drachmas
1327 2776 1389 2833 tres,

783 2856 929 2911 Theriacae
943 2854 1122 2910 Andromachi
1132 2856 1228 2909 veteris
1238 2854 1391 2926 scrupulum
1402 2872 1497 2919 uuum,

784 2943 909 2999 leuduni
922 2941 1031 3014 Liquidi
1042 2950 1133 3015 guttas
1144 2950 1219 3005 octo;

644 3032 706 3087 Fiat
716 3032 835 3087 haustus

550 3153 633 3240 [20]
661 3154 834 3220 Potiouem
856 3155 952 3219 istum
975 3152 1186 3219 catharticum
1208 3151 1251 3215 ad
1274 3158 1341 3217 tres
1365 3152 1450 3217 vices
1472 3152 1608 3218 alternis

502 3256 616 3323 diebus
637 3257 849 3339 repetendam
869 3255 1061 3340 praescribo,
1079 3261 1113 3319 et
1135 3255 1289 3319 haustum
1306 3257 1529 3340 paregoricum
1550 3259 1606 3321 iis-

502 3359 576 3425 dem
596 3358 756 3423 noctibus.
802 3359 918 3423 Postea
933 3358 1125 3441 sauguinem
1137 3378 1250 3421 rursus
1267 3359 1392 3423 extrahi
1410 3380 1507 3438 curo3
1529 3360 1607 3425 dein

501 3468 539 3525 ut
554 3461 596 3525 ad
610 3461 784 3538 catharsiu,
799 3460 849 3524 uti
863 3460 963 3545 prius,
978 3480 1074 3543 aeger
1091 3467 1282 3525 revertatur.
1325 3462 1435 3545 Atque
1448 3463 1496 3526 ita
1509 3462 1606 3527 alter-

500 3563 605 3627 natim
620 3563 813 3645 sanguinem
827 3563 933 3641 mitto,
949 3569 983 3627 et
1003 3562 1148 3629 subduco
1166 3564 1285 3643 alvum,
1297 3564 1399 3629 donec
1413 3586 1509 3649 aegro
1522 3587 1607 3632 vena

501 3672 552 3730 ter
576 3670 727 3748 quaterve
752 3664 851 3729 fauerit
875 3665 987 3743 incisa,
1010 3672 1140 3749 etpost
1163 3666 1307 3749 singulus
1331 3669 1606 3733 venae-sectiones

500 3766 597 3831 toties
620 3766 718 3831 fuerit
741 3773 899 3850 purgatus
925 3768 1050 3851 quoties
1074 3769 1157 3833 vires
1180 3769 1265 3834 ferre
1287 3790 1380 3853 posse
1400 3770 1604 3849 viderentur3

501 3890 540 3933 eo
565 3876 677 3933 tamen
701 3870 856 3953 temporis
880 3870 985 3953 spatio
1009 3870 1095 3934 inter
1120 3872 1260 3936 alternas
1285 3872 1507 3937 evacuationes
1532 3872 1605 3937 dili·

502 3978 617 4055 genter
646 3970 822 4052 observato,
852 3978 891 4037 ut
919 3972 1003 4037 nihil
1030 3973 1107 4037 inde
1135 3974 1270 4058 periurii
1300 3996 1397 4059 aegro
1424 3976 1604 4040 immincat.

502 4074 626 4141 Diebus
639 4096 660 4141 a
673 4074 866 4161 purgatione
880 4076 989 4141 vacuis
1004 4077 1172 4161 sequentia
1183 4078 1366 4161 praescribo
1378 4104 1432 4142 :—

503 4230 603 4294 [Form.
619 4228 709 4294 lomi
731 4228 762 4309 R
782 4232 931 4287 Conaervae
942 4232 1076 4287 Absinthii
1088 4232 1213 4298 Romani,

785 4320 959 4386 [Conservae]
969 4319 1120 4374 Havedinis
1126 4320 1326 4386 Aurautiorum,
1335 4339 1388 4376 aua
1398 4325 1506 4378 nnciam
1513 4340 1606 4389 unam,

783 4406 931 4463 Conservae
943 4407 1047 4461 Anthos
1058 4407 1240 4471 semiunciam,

783 4494 928 4549 'lheriscae
939 4493 1120 4549 Andromachi
1130 4494 1235 4556 vetem,

784 4580 869 4635 Nucis
881 4580 1037 4635 Moschutae
1050 4580 1190 4648 conditae,
1202 4598 1255 4637 una
1266 4580 1405 4636 drachmas
1416 4590 1478 4646 tres,

784 4666 936 4722 Zinzibeiis
948 4667 1057 4722 Conditi
1069 4666 1223 4724 drachmam
1235 4685 1325 4733 unam,

567 4821 581 4848 ¹
600 4814 636 4864 Cf.
649 4814 745 4865 sonum.
758 4820 781 4875 8,
793 4820 832 4876 24,
845 4819 889 4867 &u
1225 4832 1239 4870 5
1256 4823 1294 4872 ct.
1305 4823 1400 4871 iormua
1414 4822 1471 4878 181,
1483 4824 1538 4870 182
