3825 5759
578 1871 897 1964 EDITORIS
948 1868 1274 1959 MONITUM.
1338 1901 1341 1906 >
1430 1923 1438 1943 .

848 2132 1006 2173 -4—

390 2410 396 2417 ,
422 2321 555 2429 QUID
572 2335 609 2404 in
630 2334 692 2407 hac
713 2355 796 2405 nova
810 2334 952 2399 Thomre
970 2332 1155 2418 Sydenharn
1171 2330 1315 2418 Operum
1335 2331 1478 2399 editione

377 2450 564 2517 adornanda
585 2452 810 2553 praestiterim,
834 2472 955 2543 aequus
976 2450 1100 2534 judicet
1125 2450 1259 2529 Lecton
1286 2450 1364 2534 quid
1386 2440 1477 2534 prae·

379 2574 464 2633 stare
478 2570 643 2649 voluerim,
658 2570 712 2635 hic
726 2570 866 2634 breviter
881 2590 1050 2654 exponam.

423 2800 576 2884 Inprimis
592 2801 629 2864 in
647 2801 755 2865 animo
770 2810 839 2867 erut
857 2808 983 2867 textum
999 2801 1151 2867 exhibere
1170 2824 1190 2865 a
1209 2801 1345 2879 mendis,
1362 2801 1479 2884 quibus

379 2924 505 2981 scatent
530 2918 687 2982 editiones
710 2940 862 3002 nuperae,
888 2940 985 3001 quam
1011 2919 1102 3001 potui
1122 2918 1339 3003 purissimum.
1381 2916 1479 2981 Quod

380 3042 419 3098 ut
447 3036 615 3115 efficerem,
641 3036 683 3100 ad
712 3036 863 3118 antiquas
893 3042 926 3098 et
956 3036 1115 3117 genuinas
1145 3031 1384 3097 ascendendum
1410 3038 1480 3097 erat

381 3152 545 3231 editiones,
569 3174 641 3216 esm
666 3153 836 3236 praecipue
863 3172 960 3235 quam
986 3151 1142 3235 cujusque
1163 3150 1333 3214 d'ractntru
1357 3155 1479 3233 postre-

380 3289 467 3332 mum
487 3270 611 3334 Auctor
631 3269 737 3334 adhuc
757 3270 848 3334 vivus
869 3271 1051 3348 recensuit3
1074 3290 1180 3352 neque
1202 3266 1243 3331 ab
1265 3267 1316 3331 his
1334 3289 1480 3351 unquam

380 3389 483 3454 sciens
497 3391 623 3469 recessi,
634 3391 697 3454 nisi
712 3391 740 3454 si
755 3390 884 3474 quando
899 3390 1111 3455 manifestum
1126 3396 1309 3455 occurreret
1323 3390 1480 3454 mendum

379 3507 658 3591 typographicam,
673 3508 724 3571 vel
741 3508 915 3572 memoriae
934 3508 1029 3592 lapsu
1047 3509 1116 3591 ipse
1136 3508 1330 3591 peccavisset
1344 3507 1479 3571 Auctor.

382 3625 474 3689 Sicut
493 3632 604 3689 tumen
618 3626 743 3690 Auctor
758 3626 962 3689 Clarissimus
984 3626 1121 3691 eandem
1138 3645 1247 3689 vocem
1266 3646 1335 3689 non
1355 3646 1480 3709 semper

380 3741 495 3805 eodem
525 3742 621 3807 modo
650 3742 786 3826 scripsit,
817 3744 862 3807 aio
891 3744 960 3828 ipse
988 3744 1124 3807 fortasse
1153 3763 1220 3807 non
1250 3742 1371 3827 ubique
1399 3742 1480 3806 mihi

382 3859 563 3923 constitisse
581 3860 745 3935 inveniam
768 3861 886 3943 inquo
909 3861 935 3924 si
958 3860 1157 3942 deliquerim,
1172 3860 1279 3923 flandi
1298 3859 1361 3923 fuit
1381 3859 1480 3923 editio

382 3993 493 4038 recena
513 3974 706 4041 Germanica
726 3998 823 4061 quam
840 3977 1041 4062 typographo
1058 3978 1177 4043 madidi
1199 3979 1235 4042 in
1252 3998 1378 4055 manus,
1397 3999 1480 4061 quae

384 4099 507 4156 sextum
521 4092 588 4159 sere
602 4100 726 4177 partem
740 4093 966 4159 vocabulorum
981 4097 1074 4160 aliter
1088 4104 1186 4180 atque
1201 4096 1241 4160 ab
1256 4096 1326 4179 ipso
1336 4096 1479 4160 Auctore

382 4210 532 4294 scriptam
546 4211 715 4277 referebat.

425 4442 539 4506 Textui
553 4443 664 4510 breves
676 4446 956 4511 adnotatiunculas
972 4445 1103 4528 subjeci,
1116 4466 1251 4529 quarum
1263 4443 1343 4508 aliae
1355 4444 1479 4528 Syden·

380 4560 525 4624 hamium
548 4584 567 4625 a
588 4584 622 4627 se
644 4564 713 4647 ipso
731 4564 902 4642 illustrare,
924 4563 1005 4626 aliae
1024 4583 1117 4626 voces
1139 4571 1196 4628 aut
1215 4564 1346 4647 phrases
1369 4562 1479 4626 diffici-

381 4677 475 4740 liores
497 4686 554 4743 ant
572 4681 790 4745 inusitatiores
816 4682 996 4763 explanare,
1019 4687 1197 4759 conantur;
1235 4685 1269 4742 et
1291 4697 1370 4757 quas
1392 4678 1480 4739 haud

381 4792 513 4857 omniuo
527 4796 645 4859 otiosas
660 4802 717 4860 aut
731 4796 863 4859 inutiles
878 4797 1005 4859 futuras
1021 4814 1122 4875 spero.
