3825 5759
533 660 830 726 DISSERTATIO
854 663 1160 727 EPISTOLARIS.
1337 665 1400 726 395

301 841 375 883 cum
392 820 527 885 aliorum
541 842 693 907 persaepe
707 824 893 889 morborum
909 826 1048 908 speciem
1061 846 1138 908 prae
1153 846 1187 889 se
1201 824 1317 903 ferant,
1327 824 1400 887 Me·
1430 838 1474 885 Dr
1486 840 1538 887 Ar-

301 921 379 985 dicis
394 922 518 985 facilius
535 924 722 1007 imponitur,
735 948 832 1009 quam
847 926 887 991 ab
908 928 978 991 aliis
994 928 1190 1011 quibuslibet
1204 934 1398 1011 qvmptoma-

1414 916 1485 953 secr.
1498 905 1554 951 Hr-

1423 982 1544 1016 ararica,

300 1025 352 1102 tis,
370 1032 527 1107 quotquot
542 1048 676 1089 manum
690 1028 848 1091 medicam
863 1029 1057 1112 deposcunt:
1074 1030 1114 1093 de
1129 1051 1193 1113 quo
1206 1050 1309 1113 pauca
1323 1030 1398 1093 sub·
1412 1041 1565 1105 affl?

297 1126 446 1208 jungam.
469 1127 570 1191 Verbi
580 1129 692 1211 gratia,
704 1130 740 1193 in
749 1130 812 1193 ista
822 1129 1012 1213 Hystericae
1020 1132 1210 1196 Affectionis
1219 1133 1321 1215 specie
1329 1133 1399 1216 jam
1412 1123 1546 1234 {lfflffir

303 1227 336 1312 [ᾧ
347 1229 414 1312 67.]
425 1229 592 1313 descripta,
606 1252 687 1314 quae
696 1253 924 1316 paroxysmum
933 1235 1150 1317 nephriticum
1158 1234 1315 1312 imitatur,
1327 1236 1399 1318 quis
1413 1203 1488 1311 quim
1498 1252 1552 1299 aliis

301 1352 369 1393 non
388 1331 474 1395 videt
497 1341 619 1415 quanta
640 1334 682 1399 sit
703 1336 823 1418 paritas
845 1336 949 1399 morbi
968 1337 1136 1419 utriusque
1157 1344 1191 1400 et
1212 1338 1398 1417 similitudo,
1412 1316 1531 1441 {3232}

302 1440 373 1494 tum
389 1434 473 1515 quod
487 1456 560 1517 pars
576 1436 688 1499 eadem
702 1437 874 1520 utrobique
888 1438 1005 1515 doleat,
1020 1445 1092 1501 tum
1107 1438 1194 1520 quod
1212 1439 1247 1501 in
1262 1448 1399 1522 utroque
1413 1445 1535 1505 promatis

302 1534 420 1597 affectu
438 1537 647 1602 vomituriant
666 1560 800 1622 aegrae3
823 1561 898 1603 cum
916 1546 1028 1604 tamen
1042 1562 1062 1603 a
1076 1541 1179 1604 causis
1198 1541 1246 1604 ita
1264 1541 1304 1604 ab
1319 1541 1400 1605 invi-
1414 1522 1553 1649 ἔξζᾞζξξθ

301 1658 371 1700 cem
390 1638 588 1703 variantibus
609 1641 782 1723 pendeant,
805 1650 838 1707 et
860 1650 926 1706 tarn
950 1643 1066 1725 impari
1086 1643 1239 1707 methodo
1260 1643 1400 1713 debeant
1414 1666 1531 1713 paroxys-

302 1739 418 1817 sanari,
434 1748 472 1805 ut
488 1742 574 1825 quod
590 1742 626 1806 in
640 1743 701 1809 hoc
716 1744 832 1823 laedat,
847 1746 883 1808 in
897 1744 953 1809 illo
967 1746 1069 1828 juvet,
1085 1751 1117 1809 et
1136 1766 1155 1808 e
1169 1746 1325 1809 contras?
1365 1746 1400 1809 Si
1414 1730 1546 1841 ffiffim

301 1840 389 1903 enim
404 1842 469 1906 sive
484 1843 633 1923 calculus,
651 1846 716 1909 sive
731 1847 881 1911 arenulae
895 1868 1012 1911 renum
1030 1846 1245 1911 substantiam
1260 1854 1401 1911 atteren-
1414 1842 1525 1918 {miratur

301 1949 360 2021 tes,
374 1943 516 2009 dolorem
530 1944 682 2025 inferant,
693 1956 790 2031 atquc
805 1970 844 2013 er
858 1950 1001 2032 partium
1013 1970 1172 2013 consensu
1182 1949 1400 2027 vomitionem,
1411 1907 1555 2034 qqqrmmgq,

300 2044 382 2107 nihil
398 2067 498 2129 aeque
513 2047 670 2113 conducet
689 2070 725 2113 ac
744 2051 910 2134 praelarga
928 2058 962 2115 et
978 2052 1130 2135 frequens
1144 2072 1260 2116 causae
1273 2057 1401 2115 antece·
1414 2044 1557 2147 ffi‘ffi

301 2147 407 2211 dentis
428 2170 486 2232 per
506 2150 757 2233 phlebotomiam
779 2154 926 2232 revulsio,
944 2160 1018 2217 tum
1036 2162 1076 2217 ut
1096 2154 1273 2217 dilatentur
1291 2154 1401 2219 laxen-
1414 2164 1457 2211 illa
1468 2136 1549 2227 quae-

300 2256 418 2333 turque
439 2260 565 2316 meatus
586 2274 644 2337 per
666 2276 745 2337 quos
768 2256 909 2319 calculus
932 2256 1150 2320 excludendus
1170 2261 1229 2334 est,
1244 2256 1401 2320 enematis
1415 2228 1539 2351 {affirm

301 2352 538 2418 emollientibus
556 2376 785 2439 saepenumero
804 2358 959 2441 repetitis,
975 2359 1109 2441 aliisque
1125 2359 1195 2442 ejus
1210 2359 1337 2441 generis
1350 2380 1401 2423 re·

300 2456 415 2519 mediis
429 2456 566 2521 internis
575 2484 585 2536 3
608 2459 725 2542 quibus
743 2460 979 2524 medicamenta
993 2461 1151 2525 diuretica
1169 2468 1202 2525 et
1217 2461 1402 2544 lithontrip-

300 2556 366 2620 tica
380 2558 528 2623 addenda
542 2566 628 2624 sunt.
664 2562 684 2625 J
686 2583 739 2625 am
754 2562 781 2625 si
796 2562 882 2625 dicta
896 2570 1113 2645 symptomata
1127 2584 1147 2625 a
1160 2562 1283 2626 calculo
1297 2564 1402 2626 nulla·

300 2669 397 2725 tenus
412 2663 567 2742 oriantur,
583 2664 639 2728 sed
654 2686 674 2727 a
688 2664 852 2749 spiritibus
872 2665 1064 2729 animalibus
1082 2666 1185 2728 nimia
1202 2666 1293 2747 copia
1309 2686 1405 2729 renes

286 2760 541 2847 impetentibus,
561 2766 636 2848 (quo
650 2766 684 2829 in
700 2788 776 2829 casu
790 2768 976 2849 paregorica
988 2775 1119 2831 tantum
1135 2766 1332 2845 indicantur,
1343 2786 1404 2830 nec

301 2868 351 2931 vel
367 2888 510 2931 anemae
524 2868 707 2931 mitioribus
718 2876 790 2952 post
805 2870 924 2951 primas
940 2869 1164 2932 evacuationes
1179 2868 1249 2932 sine
1263 2869 1405 2951 periculo

300 2968 467 3052 injicitur)
485 2969 521 3032 in
539 2976 661 3052 quanto
680 2971 764 3035 vitae
784 2970 969 3035 discrimine
987 2978 1132 3034 versetur
1150 2970 1264 3034 infelix
1282 2970 1345 3034 ista
1364 2970 1406 3033 de

301 3072 394 3155 cujus
410 3071 479 3154 jam
499 3070 585 3135 corio
604 3071 737 3151 luditur,
756 3094 821 3136 non
842 3094 922 3156 opus
942 3080 992 3136 est
1013 3072 1128 3137 dicere.
1178 3071 1283 3155 [lca]
1311 3072 1406 3137 Idem

301 3180 408 3256 potest
419 3174 569 3237 affirmari
581 3174 621 3238 de
631 3175 762 3239 Affectu
772 3176 828 3239 illo
841 3172 1022 3259 Hysterico‚
1035 3175 1091 3257 qni
1102 3174 1235 3238 colicam
1246 3174 1404 3252 biliosum,
1417 3179 1558 3255 qolicambi·

301 3276 353 3339 vel
366 3274 493 3339 iliacam
507 3276 689 3359 passionem
704 3278 861 3341 simulat'.
910 3277 976 3341 Hic
986 3276 1044 3341 ubi
1054 3297 1112 3359 pro
1121 3296 1272 3340 concesso
1286 3275 1405 3339 habea·
1416 3244 1560 3357 iiffiffl

302 3384 367 3455 tur,
391 3377 542 3441 affectum
565 3379 665 3443 istum
691 3379 778 3461 (licet
799 3378 917 3443 indolis
939 3379 1072 3443 omnino
1098 3378 1141 3443 sit
1163 3378 1315 3457 diversae,
1338 3379 1404 3442 imo
1416 3374 1558 3485 ffiss‘m

303 3479 502 3561 contrariae)
520 3480 653 3545 colicam
675 3480 821 3545 biliosum
841 3502 919 3559 esse,
940 3489 974 3545 et
994 3480 1034 3545 ab
1054 3481 1190 3544 humore
1207 3480 1273 3545 acri
1290 3481 1326 3543 in
1343 3481 1405 3544 vis-

303 3602 377 3645 cera
389 3602 448 3663 per
461 3582 652 3645 arteriarum
670 3583 952 3647 mesentericarum
970 3584 1080 3647 oscula
1099 3591 1226 3647 exorato
1240 3583 1339 3662 nasci,
1359 3583 1407 3665 (in

304 3704 399 3767 quem
415 3706 555 3749 errorem
570 3685 660 3749 dolor
674 3685 894 3765 intolerabilis,
907 3694 940 3751 et
954 3686 1064 3751 viridis
1081 3687 1169 3751 color
1184 3685 1289 3769 quiin
1304 3694 1406 3750 mate·

303 3786 352 3849 ria
373 3788 516 3850 cernitur
530 3794 598 3851 tam
620 3809 677 3871 per
699 3810 734 3852 os
757 3810 854 3872 quam
873 3810 933 3872 per
951 3789 1060 3853 sedem
1081 3788 1222 3871 expulsa,
1238 3788 1407 3853 Medicum

303 3888 515 3953 incautiorem
537 3896 570 3953 et
596 3890 845 3973 cogitationibus
871 3892 979 3955 minus
1006 3898 1172 3955 assuetum
1197 3891 1286 3955 haud
1303 3912 1407 3973 aegre

303 3993 504 4075 perducant)
523 4014 603 4076 quae
625 3994 796 4059 methodus
818 4002 886 4058 tarn
909 3994 1087 4073 commoda,
1103 4016 1201 4076 qnam
1219 4001 1258 4057 ut
1278 3993 1313 4056 in
1331 4015 1406 4057 con·

304 4096 523 4179 temperanda,
538 4096 753 4161 remediorum
772 4097 1033 4179 refrigerantium
1048 4104 1145 4177 atque
1159 4094 1407 4157 incrassantium

304 4218 374 4281 ope,
397 4198 572 4261 humorum
592 4199 767 4263 acrimonia
788 4220 919 4281 operam
932 4199 1100 4262 locemus?
1134 4204 1241 4277 atque,
1265 4216 1329 4277 qno
1346 4196 1407 4257 hn-

304 4324 409 4367 morcs
424 4324 443 4366 c
457 4302 630 4367 visceribus
650 4302 915 4379 exterminentur,
935 4308 1063 4384 praeter
1082 4306 1232 4363 enemata
1249 4298 1407 4379 quotidia-

305 4428 358 4483 na,
377 4412 415 4470 ut
434 4406 612 4470 cathartica
631 4406 816 4487 frequenter
834 4405 1062 4487 propinemns3
1085 4402 1172 4465 inter
1190 4408 1316 4465 caetera
1334 4422 1408 4464 vero

305 4508 404 4571 ctiam
433 4508 629 4572 mercurium
659 4507 786 4569 dulcem
816 4504 1025 4588 diagrydiatis
1054 4503 1250 4585 permixtum
1274 4502 1316 4565 ad
1338 4503 1404 4585 ple·

305 4608 429 4673 niorem
458 4608 611 4674 materiae
639 4608 822 4673 morbificae
854 4606 1128 4671 eradicationem?
1188 4604 1296 4670 Quam
1325 4604 1409 4667 male

307 4718 416 4777 autem
437 4734 512 4776 cum
530 4712 634 4794 aegris
652 4718 776 4793 agatur,
799 4716 1021 4795 quantumque
1041 4707 1087 4770 eis
1106 4708 1284 4791 periculum
1304 4706 1409 4771 immi-

371 4848 382 4879 ¹¹
400 4842 437 4887 Cf.
453 4844 545 4889 Obreru.
558 4842 619 4888 Med.
630 4840 663 4889 ir.
676 4840 697 4891 7.
714 4840 749 4886 18.
1023 4842 1032 4864 ¹
1049 4835 1086 4882 Cf.
1099 4838 1200 4884 Procerr.
1215 4838 1260 4883 lut.
1273 4852 1294 4883 c.
1306 4839 1344 4883 28.
