3825 5759
548 671 768 736 EPISTOLA
791 670 820 734 I.
844 669 1174 734 RESPONSORIA.
1344 675 1409 737 293

308 857 345 901 ac
374 855 527 916 magnam
557 840 700 916 stragem
729 831 879 898 edebant.
927 830 1016 896 Cam
1045 837 1156 896 autem
1184 831 1225 895 de
1258 831 1309 896 bis
1340 833 1409 916 jam
1422 849 1563 898 Derion.

313 939 347 1024 [s
365 940 403 1001 11
425 936 487 1020 sp]
507 935 609 1000 fusius
629 935 690 1017 ega,
706 935 788 998 nna
808 935 945 1018 amplius
964 934 1124 1019 adjiciam,
1139 934 1204 998 nsi
1220 934 1309 1020 quoa
1325 957 1409 1000 novo
1435 914 1552 1029 {3353}-

308 1039 497 1124 Epidemico
531 1059 551 1102 a
583 1037 757 1102 manifesta
786 1037 869 1102 aeris
903 1038 986 1102 crasi
1014 1037 1169 1120 pendenti
1202 1037 1263 1101 sub
1296 1050 1563 1144 meuseffi

308 1142 503 1208 Novembris
518 1163 648 1225 prorsus
662 1141 770 1205 locum
784 1140 952 1206 cedebant.

1420 1148 1446 1180 re
1463 1149 1488 1180 ru
1513 1162 1525 1172 -

1420 1198 1530 1259 grabant,

358 1245 441 1331 [42]
466 1245 598 1309 Etenim
609 1267 676 1308 una
685 1265 759 1310 cum
768 1243 946 1309 Novembri
955 1243 1445 1327 subingrediebantru'lbrsseset
1457 1278 1541 1310 mense

309 1348 445 1414 caeteris
465 1369 546 1433 quor
566 1347 647 1410 mihi
671 1345 807 1429 contigit
829 1345 997 1410 observare
1019 1344 1112 1408 annis
1135 1341 1407 1430 ἐπιδημιιιώτεραι,
1421 1326 1565 1439 ffigsffie

308 1477 384 1519 cnm
407 1453 443 1516 in
467 1452 602 1534 singulis
632 1451 698 1514 fere
721 1449 851 1514 furniliis
874 1448 1016 1512 universi
1039 1447 1234 1512 laborarent.
1280 1448 1409 1511 Harum
1420 1455 1555 1567 ppppppha-

309 1557 391 1622 aliae
405 1577 499 1640 opem
513 1555 671 1619 medicam
686 1575 754 1618 non
768 1573 963 1636 magnopere
974 1550 1220 1629 desiderabant3
1244 1551 1324 1615 aliae
1334 1572 1409 1615 vero
1422 1600 1486 1647 cum
1499 1600 1556 1648 Nov

309 1660 478 1743 pulmones
493 1658 541 1722 ita
557 1657 765 1722 vehementer
782 1655 960 1739 agitabant,
976 1663 1014 1720 ut
1034 1675 1129 1737 aeger
1143 1654 1314 1718 ventriculi
1332 1675 1408 1718 con-
1420 1638 1563 1740 sphingas

309 1767 402 1824 tenta
416 1781 472 1843 per
487 1781 522 1824 os
538 1759 652 1842 ejicere
667 1758 804 1824 subinde
824 1765 1002 1841 cogeretur,
1018 1758 1176 1840 vertigiue
1190 1758 1323 1841 insuper
1339 1779 1408 1822 cor-
1421 1729 1564 1842 ξ’ζξζζᾘ

309 1870 431 1947 reptus,
455 1884 475 1928 a
498 1862 572 1926 uisu
594 1861 775 1926 violentiori
796 1869 830 1926 et
851 1863 1019 1926 laborioso.
1066 1862 1183 1927 Primis
1205 1863 1273 1926 fere
1296 1861 1408 1926 diebrn
1421 1858 1555 1916 limm-

310 1965 428 2044 Tussis,
446 1970 562 2030 siccam
577 1966 753 2046 aemulans,
768 1966 892 2029 nullam
907 1965 1077 2029 materiam
1090 1964 1297 2048 spectabilem
1311 1986 1408 2029 eran-
1420 1939 1553 2036 iiiiii.

309 2070 411 2149 tlavit,
422 2090 498 2132 mox
507 2077 612 2133 aetate
622 2070 745 2134 auctior
756 2069 905 2134 nonnihil
909 2095 919 2147 3
938 2076 1037 2154 atque
1051 2069 1100 2152 (ut
1108 2068 1205 2132 verbo
1215 2069 1404 2151 expediam)
1421 2051 1565 2165 ffiffi}

309 2181 382 2236 tum
400 2172 437 2236 in
457 2193 495 2236 eo
514 2172 602 2258 quod
624 2172 750 2257 parcius
773 2180 1016 2256 expectorarent
1038 2173 1135 2256 aegri,
1151 2180 1224 2238 tum
1241 2173 1340 2237 etiam
1354 2194 1406 2237 co·

308 2281 392 2338 natu
415 2273 647 2338 vehementiori
676 2281 709 2338 et
734 2295 997 2358 paroxysmorum
1012 2271 1201 2356 duratione,
1224 2276 1266 2341 ad
1289 2276 1406 2341 tussim
1419 2292 1549 2341 admnsim

309 2398 483 2462 puerorum
501 2377 717 2442 convulsivam
732 2377 811 2440 mihi
831 2378 961 2460 propius
980 2378 1131 2443 accedere
1148 2379 1327 2458 videbatur,
1342 2378 1406 2442 nisi
1417 2370 1547 2470 ξξῇᾟῗ

311 2479 397 2562 quod
421 2479 532 2544 mitius
562 2479 764 2565 aliquantum
791 2480 935 2545 saeviret.
981 2482 1024 2544 In
1049 2482 1110 2546 hoc
1136 2482 1251 2546 saltem
1276 2483 1540 2560 convul-vamrro·

311 2583 410 2648 sivam
432 2582 613 2666 superabat,
634 2583 720 2669 quod
742 2591 775 2646 et
797 2583 885 2648 febre
908 2591 941 2648 et
963 2585 1065 2650 solitis
1090 2585 1160 2669 ejus
1182 2566 1564 2670 symptomatisfilffiioe

311 2685 428 2770 stipata
449 2707 582 2770 aegrum
607 2687 782 2766 invaderet,
803 2708 886 2773 quae
908 2688 943 2750 in
965 2689 1048 2751 tussi
1068 2709 1241 2771 puerorum
1263 2691 1409 2754 nondum

311 2811 363 2854 me
377 2789 492 2855 vidisse
507 2791 651 2854 memini.

361 2893 444 2977 [43]
473 2893 613 2960 Solenne
627 2893 669 2959 sit
689 2895 764 2960 licet
779 2895 895 2959 'Posses
911 2893 971 2958 snb
993 2895 1118 2978 hyemis
1136 2895 1312 2960 adveutum
1332 2896 1411 2960 affli-

313 3016 397 3078 gere,
424 2995 625 3062 mirabantur
649 3005 759 3062 tamen
785 3019 906 3076 omnes,
934 3019 988 3062 eas
1014 2998 1076 3062 hoc
1101 3020 1188 3062 anno
1212 2999 1260 3062 ita
1284 3007 1412 3084 praeter

312 3098 442 3162 solitum
461 3099 693 3164 increbrescere
702 3127 711 3179 ;
736 3100 824 3186 quod
843 3101 974 3186 quidem
991 3100 1052 3164 hac
1071 3101 1240 3185 praecipue
1258 3102 1298 3166 de
1316 3123 1412 3167 causa
1424 3117 1449 3164 in
1461 3132 1545 3194 eamn

313 3201 450 3266 arbitror
461 3203 642 3285 contigisse.
669 3203 780 3269 Quum
791 3203 910 3267 mensis
926 3203 1075 3268 Octobris
1089 3203 1301 3270 crebrioribus
1312 3227 1411 3292 quam
1423 3197 1565 3308 affin

204 3360 208 3365 .
313 3305 445 3384 solebat,
466 3313 498 3371 et
521 3307 622 3372 ferme
644 3305 816 3385 continuis,
840 3305 1074 3390 permaduisset
1098 3304 1266 3386 imbribus,
1282 3315 1316 3372 et
1338 3330 1411 3372 san·

313 3407 384 3490 gnis
399 3408 568 3472 hominum
582 3409 766 3493 tempestati
781 3407 985 3472 consentiens
998 3409 1171 3492 particulas
1184 3410 1300 3476 mudas
1314 3419 1415 3498 atque
1495 3439 1500 3451 ·

314 3533 449 3597 aquosas
475 3511 598 3576 affatim
612 3511 801 3591 imbibisset,
816 3510 1065 3595 transpiratione
1083 3533 1142 3596 per
1155 3511 1238 3576 cutis
1255 3514 1416 3598 spiracula

314 3639 334 3680 a
362 3617 465 3700 primo
485 3617 612 3700 frigoris
637 3615 763 3681 insultu
786 3615 957 3700 prohibita,
979 3615 1110 3679 Natura
1134 3615 1303 3680 colluviem
1329 3616 1415 3681 hanc

314 3739 454 3782 serosam
466 3718 515 3782 vel
529 3739 586 3802 per
599 3739 705 3783 ramos
720 3739 820 3783 venae
835 3717 1017 3797 arteriosae,
1028 3719 1079 3782 vel
1093 3718 1191 3804 (quod
1207 3719 1262 3782 alii
1275 3719 1412 3804 volunt)
1470 3746 1478 3766 ·

315 3841 444 3904 asperae
469 3821 605 3886 arteriae
631 3821 810 3905 glandulas,
831 3821 997 3886 eliminare
1019 3823 1147 3905 sategit,
1168 3829 1201 3887 et
1223 3822 1333 3888 luscis
1355 3845 1416 3908 ope

315 3922 493 4006 explodere.

352 4025 436 4112 [44]
448 4027 580 4092 Curatio
588 4027 696 4092 riteut
704 4027 938 4108 institueretur,
946 4029 1084 4114 (quoties
1093 4029 1348 4094 scilicetMedico
1353 4030 1415 4094 fuit
1428 4043 1529 4093 curatio

314 4132 417 4212 opus)
432 4137 499 4194 tam
519 4153 577 4214 per
590 4132 880 4198 venae-sectionem
899 4154 998 4218 quam
1015 4133 1178 4196 catharsin
1195 4133 1415 4197 evacuandum
1427 4110 1540 4220 ξῖζξῑξζῐ

316 4249 395 4307 esse,
410 4231 520 4294 nullus
535 4231 679 4297 dubitavi
686 4260 697 4313 3
721 4255 828 4320 neque
850 4235 937 4298 enim
949 4234 1012 4296 alia
1025 4234 1134 4316 aliqua
1147 4233 1299 4297 methodo
1312 4255 1415 4318 aeque
1427 4251 1565 4309 venne-sec.

316 4332 482 4396 commode
499 4335 672 4418 ejiciuntur
686 4336 906 4401 redundantes
926 4335 989 4400 seri
1003 4335 1179 4418 particulae
1194 4355 1232 4398 ac
1252 4355 1311 4418 per
1324 4335 1415 4418 phle-
1427 4305 1541 4414 {iffi

315 4434 491 4500 botomiam
511 4444 543 4502 et
564 4439 749 4516 cathartica,
765 4459 848 4524 quae
866 4443 935 4501 tam
955 4437 1126 4520 insiguiter
1140 4457 1216 4500 vasa
1237 4437 1414 4521 emulgent.

318 4535 403 4625 [45]
428 4540 584 4606 Remedia
606 4541 779 4624 pectoralia
798 4539 885 4625 quod
911 4540 1038 4616 attinet,
1063 4541 1298 4623 (praeterquam
1327 4541 1415 4625 quod
1428 4552 1558 4600 Petronii.

315 4661 427 4706 eorum
441 4664 504 4706 usu
519 4643 738 4725 gratificamur
753 4643 877 4726 aegris)
896 4663 963 4705 non
977 4641 1124 4723 intelligo
1138 4661 1204 4725 quo
1218 4636 1313 4724 pacto
1328 4665 1415 4708 amo-
1427 4617 1558 4728 lfl'ssffifi‘

315 4741 442 4806 liendae
451 4743 561 4807 Tussis
570 4765 684 4809 causae
695 4751 817 4830 queant
832 4743 976 4808 conferre
980 4768 990 4820 ;
1011 4763 1085 4805 cum
1095 4741 1199 4805 omnis
1214 4764 1324 4808 eorum
1334 4746 1417 4810 actio
1429 4745 1516 4808 “ssia

316 4845 366 4909 vel
385 4846 420 4910 in
442 4846 649 4912 incrassanda
668 4846 812 4926 materia,
829 4845 953 4932 quoties
973 4845 1061 4928 justo
1079 4845 1209 4910 tenuior
1222 4847 1287 4911 vim
1308 4849 1418 4932 expul-
