3825 5759
512 648 578 713 526
825 642 1022 707 THOMAE
1045 640 1305 707 SYDENHAM

361 822 498 871 Dercro
511 808 620 885 misso,
634 805 717 870 mihi
732 805 920 869 retrocessio
941 804 1080 867 subinde
1097 804 1252 869 materiae
1268 802 1459 891 podagricae
1476 805 1621 881 accidit;

371 889 487 999 {w
513 912 606 995 cujus
621 911 714 991 rigna
728 918 805 971 sunt
823 908 1015 991 aegritudo
1004 929 1131 990 ingens,
1147 928 1222 971 cum
1239 907 1491 986 vomituritione,
1505 916 1540 971 et
1559 909 1621 971 ali·

360 1050 405 1082 on
360 1020 497 1097 ’ῖιῑ
514 1013 602 1097 quali
614 1012 735 1075 ventrio
750 1011 877 1075 dolore.
905 1018 996 1074 artos
1014 1010 1146 1073 interim
1160 1031 1201 1072 ea
1213 1010 1384 1093 improviso
1398 1010 1517 1073 doloris
1537 1018 1620 1074 sunt

360 1115 420 1211 ᾗὶζ
427 1116 500 1211 ζξζψ
513 1122 669 1199 expertes,
685 1136 722 1178 ac
737 1115 779 1177 ad
792 1120 919 1178 motum
932 1114 1006 1196 plus
1020 1113 1115 1176 sobto
1127 1112 1260 1175 habiles.
1304 1113 1349 1176 In
1365 1112 1428 1177 boc
1448 1134 1525 1176 casu
1538 1134 1620 1177 con-

514 1220 605 1302 gium
615 1238 720 1281 unum
731 1217 862 1300 liquoris
876 1215 1037 1299 possetici,
1048 1215 1101 1278 vel
1110 1215 1278 1279 cerevisiae
1288 1215 1408 1293 tenuis,
1422 1215 1540 1279 devoro
1549 1241 1560 1293 3
1582 1225 1619 1279 et

514 1321 754 1405 quamprimum
773 1326 881 1383 totum
894 1339 952 1401 per
965 1318 1176 1382 vomitionem
1191 1318 1368 1400 rejecerim,
1382 1318 1449 1381 vini
1462 1318 1619 1381 Canarini

513 1424 713 1500 haustulum,
728 1422 781 1486 cui
795 1422 971 1485 instillatae
984 1420 1106 1483 tuerint
1119 1420 1253 1483 laudaui
1270 1420 1383 1502 liquidi
1397 1427 1510 1502 guttae
1527 1428 1618 1484 octo-

515 1529 628 1607 decim,
654 1526 759 1606 ebibo,
780 1527 816 1589 in
844 1527 929 1591 lecto
950 1526 993 1588 ad
1014 1526 1157 1607 quietem
1176 1547 1231 1590 me
1255 1546 1462 1609 componens.
1506 1527 1618 1609 Atque

514 1632 576 1696 hac
598 1632 752 1696 methodo
775 1630 935 1713 meipsum
961 1628 1002 1693 ab
1031 1628 1223 1692 imminente
1247 1636 1353 1693 morte
1381 1629 1550 1711 aliquoties
1577 1629 1617 1691 li·

515 1734 633 1798 beravi.

565 1838 627 1922 [9.]
654 1837 726 1901 Etsi
753 1857 828 1900 vero
864 1834 951 1898 haud
988 1855 1173 1918 quenquam
1208 1836 1342 1899 fortasse
1377 1834 1489 1898 deceat
1528 1837 1618 1916 (eum

516 1941 656 2004 maxime
671 1960 767 2023 quem
781 1938 846 2001 sive
868 1938 1001 2015 salvum,
1017 1936 1082 1999 sive
1101 1945 1268 1999 mortuum
1288 1958 1367 2015 esse,
1381 1936 1552 2000 hominum
1565 1937 1618 1999 vix

517 2044 667 2123 intersit)
684 2042 731 2105 ita
746 2040 890 2103 crebram
905 2040 954 2101 sui
973 2039 1172 2102 mentionem
1186 2039 1317 2122 injicere
1325 2065 1335 2117 3
1357 2039 1437 2103 haec
1450 2046 1562 2103 tamen
1578 2059 1619 2101 eo

518 2146 627 2208 animo
656 2144 741 2206 dieta
764 2142 858 2219 volui,
885 2150 923 2204 ut
953 2141 1032 2219 aliis,
1059 2162 1197 2224 quorum
1220 2142 1287 2204 vita
1314 2142 1464 2224 salusque
1488 2141 1620 2223 majoris

518 2246 651 2309 sortasse
665 2244 815 2327 ponderis
830 2250 862 2305 et
877 2244 1035 2307 momenti
1048 2252 1135 2321 sunt,
1151 2252 1272 2325 queant
1285 2243 1444 2326 prodesse.

367 2357 508 2485 n(vlesraqratio-
568 2347 651 2430 [10.]
681 2346 744 2409 Hic
763 2352 924 2429 postremo
946 2336 1216 2408 Sltblndimndum
1233 2354 1282 2407 est
1301 2346 1417 2428 ingens
1435 2344 1619 2423 discrimen,

404 2438 496 2533 ,ᾙῖῗᾷ
519 2450 554 2512 in
577 2448 663 2531 quod
684 2448 833 2511 nonnulli
856 2468 890 2509 se
911 2447 1099 2530 conjiciunt,
1118 2456 1188 2510 tam
1211 2448 1334 2511 calculo
1355 2468 1453 2529 quam
1476 2446 1622 2529 podagra

366 2504 402 2663 Ξ
403 2504 509 2662 2¹2¹&
519 2550 710 2629 laborantes,
727 2550 851 2633 quoties
870 2570 1025 2613 mannam
1044 2549 1080 2611 iu
1095 2550 1186 2632 aquis
1207 2549 1417 2612 mineralibus
1436 2548 1621 2612 mtharticis

368 2616 508 2741 winili,
520 2654 658 2717 solutam
673 2652 855 2716 inconsulto
874 2652 1025 2735 capiunt:
1049 2651 1193 2734 quamvis
1206 2652 1295 2713 enim
1308 2651 1371 2714 hoc
1385 2650 1482 2713 modo
1496 2670 1620 2712 assum·

367 2742 508 2855 ggffmlbu
519 2764 585 2839 pta,
601 2762 635 2819 et
655 2754 830 2819 celerius
802 2776 867 2817 vnn
889 2754 1100 2817 catharticum
1121 2753 1206 2831 edat,
1221 2760 1255 2816 et
1273 2753 1391 2816 minori
1407 2772 1529 2815 nausea
1542 2772 1621 2815 ven·

367 2887 412 2919 noc
413 2880 475 2921 esne
520 2859 692 2923 tricolum
683 2860 799 2937 irritet,
814 2867 925 2923 tamen
935 2858 1062 2921 minora
1074 2858 1137 2920 iata
1146 2856 1337 2921 commoda
1327 2856 1479 2940 injuriam
1490 2856 1568 2918 alias
1578 2856 1621 2919 ab

520 2962 610 3045 aquis
621 2962 743 3026 illatam
757 2982 891 3045 pensare
902 2982 970 3025 non
980 2962 1098 3024 valent.
1122 2960 1263 3038 Etenim,
1275 2980 1303 3022 ιι
1292 2960 1464 3023 Calcrilna
1474 2958 1622 3022 Renibus

520 3066 663 3129 inclusus
686 3067 734 3130 ita
758 3086 894 3149 maguae
919 3065 1014 3129 molis
1039 3064 1092 3141 sit,
1115 3070 1154 3126 ut
1175 3084 1235 3146 per
1256 3070 1422 3126 ureterum
1445 3062 1563 3125 duetus
1585 3061 1623 3125 in

519 3168 656 3231 vesicam
673 3168 808 3251 propelli
828 3176 980 3251 nequeat,
995 3168 1076 3230 istae
1095 3186 1197 3248 aquae
1217 3186 1444 3249 paroxysmum
1464 3172 1502 3228 ut
1520 3164 1622 3248 pluri·

519 3290 611 3332 mum
640 3271 791 3347 excitant,
819 3270 873 3353 qui
902 3290 1043 3351 eousque
1070 3267 1268 3351 perdurabit,
1293 3289 1368 3331 cum
1393 3289 1513 3350 magno
1535 3268 1621 3331 vitae

521 3371 608 3452 aegri
631 3371 782 3453 periculo,
808 3370 909 3432 donec
934 3370 1068 3432 tandem
1094 3370 1244 3433 Calculus
1267 3370 1304 3432 in
1331 3368 1450 3451 pelvim
1478 3368 1619 3433 redierit.

368 3486 409 3534 aa
421 3485 496 3595 miens-
522 3472 677 3536 Quinimo
691 3493 752 3535 nec
770 3471 966 3555 chalybeatis
985 3472 1076 3554 aquis
1093 3493 1189 3555 aeger
1210 3493 1245 3536 se
1258 3480 1332 3536 tuto
1351 3472 1541 3551 committet,
1556 3472 1621 3535 nisi

368 3563 608 3660 t1i1i⁰l³fi¹¹⁸
630 3580 718 3636 certo
738 3572 827 3649 sciat,
843 3572 1013 3635 Calculum
1035 3575 1191 3656 majorem
1211 3595 1280 3637 nou
1293 3594 1363 3637 esse
1384 3594 1482 3657 quam
1503 3581 1542 3636 ut
1562 3594 1622 3656 per

367 3692 436 3788 rugam
430 3690 508 3723 mere·
520 3684 661 3738 ureteres
676 3676 758 3739 viam
776 3677 877 3759 possit
897 3677 963 3741 sive
977 3677 1121 3742 invenire
1136 3679 1201 3742 sive
1215 3680 1338 3743 facere:
1362 3678 1449 3762 quod
1465 3678 1528 3742 hoc
1546 3686 1619 3741 tan-

455 3756 593 3840 ‚tum
612 3777 708 3841 modo
726 3780 895 3861 (quantum
915 3800 976 3861 ego
995 3781 1152 3863 conjicio,)
1175 3789 1264 3844 certo
1286 3780 1473 3863 dignoscere
1493 3786 1619 3863 potest3

368 3820 456 3915 lille:
450 3883 484 3923 ¹¹¹
521 3880 548 3942 si
557 3900 683 3964 nempe,
696 3882 764 3963 jam
777 3888 873 3945 antea
884 3882 1117 3965 Paroxysmum
1132 3884 1271 3965 aliquem
1283 3883 1510 3966 Nephriticum
1519 3882 1619 3944 fuerit

368 3932 472 3981 uteatd

368 3997 465 4044 corana
477 4004 697 4066 eperpessus,
713 3986 798 4063 (cum
813 3984 921 4048 dolore
936 3986 1056 4048 scilicet
1066 3985 1249 4049 saevissimo
1262 3984 1297 4047 in
1308 3986 1439 4048 Renum
1453 3984 1618 4060 alterutro,

364 4060 456 4173 w„
446 4060 511 4185 Ἓξ
521 4107 579 4169 per
593 4093 756 4149 ureterum
774 4086 890 4151 ιιιιιιιιι
905 4094 1090 4171 propagato,
1106 4096 1139 4150 et
1153 4087 1277 4150 vomitu
1296 4088 1443 4168 enormi)
1460 4107 1518 4169 pro
1533 4106 1619 4149 com·

368 4202 431 4251 ¹4¹¹
432 4204 486 4237 ¹¹¹¹
520 4196 612 4271 porto
633 4187 751 4252 habeat
776 4196 932 4251 nontam
956 4189 1160 4271 grandiorem
1182 4189 1322 4270 aliquem
1347 4188 1508 4252 calculum
1536 4186 1620 4269 pelvi

368 4254 498 4379 impe
518 4291 678 4369 concludi,
709 4310 806 4373 quam
836 4290 1018 4373 lapillorum
1045 4291 1234 4373 exiguorum
1263 4292 1457 4373 congeriem,
1483 4310 1622 4372 quornm

369 4381 428 4491 ’ξιξ
430 4380 507 4493 ¹¹1¹?
520 4415 605 4457 unus
627 4392 797 4457 subinde'
788 4414 823 4455 m
844 4400 1006 4456 ureterem
1026 4392 1179 4473 illabitur,
1203 4401 1300 4476 atquc
1321 4394 1368 4457 ita
1392 4414 1621 4476 paroxysmum

365 4502 446 4558 darm
520 4496 607 4559 huno
621 4496 746 4573 invitat,
763 4496 898 4578 quatere
913 4518 980 4559 nou
998 4496 1115 4559 desinit
1134 4498 1197 4560 uisi
1188 4496 1372 4561 ''Calculo
1361 4518 1398 4559 ru
1412 4497 1551 4560 vesicam
1565 4495 1621 4558 de·

519 4604 619 4659 ιιιιιο.
665 4598 748 4659 Cum
764 4618 814 4659 res
825 4597 870 4659 ita
885 4618 918 4660 se
932 4598 1061 4675 habeat,
1071 4598 1199 4661 nullum
1214 4606 1263 4662 est
1277 4599 1382 4681 magis
1393 4599 1504 4661 efficax
1517 4617 1621 4660 reme-

520 4696 620 4773 dium,
636 4696 699 4759 sive
722 4697 763 4759 ad
777 4699 1032 4779 praecavendum
1049 4700 1212 4763 minorum
1228 4702 1424 4764 calculorum
1438 4700 1619 4763 incremen-

520 4804 601 4873 tum,
618 4796 682 4860 sive
697 4798 738 4861 ad
753 4798 880 4861 eosdem
896 4822 913 4861 e
932 4800 1077 4864 Renibus
1098 4802 1326 4881 deturbandos,
1346 4824 1443 4885 quam
1463 4822 1621 4884 aquarum
