3825 5759
533 684 832 750 DISSERTA'I'IO
854 686 1161 753 amarulentus
1332 690 1396 752 401

301 844 490 915 [coron-r
517 840 566 920 κ’
582 845 674 914 Aquae
688 844 863 916 amanus
1429 863 1534 911 nest.

583 930 647 983 Vini
660 930 752 996 Rubri,
763 949 816 985 ana
825 933 920 986 libram
932 950 1029 996 unam
1411 940 1484 976 sacr.
1495 926 1551 973 iir-

441 1017 534 1085 coque
541 1015 803 1082 meinamma
814 1018 909 1072 aeuus
925 1018 1398 1089 numerumnaenaqusnauoe
1421 1004 1542 1039 ''mt-

440 1102 557 1156 cacabari
569 1104 711 1167 albissimi;
734 1105 818 1175 cujus,
829 1120 890 1159 cum
901 1105 1033 1175 frigescat,
1044 1108 1134 1177 capiat
1148 1107 1243 1160 libram
1258 1105 1399 1159 dimidiam
1412 1094 1522 1145 Medim-

441 1189 482 1241 bis
494 1188 535 1241 val
546 1197 587 1242 ter
598 1190 626 1242 iu
638 1188 688 1242 die.
1411 1169 1550 1209 mmmmm

304 1309 441 1374 interim
452 1308 612 1394 julapium
632 1310 760 1393 aliquod
784 1308 1002 1394 Hystericam,
1018 1318 1052 1375 at
1067 1309 1144 1375 satis
1158 1311 1248 1389 mite,
1264 1309 1402 1376 subinde

300 1412 498 1496 propinetur,
514 1418 548 1476 et
562 1410 701 1475 nodulua
716 1432 852 1495 sequens
866 1412 998 1477 naribus
1012 1412 1222 1477 admoveatur
1232 1436 1285 1477 :-

304 1578 493 1645 [amtor
531 1580 708 1649 RGaibani,

585 1670 666 1721 Assae
679 1668 813 1732 Foetidae,
825 1684 878 1721 ana
889 1667 1028 1722 drachmas
1039 1667 1115 1731 duas,

585 1756 704 1809 Castorei
715 1754 966 1825 sesquidraobmam,

585 1840 654 1895 Salis
667 1840 774 1895 Succiui
785 1840 906 1896 Volatilis
917 1840 1072 1895 drachmam
1084 1840 1236 1900 dimidiant

445 1925 545 1990 Misce;
563 1926 610 1981 fiat
621 1926 742 1981 noduius.

304 2020 367 2083 Vel
389 2045 444 2084 2·-

304 2120 405 2186 [Form.
418 2124 493 2191 86.]·
531 2120 562 2200 R
583 2122 698 2194 Spiritus
710 2122 779 2179 Salis
790 2125 944 2179 Armoniaci
956 2123 1095 2179 machmas
1107 2122 1189 2187 duas;

446 2224 524 2278 quem
541 2210 645 2280 saepius
658 2210 772 2263 olfaciat.

354 2350 457 2435 [lac]
486 2350 582 2417 Quod
596 2373 671 2416 vero
693 2352 734 2417 ad
752 2352 939 2437 hujusmodi
957 2359 1050 2417 extra
1061 2353 1268 2437 puerperium
1281 2354 1405 2418 fluxum
1419 2359 1559 2426 specimi-

305 2452 432 2531 attinet,
447 2452 522 2517 licet
537 2453 624 2517 idem
642 2454 731 2517 omni
751 2462 895 2537 tempore
910 2454 1059 2518 foeminis
1080 2454 1222 2520 accidere
1241 2455 1333 2534 solet,
1351 2478 1406 2519 eas
1418 2426 1559 2539 ξζζῑὶξξζξ

305 2560 415 2618 tamen
426 2556 522 2637 paulo
537 2562 613 2619 ante
627 2562 755 2639 tempus
769 2556 849 2619 illud
862 2577 925 2639 quo
937 2563 1050 2639 sponte
1062 2573 1119 2619 sua
1131 2556 1263 2619 omnino
1277 2578 1405 2621 menses
1418 2569 1475 2665 {3¹¹²
1487 2552 1550 2628 9⁰0³·

305 2656 468 2736 cessaturi,
496 2658 678 2740 saepissime
708 2658 849 2735 invedit3
881 2658 965 2721 circa
988 2656 1103 2721 aetatis
1132 2658 1252 2722 scilicet
1281 2680 1404 2723 annum
1415 2624 1539 2729 „iiim

307 2758 586 2841 quadragesimum
610 2758 760 2842 quintum
786 2760 814 2821 si
837 2758 933 2821 modo
959 2758 1134 2841 temporius
1155 2760 1255 2822 flucre
1277 2760 1404 2841 incepe-
1417 2746 1556 2856 {isti-⁵:⁸2⁵

305 2866 390 2937 rant,
413 2858 497 2923 circa
523 2866 633 2923 autem
663 2858 966 2943 quinquagesimum
988 2857 1016 2921 si
1039 2858 1141 2921 serius
1169 2856 1205 2921 in
1228 2858 1296 2923 vita
1317 2859 1406 2942 prius
1420 2840 1569 2982 quma·

1420 2950 1460 2982 008

306 2958 569 3045 prorumpebant.
615 2960 677 3023 His
696 2960 757 3043 (uti
771 2960 917 3041 dictum)
934 2960 1031 3042 pauio
1046 2965 1122 3021 ante
1140 2958 1274 3022 totalem
1292 2980 1407 3023 eorun-
1421 3006 1563 3060 mmm,

307 3061 382 3126 dem
397 3060 569 3124 discessum
589 3061 704 3143 (instar
718 3060 870 3125 candelae
881 3061 951 3144 jam
965 3061 1033 3124 fere
1048 3059 1239 3143 absumptae
1253 3060 1410 3143 deflagra-
1421 3063 1493 3137 cipue
1503 3062 1541 3109 ἰη-

306 3172 433 3249 taeque,
450 3184 532 3247 quae
554 3162 661 3227 subito
675 3164 839 3227 flammam
859 3162 926 3227 edit
946 3162 1167 3245 insigniorem,
1182 3184 1258 3227 mox
1278 3163 1409 3246 penitus
1421 3127 1495 3174 ΜΛ

308 3265 556 3349 disperituram,)
579 3286 654 3329 cum
680 3286 799 3347 magno
825 3264 950 3348 impetu
972 3262 1095 3328 affatim
1117 3264 1280 3343 excidunt,
1304 3271 1347 3343 et,
1367 3263 1410 3328 ob

308 3367 433 3451 copiam
453 3366 619 3450 sanguinis
638 3366 806 3449 ingentem
827 3367 883 3449 qui
905 3365 1062 3431 continuo
1081 3366 1274 3445 excernitur,
1289 3365 1324 3429 in
1338 3386 1410 3448 par-

308 3490 455 3553 oxysmos
475 3468 661 3552 Hystericos
684 3468 751 3531 fere
771 3468 942 3531 continuos
965 3467 1098 3530 miseras
1121 3466 1287 3551 dejiciunt.
1334 3466 1409 3545 Hic,

307 3572 383 3635 licet
400 3570 571 3652 Hysterica
584 3578 653 3634 tam
668 3570 797 3634 interna
819 3590 915 3653 quam
938 3576 1072 3633 externa
1091 3569 1196 3633 obiter
1214 3570 1408 3654 usurpanda,
1424 3584 1554 3661 Hystanes

310 3672 454 3757 (fortiora
472 3672 653 3750 devitando,
668 3692 711 3735 na
730 3672 853 3735 fluxum
875 3671 1013 3735 ulterius
1032 3692 1071 3735 ea
1091 3674 1286 3754 provocent)
1304 3670 1409 3736 omnis
1421 3650 1520 3698 ΜΨ

308 3784 420 3841 tamen
434 3774 609 3839 curationis
623 3774 718 3837 cardo
733 3772 768 3836 in
782 3773 957 3838 menstruis
972 3773 1159 3838 cohibendis
1170 3774 1315 3853 vertitur,
1328 3796 1410 3858 quae

309 3876 397 3939 bunc
411 3876 447 3939 in
461 3876 593 3939 modum
608 3896 705 3959 quarn
719 3876 859 3959 primum
874 3874 1026 3939 sistenda.

359 3978 488 4061 [137.]ι
502 3978 658 4041 Mittatur
669 3978 799 4061 sangsns
810 3998 829 4041 e
839 3976 971 4041 brachio
982 3976 1024 4040 ad
1035 3976 1146 4040 uncias
1157 3982 1249 4041 octo:
1264 3974 1412 4059 sequenti
1426 3986 1559 4063 Methodp·

310 4101 407 4143 mane
421 4078 610 4144 exhibeatur
624 4078 713 4162 potio
728 4078 898 4162 purgativa
915 4076 1126 4154 communisi,
1142 4098 1224 4161 quae
1238 4076 1413 4160 repetenda
1424 4050 1545 4108 ’Μὴ

312 4187 363 4245 est
377 4180 476 4245 tertia
490 4202 615 4264 quaque
631 4180 692 4258 dic,
708 4201 766 4263 per
780 4179 860 4243 duas
883 4178 962 4243 alias
982 4178 1089 4255 vices3
1111 4185 1145 4241 et
1159 4178 1295 4259 singuiis
1308 4177 1411 4240 noeti-

311 4282 373 4346 bus
387 4302 445 4365 par
458 4288 564 4345 totum
586 4280 692 4345 morbi
706 4281 875 4345 decursum
891 4286 998 4344 sumat
1012 4278 1233 4362 paregoricum
1248 4298 1288 4340 er
1302 4276 1412 4359 syrupi

313 4384 353 4448 de
367 4384 513 4449 meconio
527 4384 624 4448 uncia
637 4404 713 4447 uua.

1420 3714 1548 3763 evitentur.

315 4552 416 4616 [Form.
429 4554 498 4623 87.]¹
529 4551 560 4633 R
580 4554 729 4607 Conservae
741 4552 869 4605 Rosamm
883 4549 1020 4603 Siccarum
1032 4549 1125 4601 uncias
1136 4548 1212 4611 duas,

347 4706 358 4730 '
377 4708 415 4755 Cf„
427 4708 523 4759 iormm.
536 4708 594 4765 206,
606 4706 661 4763 207,
674 4708 728 4754 208.
919 4706 931 4739 ¹¹
949 4702 988 4749 ef.
999 4700 1095 4748 sermm.
1107 4702 1131 4758 8,
1143 4703 1182 4759 24,
1192 4702 1231 4759 59,
1244 4698 1413 4759 97,101,1oa,

347 4770 672 4891 {titutum
889 4768 1063 4877 ”tutin
1078 4828 1130 4877 m.

839 4912 894 4971 3r
