3825 5759
436 603 840 670 OBSERVATIONUM
863 605 1150 670 MEDICARUM
1171 617 1220 672 1v.
1233 625 1258 672 o.
1342 609 1402 673 185

299 763 425 828 Natura
444 764 646 830 destinatum
660 765 877 848 absolverint)
894 775 928 830 et
947 773 1174 851 symptomata,
1191 789 1274 851 quae
1287 768 1402 832 iisdem
1415 787 1557 838 Μοιιιιιι

296 865 519 930 recedentibus
542 868 782 952 superveniunt,
798 889 838 932 ex
862 887 901 932 eo
922 876 1002 932 nata
1025 877 1184 948 autumat,
1205 871 1292 953 quod
1312 872 1402 956 justo
1419 853 1558 934 Q

295 965 383 1030 citius
398 989 433 1032 se
448 967 540 1034 intm
555 969 701 1034 Morbilli
714 969 910 1052 receperiut;
933 970 1100 1035 observare
1114 972 1202 1035 enim
1217 981 1267 1037 est
1276 973 1400 1038 febrem

293 1074 385 1152 atque
400 1071 549 1154 spirandi
560 1072 781 1136 difficultatem
796 1079 876 1136 tuno
886 1073 1040 1155 temporis
1050 1074 1171 1156 augeri,
1182 1075 1399 1158 importunius

293 1190 402 1253 urgere
421 1174 626 1252 tussiculam,
644 1174 692 1237 ita
710 1181 748 1238 ut
770 1194 830 1237 nec
849 1174 993 1237 interdiu
1011 1195 1072 1238 neo
1091 1175 1189 1238 etiam
1211 1185 1312 1241 noctu
1330 1178 1398 1243 fere

291 1291 418 1338 somnus
439 1277 547 1360 possit
568 1276 730 1359 obrepere.
775 1275 922 1340 Infantes
947 1277 1135 1358 praesertim
1160 1277 1219 1341 sub
1241 1279 1398 1361 regimine
1411 1299 1533 1363 nemen

290 1374 438 1455 calidiori,
458 1387 519 1442 aut
540 1379 596 1461 qui
615 1377 817 1442 calidioribus
836 1377 886 1440 usi
906 1385 983 1441 sunt
1000 1378 1242 1442 medicamentis
1263 1381 1305 1443 ad
1323 1365 1474 1477 pro-{fi¹⁸t⁰
1459 1366 1542 1478 ⁰⁶32

290 1479 481 1544 movendam
499 1481 726 1545 Morbillorum
742 1480 953 1564 eruptionem,
969 1480 1045 1545 huic
1059 1481 1146 1545 malo
1160 1487 1238 1544 sunt
1252 1481 1394 1563 obnoxii,
1407 1493 1448 1606 hig
1434 1445 1546 1607 uelim

289 1581 370 1660 quod
391 1583 593 1648 Morbillis
580 1605 649 1667 Jam
668 1583 897 1646 facessentibus
919 1603 953 1646 se
968 1582 1127 1660 ostendit,
1150 1583 1269 1647 unde
1259 1605 1294 1646 ιιι
1312 1587 1395 1668 peri·
1407 1571 1515 1678 ἄξω

287 1686 521 1762 pneumoniam
553 1685 776 1768 conjiciuntur,
808 1705 889 1768 quae
917 1685 1025 1768 plures
1053 1685 1184 1768 jugulat
1214 1707 1310 1768 qnam
1339 1696 1396 1752 aut

288 1785 420 1851 variolae
446 1789 549 1872 ipsae,
572 1795 628 1851 aut
650 1794 831 1872 symptoma
852 1787 1067 1870 quodcunque
1088 1786 1130 1849 ad
1151 1806 1227 1850 eum
1248 1795 1396 1870 spectans

287 1886 445 1968 morbum,
461 1891 541 1953 licet
560 1889 649 1952 omni
662 1910 791 1972 prorsus
808 1889 950 1972 periculo
964 1895 1078 1953 vacent
1093 1889 1238 1954 Morbilli
1256 1890 1396 1956 simodo

286 1988 384 2066 perite
409 1997 606 2056 tractentur.
661 1989 722 2054 His
751 1990 849 2054 etiam
877 2013 945 2056 non
973 2013 1047 2056 raro
1072 1992 1188 2056 accidit
1217 1992 1393 2076 diarrhoea,

286 2107 364 2169 quae
386 2093 440 2156 vel
462 2093 615 2158 morbum
636 2092 747 2158 statim
768 2092 894 2176 excipit,
915 2093 966 2157 vel
987 2093 1086 2158 aiam
1104 2093 1147 2156 ad
1167 2094 1275 2177 plures
1297 2097 1393 2180 septi·

285 2209 395 2257 manas
421 2196 566 2261 excurrit
591 2203 664 2279 post
684 2195 790 2260 morbi
813 2195 1022 2280 omniumque
1043 2196 1113 2280 ejus
1139 2205 1393 2282 symptomatum

284 2288 404 2376 fugam,
419 2297 513 2362 haud
527 2297 596 2362 sine
613 2319 732 2381 magno
747 2297 835 2380 aegri
852 2297 1044 2377 discrimine,
1059 2298 1095 2362 in
1110 2321 1174 2382 quo
1191 2301 1309 2365 abhinc
1323 2310 1395 2368 orta

284 2393 459 2474 spirituum
487 2398 670 2483 profruione
700 2400 854 2464 continua
881 2408 1037 2464 versatur.
1081 2402 1266 2485 Aliquando
1295 2404 1393 2469 etiam

284 2504 352 2575 post
374 2501 526 2585 regimen
546 2501 672 2566 intense
694 2501 835 2566 calidum
854 2501 1082 2568 exanthemata
1099 2504 1257 2568 livescunt
1277 2505 1392 2588 primo,

285 2615 356 2662 mox
371 2603 582 2688 nigrescunt3
605 2603 639 2667 id
658 2625 731 2668 vero
749 2603 867 2666 adultis
883 2610 1015 2668 tantum
1032 2606 1201 2688 contingit,
1217 2605 1258 2669 de
1275 2606 1418 2720 quibus
1404 2634 1516 2751 tqqoii⁸

284 2703 524 2768 conclamatum
546 2711 615 2769 est¹
629 2705 686 2770 ubi
703 2703 844 2788 primum
865 2705 1000 2821 nigredo
1021 2705 1084 2768 ista
1104 2706 1309 2788 conspicitur,
1328 2705 1450 2800 ιιίιίξζζο

284 2799 505 2882 phlebotomia
523 2815 556 2872 et
573 2808 805 2892 temperatioris
822 2807 987 2891 regiminis
1006 2807 1207 2889 refrigerio”
1187 2829 1225 2871 us
1243 2814 1391 2874 actutum
1404 2701 1549 2868 idhioeidid

285 2904 506 2974 subveniatur.

330 3008 364 3092 [5
369 3012 394 3096 .]
423 3011 584 3076 Morbillis
603 3019 641 3076 ut
663 3020 789 3092 natura,
804 3013 851 3076 ita
872 3018 905 3075 et
925 3009 1076 3074 medendi
1094 3031 1191 3094 quam
1211 3009 1272 3073 sibi
1288 3011 1391 3093 poscit
1404 3035 1534 3087 evauno.

283 3105 333 3172 hie
347 3113 484 3178 morbus
498 3115 632 3193 ratione,
644 3135 719 3179 cum
733 3114 858 3178 variolis
873 3113 949 3177 satis
965 3112 1132 3176 convenit:
1155 3112 1391 3178 medicamenta
1403 3105 1547 3176 Μ

282 3217 314 3273 et
328 3216 478 3299 regimen
492 3217 642 3281 calidiora
660 3217 792 3301 periculi
806 3215 992 3300 plenissima
1010 3223 1097 3294 sunt,
1113 3222 1190 3280 utut
1203 3197 1469 3299 frequenter‘m
1401 3260 1426 3300 ἄ
1433 3255 1546 3306 medensi

283 3311 316 3377 in
330 3339 429 3384 usum
439 3328 629 3384 revocentur
639 3319 700 3384 ab
691 3341 810 3403 rgnans
822 3340 992 3402 aegrorum
1000 3319 1220 3399 curatricibus,
1231 3320 1428 3386 eoanimo¹¹¹
1401 3318 1495 3368 “⁰⁰¹10

283 3425 319 3480 ut
339 3421 473 3486 morbus
493 3443 513 3484 a
526 3423 621 3486 corde
635 3423 746 3506 procul
762 3421 998 3486 submoveatur.
1044 3421 1211 3486 Faehciter
1226 3443 1304 3506 prae
1319 3397 1415 3487 aliis
1401 3398 1487 3496 oldae

283 3521 362 3587 mihi
388 3523 482 3588 cessit
504 3524 675 3588 methodus
700 3524 764 3602 illa,
780 3545 844 3608 qua
871 3544 967 3606 aeger
992 3522 1032 3586 ad
1058 3523 1125 3587 dics
1146 3524 1239 3589 binos
1265 3525 1416 3590 mlumv'
1400 3463 1517 3560 ”nilon

282 3627 429 3690 ternosve
444 3626 485 3690 ab
501 3627 667 3710 eruptione
682 3627 765 3690 lecto
783 3625 1031 3708 astringebatur,
1048 3647 1112 3708 quo
1126 3626 1258 3709 sanguis
1271 3627 1389 3692 leniter

283 3745 339 3806 pro
361 3729 467 3794 morbi
488 3728 582 3812 genio
603 3727 772 3812 particulas
797 3727 1011 3792 inflammatas
1032 3727 1125 3793 facile
1146 3729 1347 3814 separabiles,
1368 3752 1389 3794 a

283 3831 398 3912 quibus
409 3831 641 3910 offendebatur,
653 3851 711 3914 per
724 3829 806 3894 cutis
819 3829 976 3914 spiracula
990 3829 1136 3911 difflaret,
1146 3853 1207 3896 nec
1217 3832 1385 3910 lodicibus,

281 3951 342 3998 nec
363 3934 449 4018 igne,
464 3941 591 4017 praeter
611 3933 744 3997 modum
767 3954 862 4016 quem
889 3955 986 3996 sanus
1007 3934 1150 4012 tenebat,
1166 3934 1309 4017 adjectis.
1352 3935 1387 3998 A

282 4035 431 4100 carnibus
443 4035 683 4119 quibuscunque
699 4034 860 4113 arcebam;
880 4035 1008 4118 jascub
1022 4055 1186 4113 avenacea,
1198 4035 1383 4112 hordeacea,

282 4143 314 4200 et
325 4137 449 4216 similia,
459 4158 693 4220 nonnunquam
702 4143 735 4200 et
745 4149 877 4220 por'num
889 4143 1017 4200 coetum
1026 4134 1249 4200 concedebam.
1281 4135 1383 4198 Potus

280 4238 330 4302 vel
351 4245 420 4302 erat
445 4238 594 4302 cerevisia
615 4238 731 4316 tenuis,
751 4238 801 4302 vel
823 4237 872 4300 lac
897 4257 973 4300 cum
998 4256 1099 4319 aquae
1124 4235 1221 4316 triplo
1243 4242 1380 4298 coctum.

280 4337 522 4423 basimque
550 4339 626 4404 huie
651 4339 764 4404 morbo
793 4338 859 4402 fere
886 4337 1014 4402 assidua
1036 4345 1094 4416 est,
1118 4335 1250 4400 decocto
1275 4336 1381 4418 aliquo

279 4441 432 4522 pectorali
447 4440 582 4506 subinde
596 4443 710 4506 hausto
722 4440 887 4504 delinitam
898 4437 993 4515 volui,
1005 4438 1079 4500 uti¹¹
1093 4436 1191 4500 etiam
1205 4438 1380 4522 eclegmate

163 4595 164 4628 ἄ
279 4541 385 4625 aliquo
407 4541 546 4605 eundem
568 4565 699 4627 scopum
726 4542 916 4624 attingente.
939 4559 941 4562 ·
962 4542 1008 4602 At
1029 4561 1104 4623 prae
1125 4539 1255 4624 reliquis
1277 4540 1380 4605 diaco

280 4723 462 4831 „⁶:⁸qu
396 4721 462 4766 atrab
476 4722 582 4768 eramus
595 4719 695 4782 niet]
881 4713 1055 4778 'aclum]om.
1068 4715 1166 4766 ed'to.

401 4783 549 4841 ardutarpe
548 4793 577 4830 rt
883 4779 1248 4842 'att-aetatis]om.ed.’76.

805 4859 861 4922 ab
