3825 5759
570 1697 823 1789 ΤΗΟΜΑΕ
868 1695 1215 1791 SYDENHAM.

339 1947 539 2011 (Cosscsrrrr
549 1958 568 1994 Δ
578 1939 697 1998 Cerceo
706 1940 741 1993 G.
751 1924 846 2005 lidus,
856 1956 1092 1999 ermedramnus
1102 1956 1204 1994 sacris
1211 1945 1444 2010 menenensis.)

386 2128 534 2193 linones
562 2125 770 2205 Srnrunssr,
786 2146 873 2190 anno
903 2126 998 2205 1624,
1013 2132 1110 2190 natus
1132 2126 1195 2191 fnit
1220 2128 1256 2191 in
1280 2147 1365 2210 pago
1389 2128 1443 2193 cui
1457 2135 1597 2197 aulem,

337 2250 464 2295 nomen
494 2226 639 2310 Μηνᾶ
664 2228 774 2309 capu,
796 2227 833 2291 n
860 2227 1025 2311 provincia
1052 2228 1251 2309 nomene,
1280 2228 1339 2293 uu
1371 2230 1442 2313 ejus
1456 2199 1599 2327 iffi,

338 2341 446 2420 pater,
459 2328 661 2408 Guilielmus,
676 2330 725 2393 vir
739 2350 922 2413 generosus,
933 2330 1042 2413 plures
1056 2349 1173 2413 eosque
1188 2330 1310 2414 amplos
1324 2330 1443 2395 fimdos
1456 2336 1529 2379 ΝΜ
1538 2337 1581 2379 ⁰⁸2

338 2430 556 2519 possidebas
605 2429 672 2497 Qui
685 2430 744 2493 lilii
758 2430 985 2496 educationem
1006 2432 1136 2511 rexerit,
1153 2439 1209 2496 aut
1230 2452 1296 2517 qua
1316 2432 1443 2499 ratione
1457 2450 1561 2515 neojur

337 2536 415 2620 ejus
442 2532 582 2598 infanda
609 2538 773 2597 transacta
800 2530 909 2611 fuerit,
940 2540 1142 2615 compertam
1174 2555 1243 2600 non
1274 2535 1442 2601 habemus.
1456 2516 1599 2629 ffi‘ssm·

339 2637 462 2720 Neque
484 2656 559 2700 vero
583 2634 692 2698 minus
717 2632 833 2697 incerti
856 2633 1037 2714 haeremus,
1063 2642 1200 2715 mature,
1226 2658 1330 2703 necne
1355 2638 1599 2759 emeremus·

339 2736 452 2802 buerit
471 2736 609 2801 Thomas
627 2734 821 2799 documenta
841 2734 966 2819 ingenii
982 2736 1025 2801 ad
1038 2736 1186 2803 Naturae
1206 2740 1349 2804 studium
1370 2761 1443 2824 pre·
1486 2725 1549 2759 “¹¹¹⁸

340 2836 541 2904 merendum
554 2836 701 2920 inprimis
716 2836 793 2921 epti,
808 2836 859 2901 vel
873 2837 994 2920 aliquid
1010 2836 1122 2902 fecerit
1138 2838 1225 2902 unde
1241 2841 1445 2922 praesagium

341 2960 484 3023 magnae
511 2940 652 3005 nominis
681 2936 877 3003 celebritatis
905 2938 974 3020 peti
1002 2944 1131 3020 poterat
1160 2958 1258 3020 quem
1283 2941 1445 3022 quondam

340 3042 528 3109 felicissimo
549 3040 699 3108 Medicas
713 3038 804 3105 Artis
824 3036 931 3103 studio
950 3044 1036 3103 esset
1052 3045 1292 3105 consecuturus.
1338 3040 1446 3107 Quam

343 3144 389 3211 ob
403 3164 473 3209 rem
488 3143 665 3210 curiositati
679 3148 820 3219 nostrae,
837 3160 901 3224 quc
923 3138 1065 3205 naturali
1078 3140 1175 3207 modo
1189 3141 1232 3207 ad
1244 3143 1363 3227 primus
1376 3150 1446 3209 tam

342 3245 503 3333 praeclari
514 3245 638 3330 ingenii
654 3242 905 3327 significationes
924 3241 1148 3323 observandas,
1163 3266 1224 3310 nec
1237 3266 1306 3311 non
1320 3246 1362 3311 ad
1376 3248 1446 3332 ejus

342 3347 511 3413 infantiles
534 3347 624 3432 quasi
643 3344 881 3430 disquisitiones
907 3350 1034 3411 attento
1063 3346 1173 3412 animo
1198 3350 1444 3433 persequendas,

343 3449 503 3529 ducimur,
518 3448 652 3515 modum
667 3454 810 3512 statuere
824 3447 988 3512 debemus.

372 3550 435 3636 [2.]
451 3552 496 3615 In
505 3549 723 3634 Sydenhamic
734 3555 845 3613 nostro
852 3549 921 3632 jem
933 3568 952 3613 e
960 3549 1073 3632 primis
1083 3552 1240 3634 pueritiae
1252 3553 1346 3617 annis
1355 3575 1446 3618 men-

343 3654 389 3719 tis
406 3652 519 3731 aciem,
531 3650 646 3736 judicii
666 3648 890 3727 subtilitatem,
906 3648 1115 3735 discendique
1133 3653 1280 3719 ardorem
1298 3655 1446 3739 viguisse,

343 3756 399 3819 vix
415 3754 451 3818 in
471 3752 607 3819 dubium
625 3752 731 3817 vecari
751 3758 869 3835 potest,
886 3751 1013 3816 etiamsi
1026 3752 1112 3817 inter
1133 3775 1265 3821 coaevos
1281 3757 1365 3820 nulli
1382 3758 1448 3823 sint

345 3856 403 3941 qui
416 3854 451 3921 id
465 3854 593 3921 disertis
607 3854 712 3919 verbis
726 3860 898 3919 testentur.
944 3854 1078 3919 Etenim
1091 3855 1154 3921 hoc
1167 3858 1307 3923 'I'homas
1324 3858 1447 3943 Syden·

343 3958 423 4023 ham
445 3977 521 4023 cum
545 3956 714 4041 permultis
740 3956 820 4033 aliis,
844 3956 947 4039 iisque
970 3956 1239 4040 celebratissimis,
1263 3959 1339 4023 viris
1362 3980 1447 4025 com-

344 4080 447 4126 mune
465 4059 574 4139 hebet,
594 4059 680 4142 quod
696 4056 819 4141 ingenii
839 4058 1029 4123 excellentia
1052 4066 1086 4123 et
1105 4060 1296 4127 eruditionis
1316 4060 1448 4126 ubertas

344 4184 414 4230 nen
433 4162 496 4227 nisi
517 4184 557 4227 ex
576 4182 689 4227 eorum
711 4161 837 4245 scriptis
858 4159 1018 4244 rebusque
1040 4162 1140 4244 gestis
1163 4168 1308 4239 constet3
1331 4160 1449 4244 quibus

344 4272 458 4330 autem
486 4262 649 4348 magistris
681 4262 762 4327 illud
793 4262 971 4327 excitatum
1000 4262 1239 4344 excultnmque,
1269 4280 1370 4344 quave
1398 4262 1451 4326 via

343 4367 427 4431 haec
441 4365 575 4431 collecta
589 4371 623 4430 et
637 4371 733 4429 encta
745 4364 854 4442 fuerit,
870 4383 930 4427 nos
944 4363 1075 4445 penitus
1089 4362 1200 4426 lateat.

395 4466 457 4552 [8.]
478 4464 570 4532 Quae
585 4486 659 4531 cum
673 4466 721 4530 ita
735 4465 809 4545 sint,
821 4462 932 4548 paucis
942 4462 1017 4541 illis,
1030 4482 1113 4545 quae
1128 4468 1185 4527 aut
1198 4464 1267 4548 ipse
1283 4464 1450 4550 Sydenha-

343 4567 442 4647 mins,
453 4574 509 4634 aut
520 4567 575 4633 alii
584 4567 620 4632 in
632 4566 758 4650 scriptis
769 4566 835 4630 suis
846 4563 951 4628 obiter
962 4562 1003 4626 de
1014 4563 1150 4647 juvenili
1161 4565 1231 4649 ejus
1242 4571 1347 4631 aetate
1356 4566 1451 4631 nobis

348 4810 355 4821 ·
379 4750 392 4773 ⁸
407 4742 474 4857 {qqs
488 4750 592 4794 aemma
610 4741 692 4791 videre
708 4746 745 4789 est
761 4739 827 4803 apud
843 4738 965 4785 Joumsrn
982 4738 1116 4797 Eusebius,
1127 4740 1191 4788 Hier.
1204 4738 1232 4800 os
1238 4742 1391 4795 Muclus,
1402 4740 1450 4787 vol.

347 4824 363 4858 1.
377 4824 402 4871 p.
462 4842 468 4857 .
