3825 5759
443 665 840 737 OBSERVATIONUM
863 671 1147 739 MEDICARUM
1170 681 1203 734 V.
1221 689 1245 736 o.
1336 677 1401 740 229

298 824 486 912 pulmonum
513 835 605 916 quasi
634 835 819 899 constrictio
845 836 1093 919 coarctatioqua
1116 836 1205 901 unde
1231 836 1401 922 difficulter
1436 859 1537 911 Turres

298 934 436 1016 spirabat
459 957 564 1020 aeger,
591 936 799 1001 inhibebatur
820 937 939 1016 Tussis,
965 938 1165 1002 excitabatur
1185 938 1284 1002 febris
1304 938 1399 1003 vehe·
1412 924 1553 1042 fflffissq

297 1037 444 1101 mentior.

339 1137 401 1226 [7.]
427 1139 524 1206 Pebri
540 1150 572 1206 et
590 1143 736 1226 pessimis
757 1145 826 1228 ejus
847 1145 1071 1228 symptomatis
1091 1146 1269 1210 rectissime
1285 1146 1399 1230 (qnan-

295 1245 363 1304 tum
378 1251 530 1308 accurate
544 1244 630 1308 facta
644 1244 867 1312 observatione
881 1247 963 1309 mihi
983 1248 1152 1330 constitit)
1170 1249 1399 1313 occurrebatur

294 1347 550 1411 venae-sectione
572 1347 608 1410 in
630 1347 772 1426 brachio,
799 1357 833 1412 et
858 1349 1049 1432 epirpastico
1072 1350 1199 1414 nuchae
1225 1352 1397 1434 applicato,

294 1447 427 1531 clystere
441 1449 522 1513 item
538 1449 681 1532 quotidie
695 1449 877 1533 injiciendo.
914 1452 1061 1534 Aegrum
1076 1451 1209 1515 interim
1223 1453 1398 1516 monebam

294 1557 329 1612 nt
344 1550 483 1634 singulis
498 1551 610 1615 diebus
625 1551 667 1616 ad
681 1551 776 1616 horas
791 1553 913 1635 aliquot
928 1553 1012 1616 lecto
1027 1553 1207 1631 absisteret,
1218 1553 1397 1618 abstineret

294 1673 312 1714 a
336 1653 499 1733 carnibus,
524 1675 613 1718 nunc
638 1655 822 1719 cerevisiam
851 1663 995 1733 tenuem,
1019 1677 1107 1719 nunc
1125 1657 1179 1720 lac
1203 1677 1304 1739 aquae
1325 1678 1398 1740 per-

293 1757 435 1837 mistum,
451 1778 542 1822 nunc
556 1758 718 1842 ptisanam
736 1758 877 1842 aliquam
891 1759 1137 1842 refrigerantem
1154 1780 1192 1823 ae
1206 1759 1395 1838 lenientem,

293 1858 443 1925 sorberet.
489 1860 608 1944 Elapso
615 1861 684 1944 jam
699 1859 798 1924 biduo
813 1860 969 1940 triduove,
985 1862 1013 1923 si
1031 1861 1178 1924 nondum
1193 1861 1396 1925 minueretur

292 1959 378 2026 dolor
399 1963 521 2041 lateris,
537 1962 593 2026 sed
616 1963 722 2028 adhuc
742 1963 949 2028 vehementer
971 1971 1110 2047 urgeret,
1129 1964 1322 2048 sanguinem
1344 1984 1392 2028 se-

291 2064 395 2130 cundo
411 2065 548 2142 detraxi,
559 2071 592 2128 ct
606 2071 644 2128 nt
655 2065 690 2128 in
704 2087 767 2130 usu
782 2073 969 2130 enematnm
977 2067 1162 2149 persisteret
1177 2066 1283 2131 adhue
1293 2067 1390 2131 suasi.

290 2166 451 2232 Enemata
474 2175 583 2232 antem
609 2169 695 2251 quod
721 2169 849 2248 attinet,
876 2169 1050 2252 diligenter
1073 2170 1305 2234 advertendum
1331 2177 1390 2249 est,
1404 2190 1534 2254 Eremia,

293 2269 370 2350 (tam
383 2271 421 2335 in
445 2271 506 2335 hac
520 2292 618 2354 qnam
641 2271 710 2335 aliia
732 2271 898 2354 febribus)
915 2293 963 2351 ea,
975 2273 1045 2355 jam
1066 2273 1175 2337 fractis
1196 2273 1302 2337 morbi
1316 2274 1390 2338 viri-
1404 2256 1548 2371 (ffimssw

290 2371 348 2437 bus
363 2381 397 2438 et
413 2381 525 2438 retusa
535 2373 613 2452 acie,
624 2395 692 2438 non
703 2373 760 2436 din
769 2382 801 2438 et
810 2374 965 2439 continno
975 2377 1152 2459 repetenda
1162 2397 1241 2455 esse,
1250 2377 1390 2441 maxime
1402 2335 1546 2464 lebripial

289 2475 322 2539 in
336 2477 488 2542 foeminis
507 2477 648 2560 passioni
663 2476 841 2561 hystericae
863 2478 1019 2557 obnoxiis,
1036 2487 1094 2543 ant
1107 2479 1184 2542 viris
1204 2479 1390 2563 hypochon-
1402 2448 1546 2563 Mill-¹¹3

290 2577 424 2657 driacis3
455 2599 530 2642 cum
555 2578 670 2642 talium
694 2578 825 2662 sangnis
851 2586 948 2662 atque
977 2579 1129 2645 humores
1158 2576 1517 2660 amaeamabuun

289 2681 363 2761 sint,
380 2703 419 2746 ae
441 2681 532 2746 nullo
546 2682 613 2746 fere
634 2682 765 2764 negotio
785 2683 992 2766 exagitentur
1008 2691 1106 2765 atque
1128 2690 1286 2760 aestuent,
1301 2684 1390 2748 unde
1403 2651 1540 2764 iiliiiipe'

288 2786 497 2868 perturbatur
511 2787 651 2870 corporis
666 2786 860 2864 oeconomia,
877 2793 910 2850 et
924 2793 1142 2869 symptomata
1151 2786 1277 2850 febrilis
1290 2788 1388 2851 etiarn
1402 2771 1545 2885 ffissssifl

288 2888 372 2952 ultra
388 2890 516 2953 solitam
530 2889 698 2972 periodum
713 2909 825 2970 aegros
840 2888 1045 2951 discruciant.
1401 2896 1538 2972 hystoricis,

332 2989 397 3078 [8.]
424 2990 488 3054 Sed
509 2999 548 3056 ut
570 2991 697 3055 adrem
718 2998 931 3056 revertamur:
955 2989 1033 3052 dum
1048 2989 1110 3053 hoc
1128 2995 1223 3072 pacto
1245 2991 1385 3074 spatium
1398 2976 1539 3089 ssnpfflflgn

288 3093 400 3158 morbo
414 3094 670 3173 concederemus,
682 3115 745 3178 quo
757 3092 888 3176 sanguis
899 3092 1018 3156 calidas
1028 3091 1099 3154 illas
1108 3091 1291 3176 particulas,
1304 3113 1387 3175 quae
1400 3090 1494 3141 durus

288 3196 321 3260 in
336 3199 481 3282 pleuram
497 3220 534 3263 ac
553 3200 722 3283 pulmones
741 3198 954 3280 impegerant,
971 3196 1091 3260 sensim
1110 3203 1284 3277 excuteret,
1302 3219 1388 3282 sym·

287 3307 432 3382 ptomata
446 3303 594 3366 universa
610 3301 734 3384 placide
749 3300 896 3366 solebant
911 3319 1119 3377 evanescere3
1135 3319 1210 3362 cum
1225 3300 1281 3382 qni
1303 3321 1388 3365 mor-

288 3401 365 3466 bum
380 3404 517 3468 ferocius
533 3411 629 3487 atque
649 3404 757 3467 hostili
776 3423 876 3466 manu
898 3402 1179 3486 aggrediebantur,
1194 3401 1321 3485 ingenti
1338 3423 1388 3466 re-

286 3506 465 3569 mediorum
485 3507 650 3570 molimine
672 3505 793 3569 bellum
808 3506 993 3584 inferentes,
1008 3505 1059 3568 vel
1078 3525 1152 3568 suos
1167 3523 1279 3586 aegros
1294 3504 1387 3568 amit-

287 3612 403 3687 terent,
425 3609 477 3672 vel
505 3609 619 3671 saltem
648 3607 867 3691 phlebotomia
896 3609 1022 3692 saepius
1050 3606 1188 3690 repetita
1212 3627 1309 3689 quam
1337 3607 1389 3671 vel

286 3711 470 3790 postulabat
492 3711 597 3775 morbi
623 3709 747 3793 genius,
763 3711 813 3774 vel
837 3711 935 3774 etiam
960 3718 1034 3773 tuto
1055 3709 1188 3786 ferebat,
1211 3708 1387 3772 eorundem

286 3811 384 3875 vitam
406 3812 563 3877 redimere
590 3820 791 3895 cogerentur.
837 3812 921 3876 Cum
947 3812 1035 3876 enim
1057 3812 1093 3874 in
1113 3832 1189 3874 vera
1210 3811 1387 3875 Pleuritide
1400 3836 1515 3887 rienes.

286 3915 499 3978 venae-sectio
520 3915 657 3998 repetita
678 3935 807 3978 omnem
827 3935 1000 3978 numerum
1022 3911 1174 3988 absolvat,
1195 3912 1325 3996 solaque
1345 3913 1386 3976 ad
1399 3904 1517 3976 ’Μὴ

1399 3975 1501 4028 repetita

285 4017 484 4080 curationem
508 4018 653 4096 sufficiat,
676 4017 783 4099 (modo
805 4039 872 4081 non
890 4016 1075 4080 obstiterint
1096 4013 1331 4078 medicamenta
1352 4022 1385 4078 ct
1398 4045 1539 4080 venae-see-

285 4119 429 4201 regimen
450 4119 611 4198 calidiora,
635 4141 716 4204 quae
736 4127 849 4184 contra
870 4119 1036 4200 militant)
1056 4137 1095 4180 ex
1118 4116 1249 4179 adverso
1270 4116 1306 4179 in
1323 4115 1385 4179 hoc
1396 4101 1542 4205 {ffffl‘m‘

286 4233 499 4309 symptomate
523 4227 601 4290 satis
624 4232 693 4289 erat
720 4225 827 4302 semel,
850 4225 961 4288 velut
985 4222 1162 4305 plurimum
1187 4218 1247 4297 bis,
1269 4240 1385 4282 venam
1399 4238 1429 4285 ιιι
1444 4239 1490 4287 ιω

285 4347 416 4407 secasse,
432 4329 528 4392 modo
544 4349 640 4411 aegro
651 4327 879 4392 concederetur
893 4333 930 4388 ut
946 4325 1058 4388 eleeto
1073 4327 1242 4403 exurgeret
1257 4326 1290 4384 et
1304 4328 1385 4404 potu
1397 4301 1481 4425 Ξξξζῖ,
1493 4371 1531 4418 ver

284 4429 486 4513 refrigeranti
508 4439 662 4494 uteretur.
718 4429 821 4493 Nulla
850 4434 958 4492 autem
983 4425 1118 4507 cogebat
1147 4423 1321 4487 nemim
1346 4423 1384 4506 (εἰ
1397 4432 1524 4554 fflssg,

284 4529 367 4597 bene
389 4533 642 4614 observaverim)
668 4532 859 4615 sanguinem
882 4529 1009 4612 saepius
1034 4527 1178 4606 educere,
1201 4526 1265 4590 nisi
1285 4525 1343 4591 ubi
1365 4548 1484 4608 avenam
1493 4577 1532 4609 κ,

285 4633 388 4698 calore
409 4635 486 4698 foris
509 4635 680 4699 accedente
703 4634 874 4698 admodum
896 4630 1120 4696 intenderetur
1149 4629 1274 4694 dietum
1298 4651 1384 4714 sym-
1397 4639 1464 4672 ⁰²⁸⁸0
1475 4626 1534 4672 ⁸⁸5⁸

284 4744 395 4817 ptoma
403 4763 412 4814 ;
435 4757 540 4818 neque
555 4737 652 4800 etiam
668 4737 702 4799 in
718 4736 779 4800 hoc
796 4759 872 4800 casu
887 4734 1030 4819 periculo
1044 4733 1078 4797 id
1093 4733 1226 4798 omnino
1240 4716 1384 4796 vacabat.¹
1395 4697 1453 4736 ‘m

329 4837 390 4923 [9.]
417 4839 513 4902 Hauc
532 4839 599 4921 jam
624 4847 736 4902 nactus
760 4862 880 4918 ansam,
900 4837 1037 4922 paucula
1056 4837 1095 4901 de
1118 4858 1155 4902 eo
1176 4835 1279 4900 dicam
1298 4833 1384 4918 quod
1398 4843 1541 4892 Derisure.
