3825 5759
546 676 845 741 DISSERTATIO
869 677 1176 742 EPIS'POLARIS.
1344 681 1406 743 381

170 895 181 905 .
307 838 384 902 ferri
407 838 549 903 minerae
572 846 649 901 sunt
664 838 846 921 participes,
862 838 950 903 haud
970 838 1051 903 mihi
1065 838 1200 903 dubium
1215 845 1265 903 est
1279 839 1408 903 eosdem
1440 856 1546 905 Duar-

172 1002 191 1011 ,
307 942 424 1005 exinde
449 942 557 1004 minus
582 941 723 1005 efficaces
746 940 848 1005 reddi.
893 942 972 1006 Non
995 964 1067 1005 sum
1098 941 1226 1006 nescius
1253 942 1408 1025 quosdam

1422 933 1495 968 reor.
1505 922 1562 969 Hr-

1433 998 1552 1033 sreaics.

306 1044 406 1107 fuisse
422 1051 559 1121 sanatos,
576 1042 760 1107 catharticis
782 1064 848 1107 non
868 1050 999 1107 tantum
1013 1044 1221 1123 intercalatis,
1237 1045 1407 1109 sedetiam
1418 1050 1554 1064 ““““““

158 1182 181 1219 ·;
307 1145 451 1227 quotidie
474 1167 548 1209 cum
570 1144 704 1229 chalybe
722 1146 899 1229 propinatis
911 1168 919 1221 ;
944 1147 1031 1229 quod
1044 1154 1154 1211 tamen
1168 1169 1236 1211 non
1251 1154 1320 1211 tam
1335 1148 1406 1212 Me-

308 1248 372 1311 dici
395 1248 610 1331 prudentiam,
634 1269 730 1331 quam
760 1248 902 1333 chalybis
928 1250 1082 1313 virtmem
1104 1248 1304 1336 ἐνερητικήν
1326 1251 1407 1314 mihi

307 1349 504 1433 comprobat,
528 1372 611 1429 cum,
637 1351 664 1415 si
686 1372 725 1415 ea
743 1351 946 1431 omittantur,
970 1351 1107 1416 breviori
1127 1354 1280 1436 temporis
1303 1355 1406 1438 spatio

306 1453 432 1516 curatio
447 1452 606 1517 succedat.

356 1554 438 1638 [99.]
466 1555 582 1638 Neque
602 1576 679 1619 sane
698 1556 790 1620 video
811 1554 847 1619 in
870 1556 940 1620 aliis
963 1556 1131 1621 affectibus
1152 1557 1263 1621 multis
1281 1564 1407 1641 praeter

300 1658 372 1740 jam
392 1657 525 1736 dictum,
543 1657 621 1741 quid
642 1658 862 1736 emolumenti,
879 1658 943 1722 sive
966 1659 1074 1743 potius
1096 1658 1174 1743 quid
1195 1681 1263 1723 non
1283 1660 1405 1724 incom-

158 1812 177 1824 ..
304 1760 403 1838 modi,
426 1767 494 1823 tam
523 1760 662 1845 repetita
690 1760 940 1825 catharticorum
966 1760 1122 1825 exhibitio
1151 1762 1255 1845 aegris
1281 1762 1406 1827 adferre

304 1871 411 1945 queat.
458 1862 612 1927 Quamvis
637 1862 724 1927 enim
750 1862 838 1926 haud
862 1863 1050 1946 negandum
1071 1872 1122 1929 est
1149 1865 1229 1948 quin
1249 1864 1407 1929 intestina

304 1986 345 2027 ex
364 1964 604 2048 impuritatibus
626 1964 764 2029 liberent
786 1986 834 2044 ea,
857 1974 890 2029 et
916 1966 1037 2049 pariter
1059 1988 1078 2030 e
1101 1989 1207 2031 massa
1228 1968 1406 2051 sanguinea

304 2067 455 2131 humores
470 2067 581 2131 noxios
599 2068 634 2130 in
654 2089 693 2131 ea
707 2067 906 2132 stabulantes
929 2068 1166 2153 aliquantulum
1188 2070 1404 2150 extrahant,e

304 2177 418 2235 contra
440 2178 551 2235 tamen
566 2171 662 2236 'haud
686 2172 795 2235 minus
819 2178 944 2235 certum
969 2180 1018 2236 est
1041 2172 1126 2256 quod
1147 2174 1333 2257 frequenter
1353 2196 1403 2239 re·
1417 2189 1532 2304 lump

1415 2270 1444 2302 08
1519 2272 1547 2305 0⁸

303 2274 406 2357 petita
419 2274 455 2338 in
469 2275 653 2359 corporibus
668 2274 836 2339 imbecillis
854 2276 1004 2358 (maxime
1026 2297 1100 2340 vero
1121 2277 1157 2340 in
1179 2277 1339 2342 aetatibus
1353 2286 1402 2342 te·
1414 2320 1558 2369 mimboess,

304 2380 419 2462 nellis,)
444 2379 621 2463 plurimum
644 2378 803 2456 officiaut;
836 2399 911 2443 cum
940 2398 980 2442 ex
1009 2378 1070 2443 hac
1095 2378 1258 2465 προφάσει
1285 2380 1401 2463 ingens
1414 2383 1530 2460 lisqtin.

303 2480 477 2545 humorum
497 2482 647 2546 colluvies
666 2481 702 2543 in
721 2480 841 2545 viscera
861 2482 1018 2559 eliciatur,
1035 2490 1133 2565 atque
1147 2481 1187 2544 iis
1205 2481 1242 2545 in
1255 2482 1401 2565 partibus
1412 2448 1548 2574 {ifflm

304 2581 449 2665 deposita
468 2581 731 2646 fermentationes
748 2584 1039 2666 praeternaturales
1061 2584 1197 2662 invitet3
1221 2606 1259 2648 ex
1285 2585 1401 2668 quibus
1414 2576 1539 2634 ⁰ff¹⁰³¹¹¹²t³

304 2684 453 2769 deinceps
475 2691 618 2749 tumores
633 2684 670 2748 in
690 2684 802 2750 infimo
816 2692 927 2749 ventre
948 2686 1107 2763 oriuntur,
1123 2692 1216 2749 tanto
1234 2687 1337 2769 magis
1352 2686 1401 2750 in-
1414 2696 1480 2744 unde
1491 2706 1531 2774 tu·

304 2787 372 2851 dies
386 2789 471 2853 mole
482 2794 698 2871 augescentes,
712 2795 833 2871 quanto
844 2788 971 2871 saepius
983 2809 1078 2871 aeger
1088 2795 1255 2871 purgetur.
1291 2792 1402 2873 Atque
1413 2776 1513 2873 quqqqi

1514 2778 1531 2811 u

304 2889 339 2953 id
353 2889 484 2953 demum
498 2890 623 2969 accidit,
639 2898 676 2954 ut
692 2890 770 2954 istae
785 2898 901 2974 partes,
914 2911 990 2975 prae
1005 2889 1225 2955 imbecillitate
1240 2897 1273 2955 ct
1288 2892 1401 2956 caloris
1414 2898 1504 2947 ventre,

304 2992 406 3056 nativi
423 2993 501 3076 (jam
520 2992 579 3057 sub
599 2994 771 3058 humorum
791 3014 887 3057 onere
912 2993 1004 3076 quasi
1022 2992 1152 3074 obruti,)
1170 2993 1308 3073 defectu,
1325 2994 1402 3060 tabe

303 3094 398 3159 facile
413 3096 592 3160 afficiantur
602 3118 639 3161 ao
653 3104 849 3181 putrescant.
882 3095 1085 3179 Quandoque
1096 3095 1205 3175 etiam,
1217 3098 1403 3162 oeconomia

304 3199 461 3263 viscerum
489 3200 530 3264 ob
561 3222 671 3264 causas
692 3202 761 3285 jam
790 3200 892 3263 dictas
921 3200 1051 3284 penitus
1081 3220 1199 3277 eversa,
1230 3200 1402 3285 glandulae
1414 3205 1545 3266 glandulae

303 3302 602 3383 praeternaturales,
619 3310 759 3367 strumae
774 3302 907 3379 soboles,
924 3308 956 3366 et
971 3300 1005 3365 id
1020 3323 1123 3385 genus
1139 3302 1264 3381 similia,
1276 3324 1401 3368 mesen·
1415 3279 1554 3384 ξζξξῖξζῗζ

302 3402 383 3467 terio
403 3412 598 3484 accrescunt,
625 3412 658 3469 et
680 3406 721 3468 ad
743 3412 880 3468 mortem
901 3405 986 3468 siam
1012 3411 1173 3469 sternunt.
1220 3406 1282 3469 His
1305 3407 1401 3471 ratio·
1413 3408 1533 3512 ¹1:1¹3oede

303 3507 398 3571 nibus
421 3508 579 3573 adductus
602 3508 801 3573 tutissimum
826 3530 894 3573 esse
914 3508 1026 3593 judico
1050 3509 1086 3571 in
1111 3508 1300 3588 infantibus,
1326 3517 1399 3593 post
1416 3498 1543 3576 roissia-

302 3612 523 3675 evacuationes
547 3612 740 3676 universales
763 3632 879 3695 easque
902 3632 1086 3695 perpaucas,
1109 3632 1148 3675 eo
1170 3610 1401 3676 indicationem
1414 3593 1539 3705 2:¹5¹?ssssss

303 3714 478 3777 curativum
496 3714 643 3798 dirigere,
659 3722 697 3779 ut
712 3715 935 3779 confortentur
950 3716 1082 3799 sanguis
1102 3722 1135 3779 et
1155 3715 1291 3793 viscera;
1316 3715 1403 3798 quod
1415 3720 1450 3768 les
1461 3722 1555 3769 coufor-

302 3816 419 3893 viuum¹
445 3816 668 3900 Hispanicum,
696 3818 744 3881 vel
774 3818 878 3883 solum
904 3818 954 3881 vel
983 3816 1092 3882 herbis
1121 3817 1402 3882 corroborantibus
1414 3794 1557 3911 ἑᾞῗῑῗ

302 3920 484 3998 alteratum,
509 3922 631 3985 efficere
652 3921 737 4004 potis
759 3928 817 3999 est,
840 3921 936 3985 modo
959 3942 1055 3986 mane
1077 3928 1111 3985 et
1134 3942 1205 3985 sero
1226 3919 1403 3985 cochlearia
1414 3930 1476 3963 θεῖ’·

303 4022 424 4107 aliquot
452 4024 521 4107 (pro
544 4024 669 4089 ratione
693 4024 807 4089 aetatis
837 4024 946 4105 aegri‚)
980 4025 1058 4088 satis
1088 4024 1145 4087 diu
1175 4024 1400 4089 exhibeantur.

304 4125 386 4189 Cum
404 4136 496 4190 ueroq
513 4148 594 4209 quae
614 4126 753 4191 exterius
776 4126 997 4203 admoventur,
1012 4132 1126 4188 tenera
1144 4125 1319 4189 infantium
1334 4146 1402 4188 oor-

302 4248 380 4310 pora
403 4220 495 4292 facile
518 4234 699 4311 penetrent,
726 4228 925 4310 proindeque
951 4226 1143 4307 sanguinem
1168 4225 1275 4306 ipsum
1301 4226 1401 4306 quali-

303 4350 428 4414 cunque
447 4331 567 4395 virtute
590 4352 650 4394 sua
668 4330 797 4414 penitus
817 4328 968 4403 afficiant,
989 4348 1008 4389 e
1029 4348 1064 4389 rc
1086 4327 1148 4389 erit
1166 4326 1201 4388 in
1220 4325 1402 4389 tumoribus

304 4433 358 4515 qui
379 4440 524 4496 ventrem
546 4454 658 4497 eorum
683 4436 851 4511 occupant,
872 4428 937 4489 sive
961 4428 1139 4508 scrophulis
1165 4427 1231 4489 sive
1252 4427 1401 4491 rachitidi

303 4556 393 4600 verae
415 4536 573 4619 originem
594 4535 642 4597 illi
663 4529 1006 4608 debeant„linimentis
1028 4530 1088 4606 uti,
1104 4550 1186 4611 quae
1209 4530 1401 4613 sanguinem

303 4660 338 4702 ac
353 4640 473 4703 viscera
487 4635 722 4713 corroborandi,
738 4654 774 4697 ac
788 4632 908 4715 pariter
924 4628 1028 4691 labem
1044 4631 1184 4713 aliquam
1203 4632 1401 4697 morbificam

303 4741 339 4803 iis
355 4742 522 4805 inductam
539 4735 676 4814 delendi,
692 4736 722 4799 vi
737 4735 869 4818 pollent.

605 4874 615 4905 l
633 4872 687 4914 Cum
700 4868 871 4914 uero—ludusa
878 4858 970 4922 fiterit]
982 4874 1029 4907 om.
1040 4862 1077 4908 ed.
1090 4864 1137 4909 '82
