3825 5759
506 564 570 625 588
817 560 1012 627 ΤΗΟΜΑΕ
1036 562 1296 629 SYDENHAM

401 721 443 769 Dc
507 720 609 783 [itm.
621 723 698 787 titt]
735 717 767 798 R
787 718 895 775 Badicia
907 722 1058 776 Gentianae
1071 722 1176 775 unciam
1188 738 1279 787 mam,
1334 718 1338 729 ’

351 786 493 865 Q
788 806 979 863 summitatum
992 808 1127 873 Genistae

787 894 1006 960 [summitatum]
1019 896 1156 949 Centaurii
1168 894 1292 961 Minoris,

788 979 1613 1055 [SummitstumJAbsinthiiVulgariaauamanipulumunum,

788 1066 926 1121 Sentinum
938 1066 1084 1132 Poeniculi,

788 1151 953 1222 [Seminum]
969 1152 1131 1215 Petrcselini,
1142 1168 1195 1205 auc
1206 1149 1345 1207 dmchmas
1356 1152 1438 1216 duas3

646 1240 741 1293 incisis
751 1240 878 1292 minutim
889 1236 997 1292 affunde
1008 1237 1072 1292 Vini
1085 1237 1209 1291 Rhenani
1218 1238 1299 1293 libras
1310 1248 1440 1309 quatuor;

646 1326 724 1381 Steut
740 1326 820 1380 simul
835 1325 863 1377 iu
881 1323 1014 1379 infusione
1030 1324 1135 1395 frigido,
1147 1336 1174 1379 et
1190 1324 1290 1379 coletur
1307 1326 1474 1381 solummodo
1490 1336 1611 1401 tempore

643 1431 715 1468 usus

552 1534 638 1617 [9.]¹²
659 1533 863 1612 Notandum,
879 1555 954 1598 cum
969 1534 1010 1597 ad
1025 1534 1301 1599 corroborantium
1316 1556 1413 1599 usum
1429 1536 1609 1603 deventum

502 1634 610 1715 fuerit,
630 1657 764 1719 aegrum
786 1636 994 1701 nullomodo
1016 1657 1085 1701 esse
1106 1637 1321 1720 purgandum,
1342 1638 1506 1722 tantisper
1528 1640 1609 1705 dum

503 1736 669 1820 sauguinis
685 1736 937 1801 corroborationi
951 1744 1087 1802 navetur
1102 1760 1208 1822 opera.

546 1838 643 1905 Quod
658 1847 691 1903 et
701 1860 759 1923 per
770 1839 886 1903 salium
900 1840 1087 1903 lixivialium
1103 1862 1198 1905 usum
1213 1842 1346 1906 omnino
1358 1842 1607 1924 observandum,

502 1961 566 2024 quo
581 1941 711 2025 quidem
725 1950 870 2025 tempore
884 1943 1005 2025 pariter
1018 1943 1223 2009 corroborare
1238 1946 1396 2011 convenit.

504 2074 607 2140 [Fam.
618 2076 715 2139 220.]11
734 2072 766 2153 [ᾗ
786 2076 895 2130 Badicis
905 2077 1030 2148 Raphaui
1043 2078 1183 2133 Rusticani
1196 2081 1289 2134 uncias
1300 2090 1361 2143 tres,
1457 2102 1467 2117 =

785 2160 920 2215 Foliorum
932 2163 1103 2218 Cochlesriae
1116 2164 1267 2229 Hortensia,

784 2248 947 2319 [Foliorum]
961 2250 1095 2303 Absinthii
1106 2250 1240 2322 vulgaris,

784 2335 946 2405 [Foliorum]
961 2335 1074 2402 Salviae,

785 2422 977 2476 Summitatum
991 2423 1292 2496 Centaurii[li1inoris‚]

785 2508 1004 2576 [Summitatum]
1019 2508 1155 2573 Genistae,
1167 2526 1220 2564 ana
1231 2510 1380 2581 manipulos
1392 2520 1453 2576 tres,

781 2597 924 2649 ⁴turuutios
933 2597 1031 2662 incisos
1042 2604 1109 2657 tres;

644 2682 862 2736 Infundauturin
880 2682 984 2751 congiis
1002 2698 1048 2735 sex
1066 2682 1205 2736 cerevisiae
1216 2681 1289 2735 fortis
1308 2700 1361 2737 nou
1379 2684 1517 2753 lupuiatae
1535 2688 1607 2740 inter

641 2767 866 2822 fermentandum:
885 2770 920 2821 sit
931 2785 978 2838 pro
990 2778 1054 2837 potu
1066 2768 1208 2821 ordinario.

902 2989 998 3053 CAP.
1022 2989 1200 3053 XXXIV!

822 3152 871 3213 De
889 3151 1087 3213 Goacwdoeu
1109 3150 1277 3212 Vimleatc.

346 3300 480 3350 morbide·
544 3284 763 3350 Coannuurvr
788 3286 879 3349 dolor
903 3285 1093 3368 genitalium
1122 3284 1281 3363 insolitus,
1304 3292 1337 3349 et
1362 3285 1481 3349 rotatio
1509 3286 1601 3350 testi·

345 3366 452 3429 scriptio.
500 3388 646 3453 culorum
654 3414 664 3468 ;
686 3389 723 3451 in
737 3409 804 3451 non
818 3388 964 3452 recutitis
984 3387 1120 3466 macula,
1136 3386 1276 3451 morbiili
1296 3386 1431 3465 aemula,
1447 3386 1601 3469 glandem

499 3498 634 3572 occupat
642 3516 652 3569 ς
675 3491 787 3553 mutim
801 3512 821 3553 a
834 3492 927 3573 cujus
941 3496 1055 3554 exortu
1070 3490 1175 3572 liquor
1186 3488 1315 3552 seminis
1330 3488 1434 3551 instar
1447 3489 1599 3567 exstititit,

499 3590 564 3673 qui,
574 3590 748 3673 quotidiea
762 3591 892 3655 seminis
907 3592 1012 3656 colore
1023 3598 1056 3655 et
1066 3590 1276 3655 consistentia
1286 3590 1449 3668 recedens,
1458 3590 1599 3655 flavescit

497 3690 631 3755 tandem
656 3690 791 3755 dilutius
815 3692 867 3756 ovi
891 3692 1019 3771 vitello;
1041 3692 1077 3755 in
1101 3692 1155 3755 luc
1176 3691 1383 3757 virulentiore
1408 3692 1545 3770 virescit,
1566 3700 1599 3757 et

498 3814 600 3875 nqueo
626 3792 754 3857 humori
779 3794 988 3877 permiscetur
1014 3794 1172 3877 sanguine
1193 3794 1307 3858 unctu
1352 3794 1487 3858 Pustula
1511 3794 1599 3859 dicta

497 3896 589 3958 ulcus
603 3896 651 3975 fit,
667 3895 796 3980 aphthis
813 3897 977 3961 infantum
996 3896 1108 3976 rimile,
1123 3896 1227 3961 indies
1241 3896 1339 3960 latim
1358 3902 1392 3959 et
1406 3895 1598 3979 protimdius

497 3999 681 4082 depascens,
704 4000 949 4083 superveniente
976 3998 1087 4063 orificii
1113 4000 1204 4064 callo.
1249 3997 1348 4082 Verpi
1378 4019 1446 4061 non
1471 3996 1598 4081 glandis

496 4104 613 4183 ulcere,
633 4104 702 4169 sola
723 4104 942 4181 Gonorrhoes‚
965 4110 1145 4167 tentantur.
1190 4102 1271 4167 Mox
1292 4124 1430 4187 magnus
1453 4102 1543 4167 dolor
1560 4102 1598 4165 in

496 4228 579 4289 pene
598 4207 724 4291 quoties
744 4206 888 4289 erigitur,
911 4206 1003 4289 quasi
1025 4227 1125 4269 manu
1150 4213 1351 4271 transversus
1372 4206 1499 4270 fortiter
1520 4226 1597 4269 con·

496 4307 718 4391 stringeretur,
739 4313 840 4370 noctu
861 4306 1032 4390 praecipue
1053 4314 1158 4391 urget,
1179 4306 1258 4371 dum
1281 4326 1376 4389 aeger
1400 4306 1485 4370 lecto
1509 4305 1596 4369 inca·

494 4408 595 4472 lescit.
641 4409 802 4472 Curvatur
826 4409 917 4491 penis
940 4430 959 4471 a
985 4408 1096 4473 fraeno
1122 4414 1297 4473 contracto.
1342 4407 1478 4472 Accedit
1503 4407 1598 4471 ardor

495 4510 619 4587 urinae,
642 4510 728 4575 inter
749 4509 963 4593 mingendum
984 4510 1036 4574 vix
1057 4510 1282 4595 perceptibilis,
1303 4510 1359 4575 sed
1380 4509 1484 4574 mictu
1505 4506 1604 4573 finito
1636 4494 1640 4503 ⁸

527 4675 541 4702 u
559 4668 597 4714 cf.
612 4669 689 4715 rrae.
703 4670 738 4716 11.
749 4672 761 4725 t
774 4672 812 4717 aa.
1101 4668 1112 4699 v
1132 4672 1169 4719 ca
1182 4674 1258 4735 sper.
1271 4672 1377 4734 mem.
1392 4673 1426 4719 11.
1440 4672 1452 4731 a
1465 4672 1480 4719 o
1492 4686 1531 4733 tq.

526 4738 539 4762 ι
556 4731 595 4780 ct
607 4735 662 4779 rive
675 4735 688 4793 ς
700 4734 740 4789 as,
752 4742 776 4781 et
787 4734 858 4781 form.
870 4734 926 4784 217.
