3825 5759
503 636 567 696 648
810 634 1004 699 ΤΗΟΜΑΕ
1029 636 1287 699 SYDENHAM

351 806 490 855 Darassa
502 792 584 871 titis,
599 792 641 857 ad
655 794 810 859 naturalis
830 795 894 859 diei
914 796 1055 880 spatium
1072 796 1181 878 (idest
1199 797 1293 861 horas
1307 796 1423 881 viginti
1439 802 1603 882 quatuos)

351 870 491 983 Αξζᾚζ,
504 902 553 959 est
567 896 804 961 continuanda:
828 897 990 964 insudare
1004 898 1080 963 licet
1090 899 1226 983 juscnlis
1240 900 1459 964 confortetivis
1469 922 1606 985 aegrum

351 1000 490 1081 Q
504 999 643 1063 relicere.

549 1100 616 1165 Ubi
630 1106 739 1165 tumor
749 1108 864 1167 enatus
878 1100 987 1182 suerit,
1002 1124 1119 1167 venam
1134 1104 1257 1187 aperire
1268 1125 1336 1167 non
1351 1104 1501 1169 sustinui.
1539 1106 1607 1169 Per

503 1204 597 1268 horas
612 1204 716 1267 adhuc
731 1227 752 1268 a
764 1204 858 1268 finito
879 1206 995 1270 sudore
1009 1206 1124 1289 viginti
1139 1214 1287 1289 quatuor,
1303 1228 1398 1291 aegro
1418 1229 1453 1271 sc
1466 1208 1606 1272 inlecto

503 1306 701 1385 continente,
723 1306 826 1391 frigus
848 1316 942 1372 caute
965 1309 1134 1387 devitetur,
1157 1310 1323 1374 indusium
1345 1322 1461 1393 sponte
1482 1331 1542 1373 sua
1566 1310 1607 1373 in

502 1426 633 1490 corpore
657 1428 799 1473 arescere
823 1408 1040 1492 permittatur,
1065 1410 1236 1493 potuleuta
1260 1411 1370 1475 omnia
1395 1412 1605 1477 calidiuscule

501 1512 702 1594 hsunantnr,
712 1522 745 1579 et
760 1515 948 1599 sytbogalae
963 1516 1063 1579 salvia
1076 1516 1229 1581 alteratae
1239 1536 1318 1580 usus
1332 1518 1510 1581 etiamnum
1525 1538 1605 1582 eon-

501 1616 665 1681 tinuetur:
695 1616 730 1681 in
751 1618 898 1701 sequenti
912 1618 984 1680 luce
1004 1616 1098 1682 Potio
1121 1619 1294 1701 Purgativa
1308 1619 1499 1684 Cumania
1512 1620 1605 1684 exhi-

502 1718 627 1782 beatur.

545 1920 634 1984 Anni
652 1922 746 1998 1667,
764 1922 859 1999 1668,
875 1921 1003 1985 Febrim
1017 1921 1220 1985 Variolosam
1234 1927 1268 1985 et
1282 1921 1430 1985 Variolas
1443 1921 1604 2005 produxe·

501 2021 610 2098 runt¹;

544 2123 635 2185 Anni
651 2123 745 2201 1669,
763 2124 857 2202 1670,
875 2124 969 2201 1671,
987 2124 1082 2202 1672,
1098 2123 1227 2187 Febrim
1242 2124 1507 2208 Dysenterieam¹
1516 2151 1526 2203 ;

544 2226 634 2289 Anni
651 2226 745 2305 1673,
763 2227 966 2306 1674,1675,
983 2227 1113 2291 Febrim
1130 2224 1359 2291 Comatosam¹.

544 2327 754 2391 Curationem
773 2328 926 2393 Febrium
947 2329 1065 2393 horum
1087 2350 1247 2393 annorum
1267 2350 1336 2392 non
1353 2330 1480 2411 attingo
1488 2354 1499 2406 3
1522 2350 1604 2411 quo·

501 2430 590 2495 niam
608 2428 770 2507 methodo,
785 2430 822 2494 in
836 2428 924 2495 febre
942 2430 1021 2495 anni
1040 2431 1123 2495 1686
1140 2436 1201 2495 etc
1218 2430 1413 2515 desuper,
1428 2430 1534 2495 curari
1548 2451 1605 2495 eas

501 2532 644 2618 potuisse
659 2538 801 2597 autumo.

954 2684 1051 2751 cAP.
1075 2686 1151 2751 117.ΙΙ

794 2822 842 2885 De
856 2822 1004 2885 Febribus
1017 2821 1302 2885 Intermittealibas.

347 2966 489 3077 Puplxnpa‘iv
548 2946 630 3013 Cura
650 2949 756 3033 rigore
774 2956 807 3013 et
826 2948 959 3013 horrore
978 2947 1123 3013 adoritur
1141 2969 1361 3033 paroxysmus,
1381 2946 1499 3031 quibua
1524 2968 1600 3011 mox

345 3045 387 3077 1110

346 3094 451 3155 „rippa
502 3052 643 3116 succedit
657 3053 752 3130 calor,
768 3059 801 3115 et
815 3051 890 3115 huic
904 3052 1037 3117 tandem
1048 3051 1155 3130 sudor,
1166 3058 1199 3115 et
1214 3049 1412 3133 subsequens
1425 3048 1583 3135 ἀπυρεξία
1591 3076 1602 3127 ;

501 3153 576 3217 licet
590 3154 626 3217 in
640 3154 750 3237 primis
764 3152 869 3217 morbi
889 3152 1012 3231 diebus,
1028 3158 1186 3217 autumno
1204 3151 1353 3229 maxime,
1369 3150 1536 3233 aliquoties
1550 3170 1601 3213 re·

500 3256 609 3319 missio
637 3256 744 3339 potius
774 3276 870 3338 quam
903 3255 1098 3319 intermissio
1132 3254 1395 3339 persentiscitur3
1430 3254 1467 3317 in
1495 3254 1602 3317 calore

500 3378 601 3440 aeque
626 3378 663 3421 ac
688 3357 722 3421 in
748 3356 853 3439 rigore
876 3356 1042 3422 vomiturit
1065 3364 1104 3421 ut
1128 3356 1314 3441 plurimum,
1334 3377 1371 3419 ac
1393 3356 1602 3419 vehementer

500 3462 646 3541 aegrotat
665 3456 771 3537 miser,
787 3479 860 3522 cum
881 3458 983 3523 sitiet
1002 3457 1115 3543 lingua
1136 3458 1235 3523 arida.
1281 3460 1324 3522 In
1345 3465 1474 3523 tenera⁰
1493 3463 1600 3521 aetate

500 3559 679 3623 abdominis
708 3560 841 3638 inflatio,
867 3560 903 3624 in
933 3560 1051 3625 adultis
1081 3582 1214 3625 crurum
1242 3566 1352 3625 tumor
1376 3558 1488 3624 Febris
1514 3559 1599 3622 solu·

500 3660 638 3736 tionem3
662 3662 865 3725 tonsillarum
885 3662 985 3741 dolor,
999 3663 1148 3741 raucedo,
1164 3662 1248 3727 oculi
1267 3661 1346 3741 cari,
1360 3660 1457 3725 facies
1474 3657 1600 3743 Hippo·

500 3762 627 3841 cretica,
642 3770 780 3828 mortem
795 3762 1003 3829 denunciant.

348 3916 476 3965 emmo,
501 3896 603 3961 [Fossa.
620 3896 709 3965 160.]’
727 3894 759 3975 R
779 3898 892 3953 corticis
905 3898 1046 3954 Perusiani
1056 3900 1225 3954 subtilissime
1240 3898 1368 3968 pulverati
1380 3897 1487 3950 uncum
1499 3912 1591 3959 ιιιιιιιιι,

780 3985 850 4038 Cum
863 3984 1008 4040 sufficiente
1020 3986 1168 4055 quantitate
1177 3984 1274 4055 Syrupi
1282 3980 1533 4053 Caryopbyllornm;

818 4068 873 4138 (vel
888 4064 1013 4140 [Sympi]
1027 4069 1060 4123 de
1072 4068 1151 4123 Rosis
1164 4069 1248 4123 Siccis
1257 4067 1278 4139 ς)

641 4156 703 4209 Fiat
718 4156 898 4221 electuarium,
910 4154 1082 4210 dividendam
1094 4157 1123 4208 in
1136 4155 1277 4209 duodecim
1292 4154 1375 4219 doses,
1386 4170 1498 4223 quarum
1516 4170 1600 4209 unam

641 4242 729 4313 capiet
753 4250 847 4312 quarta
867 4258 972 4312 quaque
994 4241 1068 4308 bora,
1085 4240 1278 4312 superbibendo
1295 4241 1351 4293 viai
1368 4241 1511 4310 cujuslibet
1532 4240 1600 4295 hau-

641 4337 720 4394 stum,
733 4328 885 4399 incipiendo
896 4327 1051 4382 immediate
1062 4336 1121 4397 post
1131 4343 1329 4398 paroxysmum.

548 4450 608 4533 [2.]
638 4449 673 4513 Si
687 4456 796 4514 antem
810 4448 998 4534 praescripti
1011 4447 1077 4514 boli
1090 4455 1235 4513 ventrem
1249 4446 1418 4525 moverint,
1429 4446 1465 4509 in
1478 4445 1600 4510 haustu

532 4604 539 4640 ¹
558 4608 596 4655 Cf.
610 4611 700 4657 observ.
713 4610 776 4657 Med.
787 4610 821 4656 iii·
836 4612 857 4657 2.
1100 4615 1114 4642 ³
1132 4608 1170 4655 Cf.
1184 4610 1276 4657 oseem.
1287 4609 1351 4655 Med.
1362 4607 1377 4656 i.
1390 4609 1413 4655 6.
1426 4606 1441 4654 6
1453 4621 1503 4668 sq.;
1521 4608 1598 4666 apes.

532 4668 544 4700 ¹
562 4672 600 4719 Cl.
612 4674 667 4719 s'bld.
680 4673 711 4721 iv.
724 4676 746 4720 3.
1068 4673 1176 4733 Resposs.
1188 4674 1209 4719 1.
1428 4674 1432 4682 ’

532 4730 538 4763 ¹
555 4734 594 4782 Cb
606 4738 661 4785 im
674 4750 696 4782 v.
709 4738 731 4783 2
1100 4740 1112 4764 ⁰
1129 4735 1167 4783 ct
1179 4736 1271 4785 obsera.
1283 4735 1373 4783 ascai.
1386 4738 1409 4782 6.
1422 4736 1454 4781 60
1463 4750 1499 4796 sq.

531 4803 548 4827 ¹
566 4797 603 4845 Cf.
616 4800 695 4847 Sctsd.
709 4800 822 4846 Monitl.
1100 4797 1166 4846 ret
1179 4798 1247 4847 form.
1258 4801 1296 4847 60.
