3825 5759
531 663 754 746 urrsrom
776 681 804 746 1.
827 680 1157 747 responsorem.
1326 681 1390 745 aar

289 849 389 928 atque
407 843 560 908 intercisa
577 865 679 908 novae
697 843 839 908 minerae
856 843 907 907 vel
926 843 1046 907 fomitis
1066 844 1322 909 accumulatione
1341 866 1391 909 re·
1406 855 1547 905 Dertona.

291 948 393 1031 petito
414 947 553 1032 pulveris
573 969 636 1010 usu
655 946 768 1011 diebus
789 967 995 1031 paroxysmos
1015 946 1317 1012 disterminantibus
1336 947 1392 1012 ad·
1417 921 1536 1035 {⁹3⁰3}

292 1050 398 1114 hibiti.
1412 1053 1545 1066 “““““““

338 1152 422 1238 [22]
456 1151 581 1217 Verum
610 1152 782 1231 enimvero,
809 1173 852 1216 ne
880 1151 1013 1217 morbus
1043 1153 1151 1218 denuo
1179 1153 1392 1233 recrudescat,

295 1256 395 1341 (quod
424 1255 636 1340 epraediotis
665 1255 876 1318 incommodis
903 1262 972 1320 erat
998 1256 1158 1338 alterum)
1187 1256 1240 1320 die
1265 1256 1394 1320 octavot

293 1357 433 1441 praecise
459 1379 478 1422 a
503 1379 569 1444 quo
594 1364 789 1441 postremam
814 1357 906 1421 dosin
929 1378 1025 1440 aeger
1050 1359 1232 1442 assumpsit,
1255 1358 1392 1422 eandem

293 1459 428 1543 praefati
444 1460 582 1543 pulveris
597 1460 824 1546 quantitatem,
845 1459 986 1541 (unciam
1004 1460 1122 1524 scilicet
1137 1461 1173 1524 in
1186 1469 1294 1544 partes
1312 1461 1391 1524 duo-

293 1562 417 1624 decimu
432 1563 586 1646 divisam)
604 1563 717 1626 eadem
732 1583 798 1648 qua
811 1561 901 1644 prius
918 1562 1081 1641 methodo,
1098 1569 1185 1627 certo
1201 1564 1318 1627 certius
1338 1583 1392 1627 ex·

293 1665 399 1729 hibeo.
444 1665 597 1730 Quamvis
620 1672 729 1729 autem
751 1665 889 1748 repetita
909 1665 970 1728 hoo
988 1665 1085 1729 modo
1104 1666 1203 1729 semel
1221 1665 1393 1730 medicatio

293 1788 444 1850 persaepe
461 1767 610 1831 morbum
630 1767 768 1846 conficit,
787 1789 855 1830 non
873 1774 986 1831 tamen
1002 1788 1132 1851 prorsus
1151 1767 1188 1830 in
1205 1774 1278 1831 tuto
1296 1767 1392 1831 collo·

294 1878 387 1934 catur
404 1890 508 1952 aeger,
524 1870 587 1933 nisi
605 1871 734 1934 Medico
755 1870 852 1933 tertio
870 1877 1025 1955 quartove
1046 1869 1183 1934 eandem
1201 1869 1393 1934 methodum

293 1972 406 2037 eodem
435 1973 588 2056 temporis
621 1973 789 2037 intervallo
822 1971 954 2042 iteranti
986 1993 1098 2056 parere
1126 1993 1193 2035 non
1223 1980 1374 2054 gravetur
1381 1997 1392 2050 3

292 2073 430 2137 maxime
451 2073 509 2138 ubi
530 2074 662 2157 sanguis
684 2096 704 2138 a
728 2095 914 2159 praegressa
936 2075 1046 2161 aliqua
1067 2075 1274 2140 evacuatione
1294 2075 1393 2139 fixerit

293 2176 490 2255 debilitatus,
506 2183 563 2242 aut
578 2197 612 2241 se
632 2198 727 2261 aeger
744 2177 905 2242 incautius
923 2199 1021 2242 aurae
1038 2177 1194 2262 frigidiori
1211 2177 1393 2242 feriendum

291 2279 485 2362 exposuerit.

342 2381 424 2464 [23]
452 2381 575 2445 Verum
591 2381 651 2446 etsi
665 2381 727 2445 hoc
740 2382 920 2446 remedium
938 2383 1029 2448 nulla
1042 2383 1204 2467 purgandi
1218 2383 1249 2446 vi
1261 2384 1390 2467 polleat,
1404 2398 1472 2446 stoa
1484 2399 1546 2448 isio-
1594 2403 1598 2410 ·

293 2491 413 2562 tamen,
424 2484 464 2548 ob
478 2485 672 2568 peculiarem
688 2486 892 2570 quorundam
907 2507 1077 2570 corporum
1090 2487 1279 2570 temperiem
1293 2479 1551 2590 atque{{,¹,¹,f‚,1¹[⁸{¹,⁸{¹‚¹

292 2585 564 2670 idiosyncrasiam,
578 2597 748 2670 persaepe*
763 2587 887 2667 accidit,
902 2595 941 2652 ut
960 2588 1001 2653 ab
1019 2589 1089 2672 ejus
1110 2611 1182 2668 usu,
1197 2597 1355 2675 tanquam
1373 2591 1547 2654 apesecidia)

294 2689 469 2753 cathartico
486 2689 609 2753 fortiori
628 2699 801 2773 assumpto,
818 2711 913 2773 aeger
926 2691 1083 2755 violenter
1100 2701 1305 2775 expurgetur.
1351 2693 1394 2756 In
1405 2671 1533 2782 ἷζῖἲξζξ,

293 2793 355 2856 hoc
377 2813 453 2856 casn
478 2793 610 2857 omnino
630 2801 757 2876 oportet
776 2800 815 2856 ut
834 2793 1012 2857 laudanum
1034 2815 1110 2858 cum
1134 2815 1172 2858 eo
1195 2794 1393 2873 exhibeatur,
1406 2785 1529 2897 ἓξὲξ·

295 2916 360 2979 quo
375 2895 483 2958 minus
497 2896 581 2959 hanc
597 2895 825 2978 operationem,
840 2903 909 2958 tam
924 2917 1001 2958 suae
1018 2902 1154 2959 naturae
1169 2917 1268 2980 quam
1282 2895 1395 2960 morbo
1406 2913 1523 2962 exhiben-

294 2997 392 3080 plane
406 2997 609 3076 contrariam,
625 2997 709 3060 ciere
723 2997 845 3074 valeat3
869 3006 994 3083 nequey
1006 2997 1111 3080 pulvis
1125 2998 1214 3081 justo
1229 2997 1323 3061 citius
1338 3018 1396 3080 per
1406 2977 1460 3026 ‘¹¹¹⁸'

296 3099 402 3163 alvum
414 3101 564 3183 expulsus
574 3099 786 3184 disperdatur,
797 3107 973 3186 antequam
982 3122 1040 3164 suo
1048 3101 1240 3183 fimgeretur
1249 3119 1395 3164 munere.

296 3202 339 3266 In
353 3203 414 3266 hoc
427 3203 537 3287 itaque
552 3223 628 3266 casu
647 3202 779 3266 laudaui
794 3202 939 3286 ejusdem
954 3211 1065 3286 guttas
1080 3204 1191 3268 decem
1201 3204 1277 3268 vino
1291 3203 1396 3267 instil-

296 3306 356 3370 lari
382 3306 491 3390 juheo,
514 3313 547 3370 et
572 3313 645 3388 pst
675 3307 833 3370 alternam
858 3307 998 3390 pulveris
1027 3307 1122 3372 dosin
1147 3307 1277 3385 assumi,
1299 3307 1397 3372 modo

292 3407 465 3472 diarrhoea
478 3409 663 3492 perstiterit.

346 3512 428 3596 [24]
456 3513 554 3576 Dicta
568 3511 738 3576 methodus
758 3533 821 3576 usu
834 3512 915 3576 mihi
930 3513 1017 3578 venit
1031 3514 1067 3576 in
1087 3515 1221 3578 caeteris
1235 3513 1396 3578 intermit-
1408 3529 1504 3580 Eadem

294 3615 452 3693 tentibus,
462 3615 526 3678 sive
538 3614 694 3692 tertianis,
705 3614 769 3679 rive
779 3614 977 3700 quotidianis
985 3639 995 3694 ς
1018 3623 1173 3702 utrasque
1184 3617 1271 3680 enim
1286 3617 1397 3681 statim
1408 3596 1537 3718 ffihfflm

298 3739 318 3780 a
331 3717 424 3780 finito
438 3738 628 3800 paroxysmo
643 3716 820 3799 aggredior,
837 3723 870 3780 et
885 3718 1022 3800 repetito
1037 3739 1094 3800 per
1113 3720 1184 3803 jam
1203 3740 1396 3783 commemo·
1409 3723 1461 3771 dosi
1472 3727 1520 3773 mi·

295 3827 368 3884 rata
384 3841 648 3904 paroxysmomm
666 3819 841 3884 interstitia
857 3820 1070 3884 medicamine
1087 3823 1259 3907 (quantum
1277 3822 1398 3886 sedicet
1407 3789 1553 3902 ffifflh‘

298 3943 409 3986 earum
429 3923 492 3986 fert
506 3922 652 4005 indoles,)
670 3943 771 4006 urgeo
790 3929 889 4007 atque
907 3944 927 3986 a
943 3931 1037 4005 tergo
1055 3945 1167 4006 premo
1175 3949 1185 4001 ;
1208 3925 1270 3986 hoc
1286 3916 1551 4030 tamengffisuo·

300 4025 492 4103 discrimine,
513 4026 695 4110 quodcum
715 4031 875 4111 quartana
893 4025 1056 4089 rarissime
1076 4026 1140 4088 nisi
1161 4026 1259 4089 uncia
1276 4048 1345 4089 una
1362 4026 1399 4090 in
1485 3997 1514 4032 η

190 4167 193 4174 ·
299 4125 391 4190 doses
406 4127 583 4210 dispertita,
598 4129 742 4213 reliquae
763 4148 817 4191 sex
836 4127 996 4191 drachmis
1015 4127 1140 4211 possint
1154 4128 1201 4190 ita
1221 4125 1400 4210 expugnari

298 4235 338 4291 ut
352 4228 497 4294 inducias
512 4231 626 4294 saltem
642 4229 830 4294 concedant.
1410 4249 1539 4304 Traianae

349 4330 431 4416 [25]
458 4333 505 4396 At
515 4353 590 4396 vero
605 4333 762 4397 tertianae
777 4329 1059 4416 quotidianaeque,
1072 4329 1132 4392 etsi
1146 4335 1220 4413 post
1234 4349 1339 4391 unum
1354 4328 1399 4391 al·
1410 4317 1531 4442 ffissfflf·

299 4441 445 4498 terumve
459 4456 685 4519 paroxysmum
704 4433 836 4498 omnino
857 4432 1029 4495 videantur
1047 4431 1272 4510 intermittere,
1288 4438 1399 4496 tamen
1411 4447 1506 4494 nonita

299 4558 367 4600 non
378 4537 425 4600 ita
435 4559 507 4601 raro
521 4537 619 4622 (quod
631 4544 663 4600 et
676 4557 757 4600 ame
771 4544 849 4610 ante
862 4535 894 4621 [d
903 4536 969 4620 13.]
982 4544 1031 4599 est
1046 4535 1218 4615 notatum)
1231 4541 1344 4618 postea
1358 4533 1400 4598 ad
1411 4523 1538 4623 affl,

300 4640 526 4704 continuarum
538 4641 604 4702 fere
619 4638 756 4722 speciem
768 4645 914 4720 verg1mt‚
925 4647 959 4702 et
970 4636 1011 4701 ad
1026 4634 1247 4700 remissionem
1257 4644 1398 4717 tantum
1410 4639 1527 4763 &gp

334 4803 435 4849 ‘oceano
444 4799 536 4862 praec]
548 4803 642 4860 septimo
653 4800 689 4848 cd.
703 4801 750 4847 ¹80.
903 4797 1051 4860 'persaepd
1064 4800 1196 4860 quaudoque
1207 4800 1243 4848 ed
1255 4804 1304 4850 ’80.

333 4871 345 4894 ¹²
361 4863 491 4926 duodecim]
504 4872 601 4926 quantuor
612 4865 648 4912 ed.
661 4867 707 4912 ⁹⁸0.
904 4871 915 4901 ¹
932 4862 1176 4926 neque-perstitero]
1189 4879 1236 4915 om.
1249 4866 1285 4915 ed.
1299 4867 1347 4913 '80.
