3825 5759
435 660 832 742 onsnnvsrrouuu
855 655 1142 740 unmcsn‘uu
1164 681 1197 734 v.
1215 686 1241 734 2.
1322 676 1387 739 209

290 833 450 916 trahantur,
465 838 635 921 nigrarum
653 839 788 901 istarum
808 837 1092 920 quaeann01670
1111 833 1294 898 invaserant
1312 834 1386 898 reli·
1418 845 1520 896 Frenis

291 940 376 1020 quies
387 941 522 1004 omnino
533 941 699 1018 referrent,
708 940 839 1023 jamque
851 947 883 1004 et
895 939 1083 1003 mitissimae
1094 945 1200 1002 essent
1212 945 1245 1002 et
1254 944 1385 1002 tantum
1399 913 1539 1025 ffflss„

289 1049 352 1104 non
371 1043 547 1107 exolerent.
591 1041 685 1106 Nihil
697 1042 778 1105 mihi
797 1043 905 1126 itaque
923 1041 1011 1104 aliud
1020 1041 1090 1124 jam
1103 1041 1254 1122 restabat,
1268 1041 1333 1104 nisi
1347 1049 1386 1105 ut
1418 1041 1520 1092 7³³⁷&

289 1141 323 1205 in
335 1143 423 1208 hunc
437 1145 590 1209 morbum
604 1145 729 1208 nudum
748 1151 780 1208 et
802 1143 842 1208 ab
865 1145 934 1208 aliis
954 1145 1129 1227 sepositum
1147 1145 1387 1208 accuratissimo

289 1247 431 1310 examine
439 1235 648 1332 inquirerem,
658 1254 754 1330 atque
765 1248 856 1311 oculo
868 1247 909 1311 ad
920 1247 1067 1331 juvantia
1077 1254 1110 1312 et
1120 1247 1281 1311 laedentia
1289 1270 1386 1330 quam

289 1347 457 1431 diligenter
468 1349 608 1413 maxime
622 1349 713 1433 potui
724 1371 848 1434 semper
857 1349 995 1427 intento,
1005 1349 1090 1413 viam
1103 1372 1161 1432 pro
1171 1349 1255 1413 virili
1268 1350 1385 1433 (explo-

288 1451 397 1514 ratoris
408 1451 535 1534 instar)
547 1459 793 1536 praetentarem.
822 1452 882 1536 [9.]
897 1453 1001 1515 Atrox
1012 1453 1124 1535 capitis
1139 1452 1238 1530 dolor,
1249 1473 1386 1535 propen-

290 1550 395 1636 sioque
406 1576 507 1638 quam
520 1553 660 1618 habebat
674 1554 727 1618 hic
741 1554 872 1618 morbus
888 1555 929 1618 ad
943 1554 1066 1617 dolores
1080 1553 1235 1616 lateribus
1248 1554 1386 1636 infigen-

289 1653 351 1734 dos,
363 1663 436 1720 tum
447 1658 547 1720 etiam
563 1657 693 1738 sanguis
703 1657 944 1740 pleuriticorum
956 1657 1077 1734 similis,
1089 1677 1142 1719 me
1154 1655 1264 1718 statim
1275 1656 1384 1719 edoce-

289 1754 364 1820 bant
384 1759 677 1824 inflammationem
701 1759 788 1824 haud
809 1761 1002 1825 mediocrem
1026 1758 1103 1822 huic
1128 1757 1224 1822 Febri
1245 1757 1383 1836 subesse,

288 1876 344 1920 nec
353 1866 468 1924 tamen
479 1865 550 1923 eam
564 1881 657 1942 posse
670 1861 753 1925 ferre
763 1862 934 1945 largiorem
944 1863 1041 1925 istam
1053 1860 1292 1924 evacuationem
1303 1881 1385 1944 quae

288 1959 452 2041 plemitidi
463 1964 623 2026 convenit.
648 1965 785 2047 Sanguis
801 1965 888 2028 enim
902 1971 976 2048 post
986 1964 1123 2048 primam
1139 1972 1195 2027 aut
1210 1963 1384 2028 secundam

287 2064 397 2128 saltem
407 2067 514 2130 vicem
528 2067 691 2131 detractus
706 2068 838 2150 glutinis
853 2068 1000 2147 colorem,
1013 2089 1076 2151 quo
1089 2067 1261 2150 tegebatur
1274 2088 1384 2150 super·

288 2166 379 2246 ficies,
403 2169 555 2252 protinus
585 2169 709 2247 amisit;
742 2191 802 2232 nec
831 2169 969 2252 repetita
997 2168 1101 2232 adhuc
1128 2167 1384 2233 venae-sectione
1399 2183 1502 2234 Phlebc

287 2265 452 2334 levabatur
480 2291 584 2355 aeger,
613 2271 677 2335 nisi
707 2272 790 2336 forte
819 2271 950 2335 morbus
979 2271 1016 2334 in
1043 2271 1248 2355 pleuritidem
1275 2293 1384 2335 veram
1396 2250 1510 2362 {Qu

287 2376 457 2453 transiret3
489 2375 575 2458 quod
595 2397 831 2459 nonnunquam
853 2375 1016 2439 accidebat
1034 2383 1107 2459 post
1128 2375 1273 2458 regimen
1294 2375 1383 2458 justo
1398 2378 1517 2427 cranaus

288 2474 429 2555 calidius,
449 2476 637 2558 praesertim
656 2478 759 2560 primo
779 2498 852 2541 vere
876 2499 939 2560 quo
958 2477 1139 2557 invadebat,
1158 2477 1278 2541 scilicet
1298 2499 1383 2541 anno
1397 2442 1454 2552 {2¹1⁸
1458 2457 1504 2553 ἐξ.

290 2577 388 2656 1664;
412 2601 478 2663 quo
499 2585 643 2663 tempore
663 2580 777 2644 acolis
796 2599 924 2643 accessu
943 2580 1142 2643 occasionem
1161 2585 1275 2642 nactus
1298 2579 1384 2660 (cum
1397 2570 1504 2682 iiim}

288 2679 382 2744 etiam
396 2683 546 2746 nondum
562 2683 753 2746 adolesceret
767 2681 908 2759 morbus,
921 2685 953 2745 et
968 2680 1124 2764 principio
1138 2680 1241 2761 magis
1256 2678 1384 2761 spiritu-
1439 2649 1480 2681 Μ
1498 2670 1505 2690 '

286 2799 339 2843 oso
352 2781 552 2846 inniteretur
566 2805 662 2866 quam
676 2783 808 2866 postea)
827 2783 867 2846 ad
883 2803 986 2866 genus
1001 2783 1321 2865 peripneumonieum
1339 2782 1384 2842 vi-

287 2883 426 2952 debatur
437 2887 595 2952 accedere.
625 2889 709 2952 Cum
719 2883 837 2952 vero'et
849 2886 1047 2970 experientia
1061 2891 1093 2946 et
1108 2884 1253 2966 exemplo
1268 2903 1385 2965 arepe-

286 2984 345 3051 tita
365 2988 589 3072 phlebotomia
610 2989 795 3068 deterrerer,
815 2989 899 3072 (licet
918 2988 990 3050 luce
1010 2986 1125 3049 clarius
1145 2991 1229 3048 esset
1248 2984 1384 3048 Febrem
1396 2999 1506 3078 reperim

288 3085 378 3170 hauc,
396 3091 565 3174 praecipue
583 3091 643 3154 sub
658 3091 798 3174 primum
816 3091 1007 3172 ingressum,
1020 3086 1109 3150 haud
1126 3107 1240 3169 parum
1258 3086 1383 3149 inflam-
1396 3074 1537 3179 3ᾝὲ

288 3194 457 3258 matoriam
473 3193 593 3276 larissa)
610 3194 693 3256 nihil
704 3195 773 3278 jam
792 3192 933 3257 restabat
953 3213 1016 3274 quo
1035 3191 1104 3275 ejus
1123 3190 1209 3254 calor
1225 3191 1384 3274 restingui
1394 3194 1486 3307 penta
1498 3211 1536 3272 τεὴ

288 3303 404 3375 posset,
415 3303 541 3378 praeter
551 3302 699 3359 enemata
710 3295 834 3378 saepius
845 3295 1028 3378 repetenda,
1040 3301 1073 3358 et
1086 3293 1321 3359 medicamenta
1333 3316 1382 3358 re·
1396 3268 1533 3372 bufffi'

288 3393 483 3478 ingerentia.
527 3396 573 3459 At
591 3403 718 3480 praeter
736 3397 794 3460 hos
814 3397 947 3462 affectus
968 3397 1254 3462 inflammationem
1274 3405 1384 3482 aperte
1395 3388 1519 3503 5⁰11:wa-

288 3501 467 3579 prodentes,
481 3497 563 3562 illud
582 3497 720 3581 stuporis
738 3497 994 3582 phaenomenou,
1010 3499 1106 3564 Febri
1125 3499 1201 3563 huic
1219 3522 1315 3584 quam
1330 3501 1384 3563 alii
1395 3469 1425 3501 π
1457 3460 1505 3502 tur.

289 3602 418 3666 cuilibet
432 3601 628 3680 familiarius,
640 3601 772 3664 omuino
786 3601 949 3666 indicabat
964 3604 1117 3667 continuo
1127 3603 1302 3687 repetenda
1316 3623 1384 3667 esse

289 3713 445 3784 anenata,
468 3703 584 3788 quibus
606 3704 741 3768 materia
764 3703 907 3782 Febrilis,
931 3726 1013 3788 quae
1040 3705 1088 3769 ita
1111 3712 1258 3789 prompte
1287 3711 1384 3787 caput

289 3807 427 3887 petebat,
442 3806 482 3870 ab
501 3827 540 3870 eo
558 3806 768 3870 diverteretur
775 3831 785 3884 3
809 3807 887 3890 quin
905 3814 939 3870 et
952 3809 1202 3872 venae-sectioni
1218 3807 1382 3890 repetitae,

290 3929 384 3990 quam
399 3929 493 3992 aegre
507 3908 583 3972 tulit
598 3908 726 3992 propria
735 3909 833 3993 hujus
847 3909 952 3973 morbi
966 3917 1094 3988 natura,
1106 3909 1385 3973 substituebantur

289 4008 351 4090 illa,
371 4019 467 4095 atque
486 4011 555 4095 ejus
572 4011 751 4094 pensabant
770 4009 940 4090 defectum,
959 4010 1125 4095 sanguinis
1142 4001 1299 4075 fervorem
1316 4011 1383 4092 pla-

289 4111 357 4178 cide
379 4134 416 4177 ac
435 4114 555 4177 sensim
576 4114 858 4196 contemperantia,
877 4119 910 4177 et
932 4135 1061 4178 cansam
1081 4112 1281 4193 eliminantia
1299 4133 1384 4174 mor-

289 4211 425 4279 bificam.
475 4215 557 4299 [lo]
585 4215 685 4278 Porro
705 4215 888 4298 judicabam
909 4216 1081 4299 emplastra
1100 4213 1289 4297 epispastica
1307 4211 1384 4274 satis
1398 4223 1516 4299 Iapispss-

288 4315 403 4400 ampla,
418 4317 531 4381 cervici
545 4316 712 4400 posteriori
726 4318 885 4400 applicita,
901 4318 936 4380 in
952 4317 1013 4380 hac
1028 4315 1129 4380 Febre
1143 4315 1250 4398 potius
1269 4333 1308 4376 ex
1321 4334 1385 4376 usu
1395 4295 1535 4401 33590812·

289 4417 365 4498 fore,
392 4441 488 4502 quam
512 4420 548 4482 in
570 4419 640 4492 aliis
662 4419 778 4502 quibus
800 4421 935 4483 materia
956 4419 1091 4483 Febrilis
1112 4417 1200 4481 haud
1222 4437 1260 4480 ex
1283 4418 1445 4499 aequol’}ei
1457 4419 1536 4494 appli-

290 4529 384 4605 caput
405 4521 553 4586 tentabat
562 4548 571 4600 ;
595 4523 716 4586 etenim
734 4544 753 4585 a
770 4522 912 4586 cruciatu
934 4527 967 4584 et
987 4522 1109 4584 fervore
1129 4519 1383 4599 vehementibus,
1396 4481 1517 4608 mx

291 4643 368 4704 quos
380 4623 466 4688 dicta
480 4625 668 4708 epispastica
681 4625 766 4707 parti
781 4625 832 4688 cui
846 4625 1059 4708 imponuntur
1073 4624 1177 4688 solent
1190 4623 1383 4707 imprimere,
1395 4624 1530 4722 fflffm

290 4725 432 4804 materia,
452 4747 533 4807 quae
555 4747 645 4790 secus
664 4727 700 4788 in
719 4733 816 4808 caput
838 4725 1033 4804 ascenderet,
1050 4725 1086 4788 in
1107 4725 1214 4789 locum
1234 4725 1384 4788 affectum
1397 4737 1511 4786 cabanas.

291 4827 473 4890 corrivatur.
520 4828 591 4905 His,
615 4835 647 4890 et
672 4825 821 4908 regimini
847 4826 888 4888 ad
914 4826 1051 4890 eundem
1078 4825 1288 4909 refrigerandi
1313 4845 1384 4887 san-

813 4947 866 4990 ΕΘ
