3825 5759
513 612 580 674 504
841 608 1038 675 ΤΗΟΜΑΕ
1064 608 1216 673 SYDEN
1219 608 1325 674 HAM

358 776 499 891 ὓιΝοιιΙιι
515 770 561 853 (in
576 771 680 855 capite
694 772 744 835 De
754 771 851 835 Fehre
864 772 1087 835 Intermitteuti
1106 770 1225 854 [Epist.
1237 772 1385 852 Rapum.
1395 772 1424 835 1.
1438 774 1457 857 b
1471 772 1542 837 29.
1526 798 1543 858 j
1557 794 1618 859 pro

357 842 691 987 1,-„—„”„¹„„¹'insantibus
706 873 927 957 descriptum)
944 872 1146 938 exhibeatur.

559 976 642 1061 [33]
671 977 779 1041 Hoc
769 998 806 1041 ιιι
834 976 939 1041 loco
928 996 1063 1059 msuper
1087 984 1137 1041 est
1161 976 1494 1057 animadvertendum,
1516 981 1614 1063 qnod,

509 1078 586 1143 licet
605 1079 747 1143 infantes
768 1078 845 1143 huic
865 1078 977 1143 Febris
999 1078 1111 1161 generi
1128 1098 1230 1161 aeque
1248 1100 1324 1143 enm
1342 1080 1464 1144 adultis
1483 1081 1615 1146 obnoxii

509 1180 584 1259 sint,
598 1202 635 1245 ac
649 1180 784 1265 proinde
798 1181 868 1265 pari
882 1201 957 1245 cum
971 1180 1034 1243 illis
1048 1180 1202 1245 methodo
1216 1182 1361 1261 curandi,
1375 1183 1440 1247 nisi
1454 1185 1542 1267 qnod
1555 1207 1614 1268 pro

508 1284 632 1347 ratione
651 1284 765 1347 aetatis
785 1284 892 1347 minor
910 1283 1077 1366 sanguinis
1099 1282 1263 1367 quantitas
1282 1290 1332 1348 est
1350 1284 1560 1365 detrahenda,
1575 1308 1614 1351 ac

508 1385 664 1451 catharsis
692 1392 765 1449 tum
790 1406 902 1450 eorum
928 1386 1089 1450 aetatulae
1114 1386 1394 1466 accommodanda,
1415 1396 1490 1451 tum
1512 1390 1612 1453 etiam

507 1491 589 1555 forte
604 1490 707 1555 rarius
719 1490 929 1569 celebranda;
948 1491 1055 1573 (saepe
1065 1489 1153 1553 enim
1164 1497 1198 1554 et
1208 1489 1384 1553 infantium
1398 1498 1433 1553 et
1442 1491 1613 1574 juniorum

507 1592 639 1657 morbus
661 1593 804 1679 sprimo
823 1592 874 1655 vel
893 1590 1035 1655 secundo
1056 1591 1171 1655 saltem
1192 1590 1369 1655 cathartico
1387 1592 1613 1675 praedomina-

507 1695 597 1760 bitur
605 1697 627 1779 3)
661 1696 872 1761 nihilominus
897 1693 980 1757 serio
1009 1692 1242 1757 advertendum
1270 1700 1331 1771 est,
1356 1715 1410 1773 an,
1436 1716 1519 1778 quae
1548 1696 1613 1760 hoc

507 1800 603 1865 modo
618 1806 777 1863 tractatur
792 1796 913 1875 Febris,
923 1817 982 1881 pro
992 1802 1082 1860 certo
1091 1794 1227 1879 hujusce
1241 1794 1490 1860 constitutionis
1500 1797 1611 1876 fuerit,

507 1922 574 1965 non
594 1921 669 1965 vero
691 1900 822 1965 alterius
842 1898 976 1982 speciei:
999 1896 1085 1981 quod
1104 1896 1277 1979 diligenter
1295 1897 1437 1981 perquiri
1457 1898 1555 1962 debet
1573 1900 1612 1963 in

509 2002 665 2066 Febribus
694 2001 733 2065 iis
759 2022 840 2086 quae
864 2000 1006 2064 infantes
1030 1998 1219 2083 corripiunt,
1240 1999 1277 2067 in
1301 1999 1453 2064 omnibus
1477 2000 1614 2083 quibus·

353 2118 404 2167 cur
404 2120 437 2169 ait
439 2118 502 2169 oF-
475 2125 637 2187 scunque
656 2123 817 2167 annorum
836 2100 1151 2179 Constitutionibus,
1172 2101 1270 2185 uulgo
1292 2101 1382 2166 enim
1403 2102 1613 2167 notissimum

352 2184 474 2296 [ΞΜ
400 2249 484 2298 titione
508 2212 568 2283 est,
583 2205 724 2269 infantes
739 2226 759 2268 a
773 2203 934 2269 doloribus
949 2225 988 2268 ex
1005 2202 1184 2267 dentitione
1198 2204 1278 2267 ortis
1295 2203 1421 2287 saepius
1440 2204 1476 2267 in
1490 2204 1614 2271 Febres

507 2308 569 2392 agi,
579 2328 660 2392 quae
674 2307 762 2372 haud
776 2307 824 2371 ita
837 2306 930 2371 facile
941 2305 983 2371 ab
997 2306 1128 2370 alterim
1140 2307 1267 2389 generis
1278 2306 1458 2372 Febribus
1448 2315 1612 2373 internos·

505 2421 642 2477 curatur¹²
644 2460 652 2477 .
697 2412 739 2476 In
758 2411 873 2475 harum
891 2430 951 2494 ego
970 2410 1137 2475 curatione
1156 2409 1214 2473 diu
1232 2410 1437 2495 multumque
1455 2409 1612 2493 angebar,

503 2536 564 2581 nec
578 2514 641 2579 nisi
654 2514 785 2599 nuperis
799 2514 850 2579 his
866 2513 960 2579 annis
974 2520 1061 2577 certo
1075 2513 1157 2577 mihi
1170 2514 1362 2598 persuadere
1375 2514 1478 2599 potui,
1494 2536 1611 2598 qnem-

502 2620 582 2685 libet
597 2642 636 2686 ex
650 2620 784 2703 illisqui
800 2640 891 2683 meae
906 2638 1002 2682 mnae
1020 2618 1196 2682 concrediti
1210 2618 1252 2683 ad
1272 2618 1446 2683 sanitatem
1462 2618 1612 2682 restituti

499 2708 645 2804 luerunt,
660 2732 729 2790 tnm
747 2730 816 2787 arte
836 2742 934 2806 quam
951 2742 1029 2785 casu
1046 2722 1244 2787 coinvaluisse
1252 2748 1263 2800 ς
1286 2723 1389 2788 donec
1407 2722 1552 2801 tandem,
1566 2722 1611 2787 de

501 2826 587 2891 felici
605 2846 752 2891 successu
773 2824 907 2889 remedii
926 2823 1016 2888 haud
1032 2822 1079 2887 ita
1097 2822 1242 2903 celebris,
1256 2824 1323 2889 imo
1341 2824 1383 2889 ob
1400 2824 1517 2889 tritum
1537 2824 1611 2908 eju·

501 2953 597 2997 usum
612 2932 708 3017 plane
725 2930 912 3016 contempti,
930 2929 1117 3013 frequenter
1130 2929 1326 3010 admonitus,
1340 2930 1423 2995 illud
1437 2930 1507 3015 ipse
1525 2952 1611 3014 quo-

501 3056 563 3119 que
578 3033 826 3120 praescriberem
835 3060 845 3113 ;
869 3032 955 3118 quod
975 3033 1155 3097 etiamnum
1174 3055 1252 3117 prae
1269 3036 1403 3099 caeteris
1422 3056 1505 3119 quae
1521 3034 1609 3099 mihi

499 3138 707 3205 innotescunt
721 3136 968 3201 medicamentis
982 3138 1104 3220 optime
1115 3137 1198 3201 votis
1212 3138 1265 3203 hic
1279 3138 1462 3223 respondet.
1506 3140 1608 3223 Ejus-

499 3240 588 3305 modi
602 3262 713 3305 verum
728 3245 794 3303 est:
819 3244 932 3320 guttae
947 3238 1041 3317 duae,
1053 3246 1131 3318 tres,
1139 3240 1191 3303 vel
1205 3247 1343 3325 quatuor
1353 3241 1486 3325 spiritus
1500 3262 1607 3305 oornu

500 3343 592 3421 cervi,
610 3364 669 3425 pro
690 3340 815 3405 ratione
837 3340 963 3419 aetatis,
981 3340 1017 3404 in
1040 3342 1198 3406 cochleari
1219 3364 1286 3407 uno
1303 3344 1354 3407 vel
1378 3344 1479 3408 altero
1501 3364 1608 3428 aquae

500 3464 681 3511 cerasorum
711 3442 889 3525 nigrorum,
911 3442 963 3505 vel
987 3443 1104 3526 julapii
1129 3445 1261 3509 alterius
1287 3444 1609 3531 appropriati,e1hi·

500 3544 639 3611 beantm
653 3550 769 3627 quarta
783 3564 909 3627 quaque
923 3544 1004 3609 hora
1018 3544 1102 3609 ad
1073 3566 1158 3610 vices
1173 3555 1313 3631 quatuor
1325 3549 1377 3612 vel
1391 3570 1458 3613 sex

447 3646 608 3730 ιι.[34
609 3647 632 3730 ]
652 3648 712 3711 Est
722 3654 755 3711 et
766 3654 947 3731 symptoma
961 3648 1050 3713 aliud
1063 3648 1243 3715 infantibus
1257 3652 1497 3735 permolestum,
1507 3654 1606 3736 longe

345 3795 424 3843 esem
402 3666 495 3843 [ξω
435 3748 661 3843 Ιιιι(Ιίνιιιιιιιι
676 3756 709 3815 et
724 3771 744 3812 a
758 3748 914 3813 Febribus
929 3751 1089 3815 variarum
1104 3773 1265 3817 annorum
1279 3754 1560 3833 constitutionum,
1569 3763 1606 3822 et

427 3796 539 3919 mab
554 3854 764 3937 illaproxime
775 3862 962 3920 memorata.
985 3856 1130 3920 Estvero
1140 3855 1452 3944 Hecticaespeoiesss
1461 3862 1604 3927 infantes

496 3956 553 4023 diu
568 3958 721 4041 affligem,
732 3980 796 4042 qua
809 3958 993 4023 infestati'
969 3981 1038 4025 s1ne
1052 3959 1174 4043 insigm
1163 3959 1296 4046 aliquo
1310 3964 1416 4029 calore
1430 3965 1600 4049 languent,

495 4081 571 4125 cum
586 4061 748 4145 appetitus
764 4060 953 4145 dejectione,
963 4069 997 4126 et
1010 4070 1080 4126 tam
1095 4070 1184 4127 artus
1199 4086 1297 4149 quam
1312 4068 1454 4150 corporis
1465 4075 1602 4131 tnrncus

494 4164 615 4250 ubique
644 4165 853 4231 emacientur.
901 4164 1145 4249 Simplicissima
1169 4190 1234 4250 qua
1263 4169 1317 4233 hic
1346 4178 1422 4235 utor
1446 4170 1601 4235 methodo

493 4270 568 4335 talis
583 4277 650 4334 est:
673 4269 743 4333 rhei
758 4268 852 4333 electi
869 4268 1046 4333 taleolatim
1065 4270 1159 4334 incisi
1177 4271 1346 4336 drachmas
1361 4274 1442 4338 duas
1460 4275 1496 4337 in
1510 4275 1601 4357 lage-

493 4394 571 4439 nam
594 4373 728 4437 vitream
758 4371 895 4435 duarum
919 4372 1076 4435 librarum
1105 4374 1275 4439 cerevisiae
1297 4376 1407 4441 tenuis
1436 4397 1599 4461 capacem,

493 4474 608 4539 subere
630 4496 705 4539 mox
734 4474 833 4558 probe
862 4473 1088 4554 obbrrandam,
1110 4476 1244 4543 immitti
1273 4501 1361 4559 curo,
1387 4481 1450 4563 (vel
1478 4482 1514 4545 in
1536 4481 1601 4546 alio

493 4576 636 4659 quolibet
665 4578 798 4660 liquore,
823 4598 886 4660 quo
909 4600 968 4661 pro
996 4586 1078 4662 potu
1101 4581 1262 4649 ordinario
1284 4586 1336 4649 uti
1359 4586 1441 4651 solet
1464 4586 1595 4667 infans,)

492 4700 589 4761 quam
618 4678 800 4743 cerevisiam
824 4680 872 4743 ita
899 4680 1093 4745 medicatam
1122 4683 1240 4749 infanti
1269 4694 1339 4751 tam
1368 4695 1470 4753 noctu
1499 4710 1597 4772 quam

557 4810 570 4839 F
589 4804 627 4851 Cl.
639 4804 740 4851 Froem.
753 4806 799 4853 lat.
811 4820 832 4853 c.
844 4807 884 4853 42.
1198 4818 1209 4842 ⁰
1226 4814 1264 4863 (ἓὶ
1278 4818 1380 4865 Protea.
1394 4818 1439 4865 lut.
1452 4830 1473 4862 e.
1485 4816 1526 4865 43.
