3825 5759
537 613 603 677 606
843 614 1039 681 ΤΗΟΜΑΕ
1064 616 1324 683 SYDENHAM

429 781 473 831 Da
535 772 638 837 [Ferro.
650 776 746 845 2⁶8.]⁰
768 773 800 855 R
815 776 939 831 Saccbari
951 777 1039 833 Condi
1051 778 1250 849 sesquilibram

386 846 512 959 {mg
676 864 768 933 Coqua
779 864 924 919 soffiecnte
935 866 1084 935 quantitate
1095 882 1180 935 aquae
1191 864 1316 920 fontanae
1328 884 1414 937 usque
1428 866 1497 921 dum
1510 865 1628 920 adhaeres

378 946 519 992 —l-
675 956 719 1001 cat
730 950 854 1003 extremis
866 949 1025 1020 digitorum
1044 958 1102 1003 tum
1116 950 1185 1005 adde

817 1036 936 1090 Pulveris
948 1036 1145 1107 Glycyrrhizae‚

815 1120 963 1191 [Pulveris]
977 1122 1081 1177 Enulae
1093 1124 1256 1195 Campanae,

815 1208 955 1262 Seminnm
968 1210 1054 1275 Anici,

815 1296 979 1365 [Seminum]
992 1298 1146 1368 Argolicae,
1157 1314 1211 1351 una
1222 1298 1407 1363 semiunciam,

814 1382 934 1437 Pulveris
946 1382 1027 1437 Iridis
1039 1382 1216 1447 florentinae,

813 1468 949 1537 [Florum]
964 1470 1111 1541 Sulphuris,
1122 1486 1175 1523 ana
1188 1468 1326 1523 drachmas
1339 1464 1415 1531 duas,

812 1553 872 1607 Olei
885 1554 1000 1625 chymici
1012 1556 1087 1608 Anici
1099 1552 1233 1623 scrupulos
1245 1551 1327 1616 duom
1403 1592 1413 1613 .

671 1640 734 1695 Fiat
745 1641 889 1695 secuudum
903 1650 986 1694 artem
999 1641 1120 1703 tabellae,
1132 1640 1283 1693 domesticae
1295 1639 1440 1695 vocandae.

534 1732 595 1817 [4.]
622 1736 733 1819 Atque
747 1736 809 1801 hoc
822 1736 954 1800 interim
970 1736 1145 1817 eclegmate
1160 1740 1272 1797 utatur
1283 1760 1336 1797 :-

530 1844 717 1913 [Form.259.]
759 1844 791 1915 R
811 1846 871 1900 Olei
884 1846 1092 1917 Amygdalarnna
1106 1844 1233 1898 Dulcium
1246 1843 1425 1909 unciasduas,

814 1934 910 2003 Syrupi
922 1932 1087 2001 Capillorum
1099 1932 1219 1995 Veneris,

810 2020 934 2092 [Sympi]
948 2020 1076 2084 Viohcei‚
1088 2036 1140 2073 ana
1152 2019 1260 2072 unciam
1272 2035 1364 2083 unam,

810 2107 936 2161 Succhari
948 2106 1037 2161 Caudi
1049 2108 1226 2176 quantitatem
1238 2106 1429 2171 sufficientem

669 2192 731 2246 Fiat
747 2192 853 2258 laboch,
863 2192 897 2246 dc
909 2209 962 2263 qno
973 2192 1077 2261 saepius
1091 2192 1194 2245 lambat
1204 2192 1300 2245 bacillo
1318 2193 1515 2263 glycyrrhiza,
1528 2192 1630 2266 qnando

668 2280 747 2332 tucis
759 2288 845 2349 urget.

574 2373 636 2457 [5.]
664 2374 708 2439 In
730 2374 911 2441 defluxione
930 2374 1027 2457 tenui
1049 2375 1227 2458 eclegmata
1247 2373 1462 2441 incrassantia
1487 2374 1629 2443 exhiberi

526 2478 680 2560 poterint.
1290 2536 1295 2549 ,

573 2578 633 2663 [6.]
663 2579 723 2645 Sin
737 2600 812 2644 vero
825 2580 935 2643 Tussis
950 2579 1001 2643 his
1016 2578 1165 2644 remediis
1181 2578 1268 2643 haud
1283 2586 1431 2659 cessaret,
1445 2580 1629 2665 (praecipue

524 2688 634 2745 autem
655 2680 682 2745 si
701 2680 818 2746 febrim
838 2682 990 2747 comitem
1008 2680 1136 2761 habeat,
1152 2681 1202 2745 vel
1217 2681 1244 2744 si
1260 2703 1279 2745 a
1292 2682 1562 2765 peripneumonia
1575 2687 1628 2744 aut

522 2784 696 2867 pleuritide
717 2784 875 2868 originem
893 2784 1013 2866 ducat)
1035 2790 1108 2847 tum
1127 2782 1275 2865 ineptum
1294 2782 1392 2846 fuerit
1412 2782 1628 2867 pectoralibus
1707 2852 1708 2875 χ

523 2886 640 2966 fidere3
664 2886 721 2951 aed
739 2887 997 2951 venae-sectione
1020 2892 1052 2949 et
1075 2884 1214 2949 catharai
1236 2882 1426 2949 debellanda
1448 2892 1509 2965 est,
1534 2892 1572 2949 ut
1593 2883 1626 2945 in

522 2988 676 3055 methodo
687 3010 768 3073 quae
779 2990 815 3053 in
827 2989 993 3054 curatione
1002 2987 1278 3071 Peripnerrmooioe
1288 2986 1412 3050 Notitae
1422 2985 1625 3053 describitur.

527 3091 670 3175 [Obseru.
685 3092 773 3157 Med.
789 3092 830 3156 vi.
846 3092 894 3176 4.]

570 3194 632 3279 [7.]
658 3196 783 3259 Verum
803 3194 966 3259 enimvero
986 3214 1071 3271 cum,
1087 3192 1137 3255 his
1153 3190 1303 3255 omuibus
1324 3214 1392 3256 non
1406 3192 1624 3268 obstantibus,

521 3298 630 3361 'Possis
646 3320 713 3363 non
726 3298 823 3363 modo
843 3319 911 3361 non
926 3294 1085 3360 omationi
1100 3293 1239 3371 cesserit,
1256 3292 1312 3356 sed
1332 3300 1364 3357 et
1381 3293 1537 3359 diutrrrrm
1556 3292 1622 3379 pul·

520 3422 654 3464 monum
669 3402 877 3466 concussione
892 3422 946 3464 eos
962 3399 1041 3463 adeo
1057 3396 1269 3460 debilitaverit
1284 3404 1321 3460 ut
1333 3396 1475 3461 Phthiais
1490 3398 1623 3463 tandem

520 3502 725 3585 submgrcssa
738 3504 846 3582 fuerit,
862 3510 935 3566 tum
949 3502 1011 3565 hac
1026 3498 1179 3564 methodo
1192 3498 1432 3583 procedendum
1442 3526 1495 3565 :-

521 3626 623 3691 [Foroe
635 3630 711 3692 260.]
753 3624 786 3702 R
805 3628 925 3681 Balsami
938 3626 1080 3681 Perurinni
1093 3634 1183 3695 guttas
1195 3624 1300 3689 decem;

661 3710 828 3765 Instilleutur
838 3712 969 3764 cochleari
987 3728 1042 3765 uno
1061 3713 1157 3783 Synrpi
1176 3712 1300 3767 Hederae
1320 3712 1473 3778 Terrestris,
1485 3712 1525 3767 rel
1543 3712 1578 3781 (si
1596 3708 1619 3765 id

659 3798 749 3850 minus
767 3805 874 3866 gratum
894 3796 974 3850 firerit
989 3796 1091 3867 aegro)
1105 3798 1234 3851 cochleari
1247 3816 1300 3852 uno
1319 3798 1444 3853 Saccbasi
1461 3798 1618 3869 crystallini:

661 3885 749 3953 capiat
760 3894 801 3938 ter
811 3885 840 3936 in
857 3883 908 3948 die,
920 3884 1113 3953 stuperbibendo
1133 3885 1243 3937 Decocti
1261 3886 1352 3938 Amari
1370 3886 1427 3937 sine
1445 3887 1620 3955 purgantibus

661 3973 753 4027 uncias
764 3982 886 4043 quatuor,
897 3972 939 4024 vel
951 3970 985 4039 (si
996 3970 1067 4025 idom
1080 3980 1198 4025 ventrem
1210 3972 1339 4041 moverit)
1350 3972 1443 4027 accim
1454 3980 1514 4025 tres

367 4110 505 4173 Equrouo·
567 4085 629 4172 [9.]
658 4085 723 4150 Sed
747 4083 898 4150 omnibus
923 4084 994 4147 aliis
1020 4082 1194 4169 (quotquot
1220 4083 1325 4147 adhuc
1354 4083 1487 4147 inventa
1512 4082 1616 4163 sunt)

365 4176 504 4289 ffiffl*
519 4190 695 4274 equitatio?
707 4189 749 4253 ad
759 4189 836 4253 satis
846 4188 945 4271 longa
955 4194 989 4249 ct
1005 4186 1132 4249 diutina
1141 4184 1259 4249 itinera
1270 4184 1363 4249 facile
1377 4184 1517 4268 palmam
1528 4204 1620 4267 prae·
1707 4166 1708 4211 i

518 4293 613 4377 ripit3
631 4292 693 4357 hoe
707 4290 914 4369 observando,
927 4296 975 4367 ut,
988 4289 1015 4351 si
1030 4308 1125 4370 aeger
1135 4286 1312 4371 juvenilem
1323 4292 1462 4350 aetatem
1476 4292 1619 4369 praeter·

518 4416 646 4479 gressus
664 4394 772 4472 fuerit,
787 4394 860 4477 plna
873 4390 1028 4474 temporis
1043 4390 1118 4453 huic
1138 4388 1289 4454 exercitio
1308 4388 1495 4472 impendere
1510 4386 1618 4466 debet,
1705 4456 1706 4459 Ἴ

518 4496 658 4581 quamsi
679 4518 759 4581 puer
774 4502 831 4560 ant
846 4494 975 4579 juvenis
995 4500 1097 4557 esset:
1121 4498 1154 4556 et
1177 4512 1254 4556 sane
1273 4490 1361 4556 haud
1379 4491 1484 4554 multo
1498 4488 1618 4554 certius
1705 4494 1706 4519 ³

517 4606 627 4664 cortex
651 4600 849 4663 Peruvianus
873 4597 957 4662 lebri
980 4594 1220 4674 intermittenti‚
1245 4614 1341 4678 quam
1366 4592 1403 4657 in
1426 4593 1487 4657 hac
1511 4598 1617 4658 aetate

517 4702 673 4785 equitatio
692 4700 829 4779 Phthisi,
844 4700 1002 4763 medetur.

550 4853 563 4879 ⁰
581 4845 620 4892 Cl.
632 4845 701 4892 lona.
715 4848 754 4893 ³2
1086 4844 1117 4891 iv.
1138 4842 1157 4891 7.
1179 4843 1207 4890 1⁰
1224 4858 1276 4903 sq.;
1306 4842 1406 4887 Dicrcrl.
1424 4836 1502 4900 Epist.
1521 4840 1532 4897 l
1553 4838 1614 4888 llo:

549 4918 564 4955 l>
585 4910 623 4957 Cl'.
639 4910 682 4957 inl.
699 4926 720 4958 c.
738 4911 776 4957 60.
793 4908 846 4969 §63
867 4910 958 4957 Obseru.
977 4908 1040 4955 Mea.
1089 4910 1165 4955 Trocl.
1178 4910 1198 4955 1.
1211 4906 1237 4966 §i
1250 4909 1289 4963 ³8,
1302 4906 1339 4953 66.
