3825 5759
359 736 443 787 Porr-

331 816 465 852 scaurum

482 560 548 625 478
722 556 826 623 ΤΗΟ.
852 556 1111 623 SYDENHAM
1131 556 1289 623 TRAC'P.
1312 557 1363 621 11.

765 720 861 793 Sympi
873 718 1006 775 Rosarum
1018 720 1140 787 Solutivi,
1152 737 1207 774 aaa
1216 720 1327 775 undam
1337 733 1437 783 unam

624 807 726 871 Misoe;
744 806 792 863 liat
802 808 883 879 potio,
895 806 1027 862 sumenda
1036 823 1142 861 summo
1152 824 1241 862 mane.

485 944 581 1009 Hanc
602 944 767 1029 potionem
791 966 850 1029 per
874 944 955 1010 duas
978 946 1056 1011 alias
1079 946 1167 1010 vices
1191 952 1314 1029 repeto,
1336 944 1390 1010 die
1410 963 1479 1008 uno
1503 941 1597 1006 inter

483 1048 626 1132 singulas
651 1048 860 1133 purgationes
885 1049 1087 1135 interposito,
1111 1048 1208 1113 modo
1238 1052 1455 1133 symptomata
1480 1044 1595 1109 omnia

483 1150 578 1215 citius
607 1172 675 1216 non
705 1151 939 1237 disparuerint;
977 1158 1011 1216 et
1039 1152 1190 1217 noctibus
1219 1151 1467 1237 insequentibus
1496 1171 1593 1234 pare·

483 1253 627 1337 goricum
649 1275 689 1319 ex
711 1256 821 1341 syrupi
841 1255 881 1319 de
903 1255 1050 1320 meconio
1066 1256 1165 1321 uncia
1184 1277 1253 1320 una
1275 1257 1419 1340 propino.
1464 1254 1593 1319 Diebus

483 1380 504 1422 a
521 1358 715 1447 purgatione
735 1358 853 1438 vacuis,
875 1358 971 1423 modo
991 1360 1091 1423 tussis
1113 1358 1208 1437 adsit,
1225 1359 1396 1423 decoctum
1416 1357 1592 1441 pectorale,

483 1468 517 1527 et
543 1464 687 1548 eolegma
712 1486 751 1528 ex
777 1464 847 1528 oleo
877 1463 1122 1547 amygdalarum
1148 1463 1302 1542 dulcium,
1328 1462 1455 1547 syrupis
1482 1460 1594 1545 capilli

483 1564 621 1630 Veneris
648 1574 682 1631 et
703 1566 870 1646 violarum,
897 1566 1035 1631 subinde
1059 1566 1255 1631 assumenda
1278 1566 1461 1651 praecipi0;
1492 1574 1592 1649 atque

484 1668 526 1733 ad
543 1670 680 1733 nimium
699 1670 865 1753 sanguinis
883 1669 1040 1734 fervorem
1054 1670 1307 1754 reprimendum,
1323 1669 1351 1733 si
1368 1668 1481 1733 Febris
1499 1690 1592 1751 mag-

483 1792 604 1856 nopere
620 1778 755 1851 aestuet,
772 1772 983 1838 emulsionem
998 1794 1038 1837 ex
1056 1772 1232 1837 seminibus
1247 1772 1372 1858 frigidis
1386 1770 1591 1857 praescrib03

483 1882 523 1939 ut
537 1877 586 1939 et‘
598 1874 759 1958 julapium
775 1895 912 1959 sequens
923 1900 977 1939 :-

486 2010 588 2080 [Farm.
602 2012 699 2077 102.]ῑι
735 2006 767 2085 R
787 2011 880 2080 Aquae
893 2010 1076 2081 Nymphaeae,

787 2095 907 2167 [Aquae]
922 2097 1088 2161 Portulacae,

785 2182 907 2253 [Aquae]
922 2184 1064 2249 Lactucae,
1075 2200 1128 2239 ana
1139 2185 1233 2239 uncias
1244 2192 1370 2254 quatuor,

787 2270 884 2341 Syrupi
896 2270 930 2326 de
942 2270 1101 2326 Limonibus
1111 2272 1318 2343 sesquinnciam,

787 2358 887 2431 Syrupi
898 2358 1038 2414 Violarum
1050 2361 1157 2413 unciam
1169 2376 1251 2413 uuam
1263 2380 1272 2425 3

627 2444 729 2511 Misoe;
747 2446 795 2501 ilat
801 2446 935 2517 julapium
947 2446 981 2501 de
993 2463 1046 2516 qao
1057 2447 1134 2501 bibat
1144 2445 1181 2501 ad
1190 2447 1306 2501 libitam.

491 2574 552 2661 [6.]
580 2574 719 2641 Interim
734 2582 772 2640 ut
784 2596 879 2660 aeger
894 2598 914 2639 a
926 2575 1012 2641 lecto
1026 2574 1170 2640 interdiu
1185 2574 1247 2640 sibi
1260 2580 1429 2659 temperet,
1440 2575 1590 2660 injungo,

485 2686 575 2745 utet
593 2700 613 2743 a
632 2679 738 2744 carnis
758 2700 833 2745 esu:
864 2685 938 2761 post
957 2676 1095 2762 primam
1114 2697 1190 2741 vero
1205 2677 1258 2741 vel
1276 2676 1452 2741 secundam
1471 2699 1591 2761 purga-

485 2782 610 2847 tionem
635 2783 824 2847 haustulum
849 2780 971 2866 jusculi
995 2780 1105 2845 tenuis
1130 2800 1171 2845 ex
1195 2779 1285 2863 pullo
1310 2778 1487 2862 gallinaceo
1511 2779 1592 2844 facti

486 2886 625 2951 subinde
651 2886 882 2951 assumendum
904 2884 1056 2950 concedo.
1100 2882 1226 2947 Verum
1250 2882 1314 2947 hoc
1338 2882 1592 2947 notandumtai

487 2994 704 3071 symptomata
737 2988 866 3071 quaevis
900 2988 1048 3071 graviora
1072 2986 1122 3070 (ut
1152 2984 1374 3070 respirationis
1407 2984 1590 3069 difficultas,

486 3090 578 3156 dolor
606 3092 720 3176 eapitis
742 3092 829 3156 inter
858 3092 1064 3156 tussiendum
1085 3090 1276 3171 lentinuus)
1304 3088 1429 3153 malum
1458 3088 1520 3153 hoe
1547 3089 1592 3153 ad

486 3192 792 3277 Peripneumoniam
813 3192 960 3258 Notham
979 3194 1111 3278 propius
1133 3192 1284 3259 accedere
1305 3193 1511 3277 indigitent¹,
1528 3193 1592 3259 hoc

486 3297 522 3359 in
547 3318 624 3361 casu
652 3303 722 3360 tam
746 3296 960 3361 venae-sectio
986 3319 1084 3379 quam
1113 3296 1268 3361 catharsis
1297 3316 1439 3380 eousque
1470 3295 1591 3360 debitis

485 3401 663 3465 intervallis
682 3407 760 3465 sunt
779 3400 954 3480 iterandae,
973 3400 1077 3466 donee
1096 3406 1314 3486 symptomata
1330 3400 1442 3465 omnia
1459 3399 1591 3484 penitus

487 3503 686 3581 evanuerint,
700 3508 732 3565 et
744 3523 840 3586 aeger
854 3522 892 3567 eo
907 3503 1004 3567 modo
1019 3525 1116 3587 quem
1130 3504 1235 3587 capite
1249 3502 1337 3567 dicto
1353 3501 1589 3586 descripsimus,

487 3604 598 3669 sedulo
608 3604 805 3669 tractandus.
821 3607 868 3669 At
877 3606 1018 3670 nonnisi
1028 3627 1266 3690 perquamraro
1275 3604 1387 3671 Febris
1399 3604 1513 3688 dequa
1519 3605 1589 3688 jam

487 3708 614 3791 agimus
631 3708 673 3772 ad
691 3730 761 3773 eam
780 3709 945 3774 saevitiem
963 3709 1113 3792 assurgit,
1131 3716 1170 3772 ut
1186 3715 1261 3792 post
1274 3708 1404 3773 unicam
1420 3707 1590 3791 phleboto-

487 3811 587 3877 miam
602 3820 636 3877 et
650 3818 716 3877 tres
730 3812 938 3897 purgationes
953 3812 1100 3896 pluribus
1115 3811 1378 3876 evacuationibns
1392 3811 1548 3895 indigeat.

532 3913 598 3979 Sed
613 3914 653 3979 de
667 3915 729 3980 hoc
740 3915 835 3995 satis;
858 3915 945 4001 quod
959 3924 1071 3980 tamen
1086 3914 1167 3979 mihi
1181 3914 1372 3998 neutiquam
1386 3914 1589 3980 reticendum

486 4016 665 4096 videbatur,
681 4039 745 4101 quo
759 4018 867 4083 minus
881 4025 1011 4084 errante
1031 4016 1178 4101 diagnosi
1195 4017 1306 4082 Febris
1322 4016 1403 4081 baec
1420 4014 1589 4101 Hyemalis

486 4142 545 4205 pro
576 4122 773 4187 Stationaria
806 4122 882 4205 (sive
911 4122 1014 4188 Febne
1043 4120 1232 4205 Epidemioa
1260 4120 1420 4204 generalis
1449 4120 1590 4206 cujusvis

487 4221 759 4306 constitutionis)
789 4223 955 4305 habeatur,
981 4246 1057 4290 cum
1075 4224 1244 4308 ingentem
1265 4223 1436 4289 hominum
1457 4224 1524 4289 vim
1545 4222 1590 4291 ob

486 4324 571 4389 hanc
585 4347 654 4391 rem
669 4327 720 4391 vel
734 4326 925 4411 neglectam,
940 4328 991 4392 vel
1006 4328 1199 4412 ignoratam,
1214 4326 1345 4411 periisse
1359 4333 1449 4391 oerto
1464 4326 1574 4391 seiam.

521 4506 530 4541 t
546 4516 572 4555 at
583 4508 619 4573 at]
633 4510 673 4558 Sic
685 4511 738 4559 edd.
750 4520 847 4573 recent,
858 4522 885 4563 at
897 4524 922 4563 at
935 4514 993 4577 Syd.
1091 4522 1106 4549 ¹
1122 4513 1261 4579 indigitant]
1281 4514 1322 4562 Sic
1341 4514 1395 4563 edd.
1411 4519 1509 4574 recent,
1526 4516 1588 4562 indi·

520 4577 535 4605 ¹¹
553 4572 590 4620 Ci.
603 4578 698 4623 lbrmm.
711 4578 750 4634 40,
764 4578 817 4625 169.
1055 4584 1118 4644 gitet
1129 4580 1187 4643 Syd.
