3825 5759
545 655 611 718 354
859 649 1055 717 ΤΗΟΜΑΕ
1079 641 1344 715 SYDENHAM

395 831 437 878 nr.
448 829 534 880 viar·
547 815 675 894 citatus,
690 821 740 878 est
754 813 1014 897 praecavendua,)
1031 812 1097 876 duo
1119 818 1197 876 sunt
1211 811 1303 896 quasi
1317 811 1467 876 cardines
1481 811 1521 874 in
1539 813 1695 895 qm'bus

393 898 534 1010 οζὶζξζξ·
548 917 652 982 omnis
674 917 770 1000 hujus
787 915 892 980 morbi
909 915 1033 980 curatio
1046 915 1185 979 vertitur
1194 940 1204 993 ;
1228 912 1489 998 quandoquidem
1510 935 1617 997 quae
1645 936 1690 978 ex

548 1041 587 1084 eo
612 1019 761 1084 oriuntur
786 1019 881 1096 mala,
906 1017 993 1102 quod
1019 1017 1147 1101 utrique
1169 1017 1247 1082 huic
1270 1015 1447 1080 ffiaerimini
1476 1037 1550 1080 non
1592 1017 1689 1080 satis

548 1128 778 1200 ocoaureretiu,
793 1121 923 1186 fiinesta
943 1120 1002 1184 illa
1014 1126 1231 1205 symptomata
1251 1119 1390 1183 invitant
1404 1118 1527 1202 quibus
1542 1119 1685 1182 Vario-

548 1225 653 1290 larum
677 1224 844 1307 tragoedia
866 1223 1052 1287 absolvitur.
1097 1222 1257 1289 Quocirca
1279 1242 1354 1286 cum
1374 1221 1580 1304 praecipuae
1610 1221 1684 1284 hae

547 1327 669 1393 luerint
682 1327 895 1392 indicationes
909 1327 1080 1405 curatirae,
1091 1325 1149 1389 ubi
1162 1325 1203 1389 iis
1216 1325 1313 1390 modo
1324 1323 1394 1408 jam
1407 1323 1535 1388 tradito
1550 1325 1680 1389 secero

548 1432 635 1510 satia,
647 1431 729 1495 nibil
743 1429 880 1514 amphus
895 1427 975 1493 mibi
989 1434 1090 1492 restat
1104 1428 1287 1512 agendum
1309 1427 1519 1511 inquantum
1531 1427 1679 1492 scilicet

548 1534 698 1600 Medicus
713 1555 795 1612 sum,
807 1553 875 1598 non
889 1551 965 1595 vero
978 1531 1191 1595 formularum
1204 1529 1404 1594 mediocrum
1416 1530 1658 1614 praesumptor
1663 1555 1675 1607 ;

548 1659 627 1722 quas
642 1659 703 1721 ego
718 1637 807 1714 duas,
824 1635 888 1699 sive
903 1639 997 1712 crter,
1012 1633 1078 1699 sive
1093 1635 1189 1712 dotes,
1204 1632 1269 1697 sive
1284 1632 1382 1696 etiam
1390 1633 1596 1714 mabrica,
1611 1655 1674 1716 ap-

547 1741 667 1825 pellare
681 1740 790 1819 libeat,
805 1745 876 1803 toto
891 1737 980 1802 coelo
995 1757 1015 1800 a
1028 1757 1063 1800 se
1076 1735 1214 1800 invicem
1228 1735 1347 1800 distare
1362 1734 1510 1800 arbitror.

421 1845 444 1921 ip
488 1851 516 1922 ’ξ’
597 1841 679 1926 [43.]
709 1841 823 1904 Unum
845 1837 971 1923 adjicio,
986 1837 1014 1901 si
1032 1837 1221 1922 epispastico
1243 1859 1324 1922 opus
1344 1837 1454 1916 fuerit,
1472 1838 1509 1902 id
1526 1857 1669 1923 peram-

427 1927 447 1958 ¹⁸
465 1927 491 1958 ⁸⁸
513 1939 524 1949 '
547 1945 639 2029 plum
651 1951 683 2008 et
698 1943 776 2007 aetia
791 1963 863 2008 acre
878 1941 967 2024 aegri
976 1941 1102 2005 nuchae
1113 1941 1340 2024 applicandum
1349 1965 1360 2019 3
1382 1941 1469 2024 quod
1478 1941 1526 2004 ita
1537 1963 1667 2026 oppor-

395 2054 510 2151 ⁰523·
549 2057 631 2114 bino
643 2055 788 2129 tempore
801 2045 871 2108 fieri
886 2043 993 2123 debet,
1004 2049 1043 2108 ut
1053 2065 1159 2126 neque
1169 2049 1373 2127 praemature
1387 2041 1577 2126 appositum
1592 2043 1665 2106 rim

412 2181 462 2225 um,
551 2148 773 2234 epispasticem
788 2153 865 2210 ante
880 2146 966 2210 diem
980 2145 1199 2225 undecimum,
1215 2147 1251 2209 in
1265 2166 1330 2229 quo
1344 2145 1385 2209 de
1399 2165 1528 2208 summa
1541 2166 1662 2210 rerum

551 2251 667 2334 agitur,
688 2249 848 2326 amiserit;
871 2269 978 2332 neque
1000 2248 1035 2312 in
1057 2269 1133 2314 eum
1152 2248 1259 2332 ipsum
1281 2248 1368 2312 diem
1388 2248 1566 2332 rejiciatur,
1590 2271 1662 2332 quo

545 2355 615 2438 jam
629 2352 752 2418 tardius
764 2351 937 2417 adveniens
947 2351 1004 2418 illo
1011 2351 1166 2435 temporis
1181 2350 1316 2414 etiem
1327 2349 1438 2414 obesse
1452 2349 1564 2432 possit,
1577 2370 1660 2432 prae

549 2456 653 2520 calore
679 2462 711 2518 et
737 2461 830 2520 aestu
852 2475 948 2538 quem
974 2454 1126 2539 sanguini
1146 2453 1303 2538 imprimit
1324 2473 1401 2518 cnm
1422 2451 1513 2516 febre
1535 2469 1656 2516 sectura

549 2558 638 2622 daria
651 2558 703 2622 vix
716 2559 786 2642 pari
802 2558 911 2622 Marte
921 2565 1002 2622 tunc
1014 2557 1202 2622 decertanti.
1246 2555 1527 2640 Opportunissime
1540 2555 1655 2638 itaque

549 2661 760 2746 applicabitur
770 2659 995 2746 epispasticum
1006 2667 1101 2726 noete
1112 2660 1168 2723 illa
1178 2679 1261 2743 quae
1274 2679 1428 2742 magnam
1438 2658 1543 2723 morbi
1553 2659 1652 2723 crisin

548 2765 811 2849 praecedamur
833 2765 873 2828 ab
889 2770 1053 2846 assumpto
1067 2762 1262 2846 paregon'co,
1278 2761 1365 2845 quod
1378 2768 1459 2825 tnnc
1477 2767 1548 2825 erat
1561 2761 1650 2825 exhi·

397 2887 409 2916 ⁰
507 2895 518 2907 ·
548 2866 702 2932 bendum.
748 2867 905 2952 ¹apposito
922 2885 981 2950 per
996 2865 1031 2928 id
1052 2863 1205 2948 temporis
1222 2864 1418 2943 resicatorio,
1437 2861 1538 2943 dolor,
1553 2885 1649 2948 quem

396 2949 410 2980 ⁰
426 2949 485 2982 “¹¹''
548 2969 693 3053 ejusdem
707 2989 833 3034 morsus
848 2967 980 3046 adferet,
995 2987 1126 3050 prorsus
1144 2966 1269 3031 desinet
1286 2974 1363 3031 ante
1378 2967 1465 3032 diem
1477 2967 1571 3032 illum
1586 2989 1648 3052 quo

548 3093 643 3156 aeger
657 3073 708 3138 vel
722 3071 959 3155 agonizatunu,
975 3077 1009 3132 ct
1026 3067 1180 3132 materiae
1198 3067 1347 3152 peccanti
1361 3089 1400 3133 eo
1420 3069 1490 3151 ipso
1503 3075 1647 3151 tempore

549 3173 678 3239 dabitur
700 3173 804 3238 exitur
827 3193 891 3256 quo
913 3192 952 3236 eo
974 3177 1023 3235 eat
1045 3192 1126 3254 opus
1148 3171 1190 3236 ad
1203 3172 1362 3237 vincenda
1381 3173 1468 3237 mala
1483 3173 1546 3237 ista
1566 3195 1646 3256 qnae

548 3277 641 3342 illum
656 3275 741 3340 diem
756 3273 1005 3359 praestolantur.
1042 3272 1117 3338 Hoc
1131 3273 1220 3338 enim
1233 3274 1375 3358 primum
1388 3283 1534 3358 tempore
1551 3273 1645 3358 (quod

548 3377 583 3440 iu
597 3378 694 3460 hujua
712 3375 818 3439 morbi
831 3373 968 3438 historia
987 3373 1130 3458 [Obseru.
1145 3377 1234 3442 Med.
1249 3376 1294 3440 iii.
1310 3380 1342 3442 2.
1360 3379 1412 3457 14,
1427 3380 1472 3442 22
1486 3377 1557 3460 bc]
1575 3378 1643 3442 inse

549 3479 689 3562 deduxi)
714 3477 821 3555 facies,
846 3496 929 3559 quae
954 3476 1112 3542 hactenus
1136 3476 1387 3561 inturgescebat,
1407 3478 1478 3562 jam
1502 3478 1640 3543 detume—

549 3599 636 3644 scere
650 3577 773 3661 incipit,
789 3586 823 3642 et
839 3577 994 3658 salivatio,
1010 3601 1092 3662 quae
1109 3579 1277 3667 hucusque
1291 3581 1388 3666 pleno
1407 3602 1503 3646 amne
1516 3580 1640 3660 fluebat,

549 3682 740 3760 decrescere,
764 3681 962 3746 condensato
977 3683 1048 3767 jam
1074 3687 1107 3746 et
1132 3705 1201 3748 non
1224 3683 1289 3748 nisi
1313 3703 1409 3766 aegre
1432 3688 1569 3760 excreto,
1588 3683 1641 3766 qui

549 3807 621 3851 eam
636 3783 806 3863 excitabat,
821 3785 967 3848 humore.
1013 3784 1061 3848 Ut
1085 3805 1160 3848 vero
1174 3783 1352 3863 mittamus,
1368 3781 1591 3868 epispasticum
1603 3783 1637 3846 il·

547 3887 606 3952 lud
619 3895 692 3954 tum
706 3887 799 3952 faciei
815 3887 1099 3965 detumescentiae,
1114 3893 1187 3952 tum
1209 3889 1308 3954 mmm
1330 3886 1522 3952 imminutae
1535 3885 1637 3950 saliva·

547 3991 639 4070 tioni,
651 3989 879 4076 quadantenus
894 3987 1058 4069 substitui,
1069 3989 1152 4054 febri
1165 3990 1298 4076 insuper
1313 3988 1520 4055 secundariae
1533 3989 1635 4074 perdo·

547 4095 685 4160 mendae
700 4094 904 4177 aliquatenus
919 4092 1071 4157 conducit
1079 4117 1090 4171 ς
1108 4113 1190 4176 quae
1200 4113 1289 4156 nunc
1303 4091 1457 4174 temporis
1471 4088 1633 4165 invalescit,

548 4197 706 4282 sanguine
717 4195 809 4280 quasi
819 4194 935 4260 obruto
946 4201 981 4260 et
995 4195 1125 4279 penitus
1139 4195 1260 4260 infecto
1273 4195 1362 4279 puris
1372 4194 1466 4279 copia
1479 4216 1500 4260 a
1512 4193 1633 4259 totidem

396 4311 444 4388 me
458 4315 516 4362 ιμ’
548 4299 736 4368 abscessulia
758 4303 922 4382 resorpta3
946 4297 1026 4364 adeo
1040 4304 1078 4363 ut
1097 4297 1134 4360 in
1151 4295 1301 4362 omnibus
1320 4296 1387 4360 fere
1404 4317 1484 4380 quos
1503 4315 1631 4378 unquam

394 4379 523 4505 {¹5:3⁰⁸
547 4405 683 4472 tractavi
693 4402 832 4468 Variolis
846 4402 1040 4480 laborantes,
1052 4400 1284 4466 observaverim
1294 4399 1425 4484 pulsum
1438 4399 1473 4464 in
1488 4419 1577 4481 carpo
1589 4418 1630 4460 se·

547 4509 681 4574 lientem
693 4527 788 4591 aegre
798 4505 918 4590 percipi
929 4525 1023 4588 posse
1033 4505 1095 4570 hoc
1105 4510 1260 4588 tempore,
1269 4509 1345 4568 utut
1355 4501 1449 4567 facile
1459 4508 1536 4566 sect
1545 4499 1629 4584 pridie

548 4611 645 4695 hujus
660 4611 734 4689 diei,
750 4617 783 4675 et
798 4608 951 4694 postridie
967 4609 1076 4687 etiam,
1091 4607 1194 4692 digito
1208 4604 1400 4690 exploratori
1413 4626 1448 4670 se
1462 4603 1607 4688 proderet

395 4720 539 4798 amamin-
598 4711 681 4795 [44]
711 4711 776 4778 Sed
802 4712 889 4776 inter
917 4731 956 4774 ea
978 4731 1060 4794 quae
1082 4731 1103 4774 a
1124 4710 1229 4794 eapite
1250 4709 1316 4774 sive
1340 4707 1487 4773 derivant
1508 4707 1569 4770 sive
1585 4724 1627 4770 re·

395 4800 537 4914 {fflffi
550 4813 683 4892 vellunt,
707 4813 790 4876 nihil
814 4832 915 4896 aeque
937 4811 1019 4876 mihi
1039 4811 1166 4878 videtur
1187 4812 1313 4898 operari
1334 4832 1372 4876 ac
1393 4809 1505 4875 allium
1526 4807 1626 4893 pedum
