<?xml version="1.0" encoding="UTF-8"?>
<!DOCTYPE html PUBLIC "-//W3C//DTD XHTML 1.0 Transitional//EN"
    "http://www.w3.org/TR/xhtml1/DTD/xhtml1-transitional.dtd">
<html xmlns="http://www.w3.org/1999/xhtml" xml:lang="en" lang="en">
 <head>
  <title>
</title>
<meta http-equiv="Content-Type" content="text/html;charset=utf-8" />
  <meta name='ocr-system' content='tesseract 3.04.00' />
  <meta name='ocr-capabilities' content='ocr_page ocr_carea ocr_par ocr_line ocrx_word'/>
</head>
<body>
  <div class='ocr_page' id='page_1' title='image "./thomaesydenhamm00greegoog_0063.png"; bbox 0 0 3825 5759; ppageno 0'>
   <div class='ocr_carea' id='block_1_1' title="bbox 419 672 1365 743">
    <p class='ocr_par' dir='ltr' id='par_1_1' title="bbox 419 672 1365 743">
     <span class='ocr_line' id='line_1_1' title="bbox 419 672 1365 743; baseline 0.001 -4"><span class='ocrx_word' id='word_1_1' title='bbox 419 674 814 740; x_wconf 82' lang='lat' dir='ltr'>OBSERVATIONUM</span> <span class='ocrx_word' id='word_1_2' title='bbox 837 672 1170 742; x_wconf 85' lang='lat' dir='ltr'>MEDICARUMI.</span> <span class='ocrx_word' id='word_1_3' title='bbox 1193 696 1215 743; x_wconf 92' lang='lat'><strong>1.</strong></span> <span class='ocrx_word' id='word_1_4' title='bbox 1322 676 1365 740; x_wconf 80' lang='lat'><strong>27</strong></span> 
     </span>
    </p>
   </div>
   <div class='ocr_carea' id='block_1_2' title="bbox 264 835 1518 1536">
    <p class='ocr_par' dir='ltr' id='par_1_2' title="bbox 264 835 1518 1125">
     <span class='ocr_line' id='line_1_2' title="bbox 264 835 1518 921; baseline 0.001 -20"><span class='ocrx_word' id='word_1_5' title='bbox 264 838 337 901; x_wconf 86' lang='lat' dir='ltr'><strong>tius</strong></span> <span class='ocrx_word' id='word_1_6' title='bbox 356 837 455 920; x_wconf 89' lang='lat' dir='ltr'><strong>longe</strong></span> <span class='ocrx_word' id='word_1_7' title='bbox 482 858 580 921; x_wconf 90' lang='lat' dir='ltr'><strong>quam</strong></span> <span class='ocrx_word' id='word_1_8' title='bbox 606 836 675 901; x_wconf 88' lang='lat' dir='ltr'><strong>fieri</strong></span> <span class='ocrx_word' id='word_1_9' title='bbox 700 836 870 915; x_wconf 89' lang='lat' dir='ltr'><strong>cernimus,</strong></span> <span class='ocrx_word' id='word_1_10' title='bbox 897 836 999 911; x_wconf 91' lang='lat' dir='ltr'><strong>illum,</strong></span> <span class='ocrx_word' id='word_1_11' title='bbox 1027 835 1068 899; x_wconf 88' lang='lat' dir='ltr'><strong>ad</strong></span> <span class='ocrx_word' id='word_1_12' title='bbox 1094 856 1190 918; x_wconf 89' lang='lat' dir='ltr'><strong>quem</strong></span> <span class='ocrx_word' id='word_1_13' title='bbox 1216 835 1367 901; x_wconf 82' lang='lat' dir='ltr'>remediis</span> <span class='ocrx_word' id='word_1_14' title='bbox 1380 852 1518 902; x_wconf 66' lang='lat' dir='ltr'><strong>Dabrona</strong></span> 
     </span>
     <span class='ocr_line' id='line_1_3' title="bbox 264 917 1511 1029; baseline 0 -26"><span class='ocrx_word' id='word_1_15' title='bbox 264 940 351 1004; x_wconf 88' lang='lat' dir='ltr'><strong>hisee</strong></span> <span class='ocrx_word' id='word_1_16' title='bbox 374 940 512 1023; x_wconf 85' lang='lat' dir='ltr'><strong>ingratis</strong></span> <span class='ocrx_word' id='word_1_17' title='bbox 534 940 686 1017; x_wconf 87' lang='lat' dir='ltr'><strong>collimat,</strong></span> <span class='ocrx_word' id='word_1_18' title='bbox 709 938 856 1003; x_wconf 88' lang='lat' dir='ltr'><strong>sanitatis</strong></span> <span class='ocrx_word' id='word_1_19' title='bbox 879 959 1012 1022; x_wconf 89' lang='lat' dir='ltr'><strong>scopum</strong></span> <span class='ocrx_word' id='word_1_20' title='bbox 1033 938 1219 1021; x_wconf 84' lang='lat' dir='ltr'><strong>attingeret,</strong></span> <span class='ocrx_word' id='word_1_21' title='bbox 1239 938 1303 1002; x_wconf 84' lang='lat' dir='ltr'><strong>nisi</strong></span> <span class='ocrx_word' id='word_1_22' title='bbox 1325 917 1443 1027; x_wconf 57' lang='grc' dir='ltr'><strong>ιιιΑζυ</strong></span> <span class='ocrx_word' id='word_1_23' title='bbox 1446 930 1511 1029; x_wconf 43' lang='lat'><strong>{⁸¹2¹}</strong></span> 
     </span>
     <span class='ocr_line' id='line_1_4' title="bbox 264 1041 1514 1125; baseline 0.003 -22"><span class='ocrx_word' id='word_1_24' title='bbox 264 1042 387 1124; x_wconf 85' lang='lat' dir='ltr'><strong>ignaris</strong></span> <span class='ocrx_word' id='word_1_25' title='bbox 419 1062 439 1105; x_wconf 90' lang='lat' dir='ltr'><strong>a</strong></span> <span class='ocrx_word' id='word_1_26' title='bbox 468 1050 556 1106; x_wconf 85' lang='lat' dir='ltr'><strong>recto</strong></span> <span class='ocrx_word' id='word_1_27' title='bbox 582 1062 679 1124; x_wconf 90' lang='lat' dir='ltr'><strong>quem</strong></span> <span class='ocrx_word' id='word_1_28' title='bbox 704 1048 795 1105; x_wconf 87' lang='lat' dir='ltr'><strong>tenet</strong></span> <span class='ocrx_word' id='word_1_29' title='bbox 825 1062 922 1105; x_wconf 83' lang='grc' dir='ltr'><strong>ιιιιιι</strong></span> <span class='ocrx_word' id='word_1_30' title='bbox 952 1041 1217 1125; x_wconf 67' lang='lat' dir='ltr'>detorquentur,</span> <span class='ocrx_word' id='word_1_31' title='bbox 1250 1054 1514 1106; x_wconf 59' lang='lat' dir='ltr'><strong>verua-‘’-</strong></span> 
     </span>
    </p>

    <p class='ocr_par' dir='ltr' id='par_1_3' title="bbox 265 1143 1364 1227">
     <span class='ocr_line' id='line_1_5' title="bbox 265 1143 1364 1227; baseline 0 -20"><span class='ocrx_word' id='word_1_32' title='bbox 265 1152 386 1222; x_wconf 88' lang='lat' dir='ltr'><strong>tamen,</strong></span> <span class='ocrx_word' id='word_1_33' title='bbox 407 1164 482 1207; x_wconf 87' lang='lat' dir='ltr'><strong>cum</strong></span> <span class='ocrx_word' id='word_1_34' title='bbox 502 1144 564 1207; x_wconf 89' lang='lat' dir='ltr'><strong>sibi</strong></span> <span class='ocrx_word' id='word_1_35' title='bbox 585 1144 706 1222; x_wconf 86' lang='lat' dir='ltr'><strong>relicta,</strong></span> <span class='ocrx_word' id='word_1_36' title='bbox 726 1144 776 1207; x_wconf 87' lang='lat' dir='ltr'><strong>vel</strong></span> <span class='ocrx_word' id='word_1_37' title='bbox 798 1144 977 1227; x_wconf 84' lang='lat' dir='ltr'><strong>nimiopere</strong></span> <span class='ocrx_word' id='word_1_38' title='bbox 998 1143 1175 1226; x_wconf 75' lang='lat' dir='ltr'><strong>satagendo</strong></span> <span class='ocrx_word' id='word_1_39' title='bbox 1194 1144 1244 1207; x_wconf 83' lang='lat' dir='ltr'><strong>vel</strong></span> <span class='ocrx_word' id='word_1_40' title='bbox 1266 1145 1364 1209; x_wconf 90' lang='lat' dir='ltr'><strong>etiam</strong></span> 
     </span>
    </p>

    <p class='ocr_par' dir='ltr' id='par_1_4' title="bbox 266 1248 1365 1331">
     <span class='ocr_line' id='line_1_6' title="bbox 266 1248 1365 1331; baseline 0.001 -19"><span class='ocrx_word' id='word_1_41' title='bbox 266 1249 326 1313; x_wconf 88' lang='lat' dir='ltr'><strong>sibi</strong></span> <span class='ocrx_word' id='word_1_42' title='bbox 341 1248 532 1327; x_wconf 87' lang='lat' dir='ltr'><strong>deficiendo,</strong></span> <span class='ocrx_word' id='word_1_43' title='bbox 548 1250 712 1315; x_wconf 86' lang='lat' dir='ltr'><strong>hominem</strong></span> <span class='ocrx_word' id='word_1_44' title='bbox 727 1250 817 1313; x_wconf 87' lang='lat' dir='ltr'><strong>letho</strong></span> <span class='ocrx_word' id='word_1_45' title='bbox 837 1248 902 1326; x_wconf 92' lang='lat' dir='ltr'><strong>dat,</strong></span> <span class='ocrx_word' id='word_1_46' title='bbox 918 1248 1041 1313; x_wconf 81' lang='lat' dir='ltr'><strong>ferreae</strong></span> <span class='ocrx_word' id='word_1_47' title='bbox 1060 1248 1108 1312; x_wconf 91' lang='lat' dir='ltr'><strong>illi</strong></span> <span class='ocrx_word' id='word_1_48' title='bbox 1127 1256 1225 1331; x_wconf 89' lang='lat' dir='ltr'><strong>atque</strong></span> <span class='ocrx_word' id='word_1_49' title='bbox 1244 1248 1365 1313; x_wconf 90' lang='lat' dir='ltr'><strong>insolu-</strong></span> 
     </span>
    </p>

    <p class='ocr_par' dir='ltr' id='par_1_5' title="bbox 265 1350 1365 1536">
     <span class='ocr_line' id='line_1_7' title="bbox 265 1350 1365 1434; baseline 0.002 -21"><span class='ocrx_word' id='word_1_50' title='bbox 265 1350 320 1413; x_wconf 83' lang='lat' dir='ltr'>bili</span> <span class='ocrx_word' id='word_1_51' title='bbox 343 1352 553 1415; x_wconf 75' lang='lat' dir='ltr'><strong>mortalitatis</strong></span> <span class='ocrx_word' id='word_1_52' title='bbox 579 1351 643 1433; x_wconf 86' lang='lat' dir='ltr'><strong>legi</strong></span> <span class='ocrx_word' id='word_1_53' title='bbox 668 1350 856 1434; x_wconf 79' lang='lat' dir='ltr'><strong>obsequitur</strong></span> <span class='ocrx_word' id='word_1_54' title='bbox 881 1351 934 1414; x_wconf 88' lang='lat' dir='ltr'><strong>eui</strong></span> <span class='ocrx_word' id='word_1_55' title='bbox 966 1350 1168 1414; x_wconf 74' lang='lat' dir='ltr'><strong>“debemus‘</strong></span> <span class='ocrx_word' id='word_1_56' title='bbox 1199 1372 1258 1415; x_wconf 89' lang='lat' dir='ltr'><strong>nos</strong></span> <span class='ocrx_word' id='word_1_57' title='bbox 1290 1374 1365 1416; x_wconf 89' lang='lat' dir='ltr'><strong>nos-</strong></span> 
     </span>
     <span class='ocr_line' id='line_1_8' title="bbox 265 1452 1230 1536; baseline 0 -21"><span class='ocrx_word' id='word_1_58' title='bbox 265 1460 381 1536; x_wconf 87' lang='lat' dir='ltr'><strong>traque</strong></span> <span class='ocrx_word' id='word_1_59' title='bbox 391 1454 423 1516; x_wconf 88' lang='lat'><strong>:&#39;&#39;</strong></span> <span class='ocrx_word' id='word_1_60' title='bbox 446 1460 533 1519; x_wconf 86' lang='lat' dir='ltr'><strong>reete</strong></span> <span class='ocrx_word' id='word_1_61' title='bbox 549 1454 636 1517; x_wconf 83' lang='lat' dir='ltr'><strong>euim</strong></span> <span class='ocrx_word' id='word_1_62' title='bbox 651 1452 817 1529; x_wconf 74' lang='lat' dir='ltr'><strong>Bodthius,</strong></span> <span class='ocrx_word' id='word_1_63' title='bbox 833 1460 931 1536; x_wconf 88' lang='lat' dir='ltr'><strong>at&#39;que</strong></span> <span class='ocrx_word' id='word_1_64' title='bbox 946 1474 986 1516; x_wconf 85' lang='lat' dir='ltr'><strong>ex</strong></span> <span class='ocrx_word' id='word_1_65' title='bbox 999 1472 1108 1515; x_wconf 88' lang='lat' dir='ltr'><strong>rerum</strong></span> <span class='ocrx_word' id='word_1_66' title='bbox 1123 1474 1230 1531; x_wconf 88' lang='lat' dir='ltr'><strong>sensu,</strong></span> 
     </span>
    </p>
   </div>
   <div class='ocr_carea' id='block_1_3' title="bbox 248 1588 1525 4797">
    <p class='ocr_par' dir='ltr' id='par_1_6' title="bbox 498 1588 1284 1732">
     <span class='ocr_line' id='line_1_9' title="bbox 498 1588 1026 1652; baseline -0.002 -16"><span class='ocrx_word' id='word_1_67' title='bbox 498 1592 514 1616; x_wconf 81' lang='lat'><strong>‘⁴</strong></span> <span class='ocrx_word' id='word_1_68' title='bbox 524 1589 633 1645; x_wconf 78' lang='lat' dir='ltr'><strong>Constat,</strong></span> <span class='ocrx_word' id='word_1_69' title='bbox 644 1596 741 1637; x_wconf 81' lang='lat' dir='ltr'><strong>aeterua</strong></span> <span class='ocrx_word' id='word_1_70' title='bbox 751 1590 906 1652; x_wconf 85' lang='lat' dir='ltr'><strong>positumque</strong></span> <span class='ocrx_word' id='word_1_71' title='bbox 916 1588 971 1650; x_wconf 83' lang='lat' dir='ltr'><strong>lege</strong></span> <span class='ocrx_word' id='word_1_72' title='bbox 982 1595 1026 1645; x_wconf 83' lang='lat' dir='ltr'><strong>est,</strong></span> 
     </span>
     <span class='ocr_line' id='line_1_10' title="bbox 555 1666 1284 1732; baseline -0.001 -15"><span class='ocrx_word' id='word_1_73' title='bbox 555 1669 656 1717; x_wconf 83' lang='lat' dir='ltr'><strong>Constet</strong></span> <span class='ocrx_word' id='word_1_74' title='bbox 668 1676 696 1717; x_wconf 85' lang='lat' dir='ltr'><strong>ut</strong></span> <span class='ocrx_word' id='word_1_75' title='bbox 706 1670 817 1732; x_wconf 84' lang='lat' dir='ltr'><strong>genitum</strong></span> <span class='ocrx_word' id='word_1_76' title='bbox 829 1668 913 1717; x_wconf 87' lang='lat' dir='ltr'><strong>nihil”</strong></span> <span class='ocrx_word' id='word_1_77' title='bbox 949 1666 1000 1729; x_wconf 79' lang='lat' dir='ltr'><strong>[De</strong></span> <span class='ocrx_word' id='word_1_78' title='bbox 1010 1671 1098 1716; x_wconf 66' lang='lat' dir='ltr'><strong>Curat</strong></span> <span class='ocrx_word' id='word_1_79' title='bbox 1111 1670 1196 1716; x_wconf 74' lang='lat' dir='ltr'><strong>Ptr&#39;loe.</strong></span> <span class='ocrx_word' id='word_1_80' title='bbox 1207 1668 1232 1717; x_wconf 83' lang='lat' dir='ltr'><strong>ii</strong></span> <span class='ocrx_word' id='word_1_81' title='bbox 1246 1668 1284 1731; x_wconf 63' lang='lat' dir='ltr'><strong>a]</strong></span> 
     </span>
    </p>

    <p class='ocr_par' dir='ltr' id='par_1_7' title="bbox 265 1764 1462 2054">
     <span class='ocr_line' id='line_1_11' title="bbox 271 1764 1369 1849; baseline 0 -20"><span class='ocrx_word' id='word_1_82' title='bbox 271 1766 331 1849; x_wconf 86' lang='grc'>[3.]</span> <span class='ocrx_word' id='word_1_83' title='bbox 360 1764 429 1829; x_wconf 86' lang='lat' dir='ltr'><strong>Sed</strong></span> <span class='ocrx_word' id='word_1_84' title='bbox 449 1774 488 1831; x_wconf 92' lang='lat' dir='ltr'><strong>ut</strong></span> <span class='ocrx_word' id='word_1_85' title='bbox 509 1766 666 1831; x_wconf 87' lang='lat' dir='ltr'><strong>instantia</strong></span> <span class='ocrx_word' id='word_1_86' title='bbox 686 1788 753 1830; x_wconf 91' lang='lat' dir='ltr'><strong>una</strong></span> <span class='ocrx_word' id='word_1_87' title='bbox 775 1767 914 1830; x_wconf 86' lang='lat' dir='ltr'><strong>alterave</strong></span> <span class='ocrx_word' id='word_1_88' title='bbox 933 1766 1003 1849; x_wconf 88' lang='lat' dir='ltr'><strong>jam</strong></span> <span class='ocrx_word' id='word_1_89' title='bbox 1025 1764 1186 1828; x_wconf 88' lang='lat' dir='ltr'><strong>dictorum</strong></span> <span class='ocrx_word' id='word_1_90' title='bbox 1200 1765 1369 1829; x_wconf 82' lang='lat' dir='ltr'><strong>veritatem</strong></span> 
     </span>
     <span class='ocr_line' id='line_1_12' title="bbox 265 1867 1462 1953; baseline -0.001 -22"><span class='ocrx_word' id='word_1_91' title='bbox 265 1890 446 1933; x_wconf 76' lang='lat' dir='ltr'>asseramus</span> <span class='ocrx_word' id='word_1_92' title='bbox 455 1896 465 1946; x_wconf 81' lang='lat'>3</span> <span class='ocrx_word' id='word_1_93' title='bbox 490 1868 560 1952; x_wconf 91' lang='lat' dir='ltr'><strong>ipsa</strong></span> <span class='ocrx_word' id='word_1_94' title='bbox 578 1869 678 1953; x_wconf 90' lang='lat' dir='ltr'><strong>pestis</strong></span> <span class='ocrx_word' id='word_1_95' title='bbox 693 1868 771 1953; x_wconf 93' lang='lat' dir='ltr'><strong>quid</strong></span> <span class='ocrx_word' id='word_1_96' title='bbox 789 1868 955 1950; x_wconf 69' lang='lat' dir='ltr'><strong>(obsecro)</strong></span> <span class='ocrx_word' id='word_1_97' title='bbox 974 1867 1063 1931; x_wconf 87' lang='lat' dir='ltr'><strong>aliud</strong></span> <span class='ocrx_word' id='word_1_98' title='bbox 1082 1874 1132 1931; x_wconf 91' lang='lat' dir='ltr'><strong>est</strong></span> <span class='ocrx_word' id='word_1_99' title='bbox 1147 1887 1244 1950; x_wconf 91' lang='lat' dir='ltr'><strong>quam</strong></span> <span class='ocrx_word' id='word_1_100' title='bbox 1262 1889 1368 1951; x_wconf 87' lang='lat' dir='ltr'><strong>symp-</strong></span> <span class='ocrx_word' id='word_1_101' title='bbox 1382 1878 1462 1930; x_wconf 69' lang='lat' dir='ltr'><strong>Pestis</strong></span> 
     </span>
     <span class='ocr_line' id='line_1_13' title="bbox 265 1970 1368 2054; baseline 0 -20"><span class='ocrx_word' id='word_1_102' title='bbox 265 1978 428 2035; x_wconf 82' lang='lat' dir='ltr'><strong>tornatum</strong></span> <span class='ocrx_word' id='word_1_103' title='bbox 454 1972 665 2054; x_wconf 80' lang='lat' dir='ltr'><strong>complicatio,</strong></span> <span class='ocrx_word' id='word_1_104' title='bbox 692 1971 809 2054; x_wconf 90' lang='lat' dir='ltr'><strong>quibus</strong></span> <span class='ocrx_word' id='word_1_105' title='bbox 839 1970 945 2034; x_wconf 89' lang='lat' dir='ltr'><strong>utitur</strong></span> <span class='ocrx_word' id='word_1_106' title='bbox 970 1970 1101 2034; x_wconf 87' lang='lat' dir='ltr'><strong>Natura</strong></span> <span class='ocrx_word' id='word_1_107' title='bbox 1130 1970 1171 2033; x_wconf 90' lang='lat' dir='ltr'><strong>ad</strong></span> <span class='ocrx_word' id='word_1_108' title='bbox 1195 1970 1368 2054; x_wconf 88' lang='lat' dir='ltr'><strong>inspiratas</strong></span> 
     </span>
    </p>

    <p class='ocr_par' dir='ltr' id='par_1_8' title="bbox 266 2068 1368 2258">
     <span class='ocr_line' id='line_1_14' title="bbox 266 2068 1368 2159; baseline 0.002 -26"><span class='ocrx_word' id='word_1_109' title='bbox 266 2092 331 2134; x_wconf 90' lang='lat' dir='ltr'><strong>una</strong></span> <span class='ocrx_word' id='word_1_110' title='bbox 350 2092 430 2136; x_wconf 89' lang='lat' dir='ltr'><strong>cum</strong></span> <span class='ocrx_word' id='word_1_111' title='bbox 449 2076 520 2136; x_wconf 75' lang='lat' dir='ltr'><strong>aere</strong></span> <span class='ocrx_word' id='word_1_112' title='bbox 529 2072 708 2159; x_wconf 88' lang='lat' dir='ltr'><strong>particulas</strong></span> <span class='ocrx_word' id='word_1_113' title='bbox 727 2068 930 2153; x_wconf 65' lang='lat' dir='ltr'><strong>asaraddon,</strong></span> <span class='ocrx_word' id='word_1_114' title='bbox 945 2090 1004 2155; x_wconf 84' lang='lat' dir='ltr'><strong>per</strong></span> <span class='ocrx_word' id='word_1_115' title='bbox 1017 2071 1227 2149; x_wconf 86' lang='lat' dir='ltr'><strong>emunctoria,</strong></span> <span class='ocrx_word' id='word_1_116' title='bbox 1243 2078 1368 2155; x_wconf 85' lang='lat' dir='ltr'><strong>aposte-</strong></span> 
     </span>
     <span class='ocr_line' id='line_1_15' title="bbox 266 2174 1366 2258; baseline 0.003 -22"><span class='ocrx_word' id='word_1_117' title='bbox 266 2180 394 2238; x_wconf 88' lang='lat' dir='ltr'><strong>matum</strong></span> <span class='ocrx_word' id='word_1_118' title='bbox 416 2175 530 2257; x_wconf 86' lang='lat' dir='ltr'><strong>specie,</strong></span> <span class='ocrx_word' id='word_1_119' title='bbox 550 2174 601 2238; x_wconf 81' lang='lat' dir='ltr'><strong>vel</strong></span> <span class='ocrx_word' id='word_1_120' title='bbox 623 2174 759 2238; x_wconf 85' lang='lat' dir='ltr'><strong>aliarum</strong></span> <span class='ocrx_word' id='word_1_121' title='bbox 781 2174 988 2257; x_wconf 87' lang='lat' dir='ltr'><strong>eruptionum</strong></span> <span class='ocrx_word' id='word_1_122' title='bbox 1009 2194 1115 2258; x_wconf 89' lang='lat' dir='ltr'><strong>opera,</strong></span> <span class='ocrx_word' id='word_1_123' title='bbox 1136 2175 1366 2239; x_wconf 80' lang='lat' dir='ltr'><strong>excutiendas?</strong></span> 
     </span>
    </p>

    <p class='ocr_par' dir='ltr' id='par_1_9' title="bbox 267 2274 1521 2668">
     <span class='ocr_line' id='line_1_16' title="bbox 267 2274 1502 2399; baseline -0.002 -59"><span class='ocrx_word' id='word_1_124' title='bbox 267 2274 355 2341; x_wconf 80' lang='lat' dir='ltr'><strong>Quid</strong></span> <span class='ocrx_word' id='word_1_125' title='bbox 388 2274 542 2354; x_wconf 89' lang='lat' dir='ltr'><strong>arthritis,</strong></span> <span class='ocrx_word' id='word_1_126' title='bbox 572 2276 636 2339; x_wconf 89' lang='lat' dir='ltr'><strong>nisi</strong></span> <span class='ocrx_word' id='word_1_127' title='bbox 665 2276 812 2340; x_wconf 79' lang='lat' dir='ltr'><strong>Naturae</strong></span> <span class='ocrx_word' id='word_1_128' title='bbox 843 2276 1045 2359; x_wconf 88' lang='lat' dir='ltr'><strong>providentia</strong></span> <span class='ocrx_word' id='word_1_129' title='bbox 1073 2276 1113 2339; x_wconf 86' lang='lat' dir='ltr'><strong>ad</strong></span> <span class='ocrx_word' id='word_1_130' title='bbox 1144 2276 1413 2399; x_wconf 60' lang='lat' dir='ltr'><strong>deputandumm</strong></span> <span class='ocrx_word' id='word_1_131' title='bbox 1381 2288 1502 2337; x_wconf 73' lang='lat' dir='ltr'><strong>ermari-</strong></span> 
     </span>
     <span class='ocr_line' id='line_1_17' title="bbox 267 2352 1508 2464; baseline 0.002 -23"><span class='ocrx_word' id='word_1_132' title='bbox 267 2398 383 2441; x_wconf 87' lang='lat' dir='ltr'><strong>senum</strong></span> <span class='ocrx_word' id='word_1_133' title='bbox 403 2378 605 2461; x_wconf 88' lang='lat' dir='ltr'><strong>sanguinem,</strong></span> <span class='ocrx_word' id='word_1_134' title='bbox 621 2384 718 2461; x_wconf 89' lang='lat' dir='ltr'><strong>atque</strong></span> <span class='ocrx_word' id='word_1_135' title='bbox 737 2378 982 2459; x_wconf 84' lang='lat' dir='ltr'><strong>expurgandum</strong></span> <span class='ocrx_word' id='word_1_136' title='bbox 1001 2378 1141 2461; x_wconf 83' lang='lat' dir='ltr'><strong>corporis</strong></span> <span class='ocrx_word' id='word_1_137' title='bbox 1159 2380 1367 2462; x_wconf 86' lang='lat' dir='ltr'><strong>profundum,</strong></span> <span class='ocrx_word' id='word_1_138' title='bbox 1357 2429 1420 2463; x_wconf 70' lang='lat' dir='ltr'><strong>»ra</strong></span> <span class='ocrx_word' id='word_1_139' title='bbox 1380 2352 1508 2464; x_wconf 53' lang='lat' dir='ltr'><strong>mffli</strong></span> 
     </span>
     <span class='ocr_line' id='line_1_18' title="bbox 268 2480 1519 2565; baseline 0.004 -22"><span class='ocrx_word' id='word_1_140' title='bbox 268 2489 304 2544; x_wconf 91' lang='lat' dir='ltr'><strong>ut</strong></span> <span class='ocrx_word' id='word_1_141' title='bbox 325 2502 404 2545; x_wconf 86' lang='lat' dir='ltr'><strong>eum</strong></span> <span class='ocrx_word' id='word_1_142' title='bbox 428 2482 625 2564; x_wconf 84' lang='lat' dir='ltr'><strong>Hippocrate</strong></span> <span class='ocrx_word' id='word_1_143' title='bbox 646 2481 842 2565; x_wconf 84' lang='lat' dir='ltr'><strong>loquamur?</strong></span> <span class='ocrx_word' id='word_1_144' title='bbox 879 2480 991 2545; x_wconf 90' lang='lat' dir='ltr'><strong>Potest</strong></span> <span class='ocrx_word' id='word_1_145' title='bbox 1005 2488 1040 2545; x_wconf 90' lang='lat' dir='ltr'><strong>et</strong></span> <span class='ocrx_word' id='word_1_146' title='bbox 1059 2482 1146 2545; x_wconf 90' lang='lat' dir='ltr'><strong>idem</strong></span> <span class='ocrx_word' id='word_1_147' title='bbox 1161 2483 1312 2547; x_wconf 86' lang='lat' dir='ltr'><strong>affirmari</strong></span> <span class='ocrx_word' id='word_1_148' title='bbox 1327 2483 1410 2547; x_wconf 80' lang='lat' dir='ltr'><strong>de¹¹</strong></span> <span class='ocrx_word' id='word_1_149' title='bbox 1380 2482 1463 2528; x_wconf 44' lang='lat'>¹¹²¹&amp;</span> <span class='ocrx_word' id='word_1_150' title='bbox 1464 2496 1519 2528; x_wconf 88' lang='lat'>¹¹·¹¹</span> 
     </span>
     <span class='ocr_line' id='line_1_19' title="bbox 268 2552 1521 2668; baseline 0.001 -21"><span class='ocrx_word' id='word_1_151' title='bbox 268 2585 429 2667; x_wconf 89' lang='lat' dir='ltr'><strong>plerisque</strong></span> <span class='ocrx_word' id='word_1_152' title='bbox 445 2584 515 2648; x_wconf 86' lang='lat' dir='ltr'><strong>aliis</strong></span> <span class='ocrx_word' id='word_1_153' title='bbox 529 2584 651 2648; x_wconf 87' lang='lat' dir='ltr'><strong>morbis</strong></span> <span class='ocrx_word' id='word_1_154' title='bbox 665 2585 805 2668; x_wconf 84' lang='lat' dir='ltr'><strong>perfecte</strong></span> <span class='ocrx_word' id='word_1_155' title='bbox 820 2584 975 2648; x_wconf 80' lang='lat' dir='ltr'><strong>formatis.</strong></span> <span class='ocrx_word' id='word_1_156' title='bbox 1379 2552 1521 2593; x_wconf 72' lang='lat' dir='ltr'><strong>ammenta</strong></span> 
     </span>
    </p>

    <p class='ocr_par' dir='ltr' id='par_1_10' title="bbox 314 2686 1367 2771">
     <span class='ocr_line' id='line_1_20' title="bbox 314 2686 1367 2771; baseline 0.004 -22"><span class='ocrx_word' id='word_1_157' title='bbox 314 2686 378 2770; x_wconf 86' lang='lat'><strong>[4.]</strong></span> <span class='ocrx_word' id='word_1_158' title='bbox 407 2687 427 2749; x_wconf 88' lang='lat' dir='ltr'><strong>J</strong></span> <span class='ocrx_word' id='word_1_159' title='bbox 429 2706 482 2749; x_wconf 89' lang='lat' dir='ltr'><strong>am</strong></span> <span class='ocrx_word' id='word_1_160' title='bbox 496 2706 571 2750; x_wconf 87' lang='lat' dir='ltr'><strong>vero</strong></span> <span class='ocrx_word' id='word_1_161' title='bbox 586 2708 675 2751; x_wconf 91' lang='lat' dir='ltr'><strong>nunc</strong></span> <span class='ocrx_word' id='word_1_162' title='bbox 689 2687 751 2750; x_wconf 89' lang='lat' dir='ltr'><strong>hoe</strong></span> <span class='ocrx_word' id='word_1_163' title='bbox 765 2708 900 2751; x_wconf 89' lang='lat' dir='ltr'><strong>munere</strong></span> <span class='ocrx_word' id='word_1_164' title='bbox 915 2687 1050 2751; x_wconf 85' lang='lat' dir='ltr'><strong>celerius</strong></span> <span class='ocrx_word' id='word_1_165' title='bbox 1065 2688 1214 2771; x_wconf 82' lang='lat' dir='ltr'><strong>fungitur</strong></span> <span class='ocrx_word' id='word_1_166' title='bbox 1228 2690 1367 2766; x_wconf 86' lang='lat' dir='ltr'><strong>Natura,</strong></span> 
     </span>
    </p>

    <p class='ocr_par' dir='ltr' id='par_1_11' title="bbox 248 2788 1368 2873">
     <span class='ocr_line' id='line_1_21' title="bbox 248 2788 1368 2873; baseline 0.002 -23"><span class='ocrx_word' id='word_1_167' title='bbox 248 2808 358 2853; x_wconf 62' lang='lat' dir='ltr'><strong>vutum</strong></span> <span class='ocrx_word' id='word_1_168' title='bbox 379 2808 455 2853; x_wconf 86' lang='lat' dir='ltr'><strong>vero</strong></span> <span class='ocrx_word' id='word_1_169' title='bbox 475 2788 609 2867; x_wconf 85' lang='lat' dir='ltr'><strong>tardius,</strong></span> <span class='ocrx_word' id='word_1_170' title='bbox 625 2810 683 2873; x_wconf 91' lang='lat' dir='ltr'><strong>pro</strong></span> <span class='ocrx_word' id='word_1_171' title='bbox 703 2790 791 2853; x_wconf 81' lang='lat' dir='ltr'><strong>varia</strong></span> <span class='ocrx_word' id='word_1_172' title='bbox 812 2789 966 2853; x_wconf 89' lang='lat' dir='ltr'><strong>methodo</strong></span> <span class='ocrx_word' id='word_1_173' title='bbox 990 2810 1054 2873; x_wconf 92' lang='lat' dir='ltr'><strong>qua</strong></span> <span class='ocrx_word' id='word_1_174' title='bbox 1077 2810 1208 2853; x_wconf 85' lang='lat' dir='ltr'><strong>eausam</strong></span> <span class='ocrx_word' id='word_1_175' title='bbox 1225 2790 1368 2854; x_wconf 90' lang='lat' dir='ltr'><strong>morbifi-</strong></span> 
     </span>
    </p>

    <p class='ocr_par' dir='ltr' id='par_1_12' title="bbox 269 2894 1457 2978">
     <span class='ocr_line' id='line_1_22' title="bbox 269 2894 1457 2978; baseline -0.003 -21"><span class='ocrx_word' id='word_1_176' title='bbox 269 2914 338 2957; x_wconf 87' lang='lat' dir='ltr'><strong>cam</strong></span> <span class='ocrx_word' id='word_1_177' title='bbox 364 2894 538 2959; x_wconf 85' lang='lat' dir='ltr'><strong>deturbare</strong></span> <span class='ocrx_word' id='word_1_178' title='bbox 564 2895 690 2959; x_wconf 90' lang='lat' dir='ltr'><strong>nititur.</strong></span> <span class='ocrx_word' id='word_1_179' title='bbox 744 2896 832 2960; x_wconf 87' lang='lat' dir='ltr'><strong>Nam</strong></span> <span class='ocrx_word' id='word_1_180' title='bbox 862 2916 937 2959; x_wconf 87' lang='lat' dir='ltr'><strong>cum</strong></span> <span class='ocrx_word' id='word_1_181' title='bbox 963 2894 1062 2957; x_wconf 84' lang='lat' dir='ltr'><strong>febris</strong></span> <span class='ocrx_word' id='word_1_182' title='bbox 1091 2916 1186 2977; x_wconf 92' lang='lat' dir='ltr'><strong>opem</strong></span> <span class='ocrx_word' id='word_1_183' title='bbox 1215 2895 1368 2978; x_wconf 86' lang='lat' dir='ltr'><strong>deposcit,</strong></span> <span class='ocrx_word' id='word_1_184' title='bbox 1382 2904 1457 2953; x_wconf 72' lang='grc' dir='ltr'><strong>ιιιο</strong></span> 
     </span>
    </p>

    <p class='ocr_par' dir='ltr' id='par_1_13' title="bbox 270 2970 1522 3287">
     <span class='ocr_line' id='line_1_23' title="bbox 270 2970 1522 3082; baseline 0 -23"><span class='ocrx_word' id='word_1_185' title='bbox 270 3018 331 3079; x_wconf 89' lang='lat' dir='ltr'><strong>qua</strong></span> <span class='ocrx_word' id='word_1_186' title='bbox 345 2997 505 3082; x_wconf 83' lang='lat' dir='ltr'><strong>adjutrice</strong></span> <span class='ocrx_word' id='word_1_187' title='bbox 518 2998 691 3081; x_wconf 84' lang='lat' dir='ltr'><strong>particulas</strong></span> <span class='ocrx_word' id='word_1_188' title='bbox 705 2998 892 3081; x_wconf 88' lang='lat' dir='ltr'><strong>inquinatas</strong></span> <span class='ocrx_word' id='word_1_189' title='bbox 908 3020 927 3061; x_wconf 91' lang='lat' dir='ltr'><strong>a</strong></span> <span class='ocrx_word' id='word_1_190' title='bbox 942 2996 1100 3079; x_wconf 87' lang='lat' dir='ltr'><strong>sanguine</strong></span> <span class='ocrx_word' id='word_1_191' title='bbox 1115 2996 1256 3075; x_wconf 83' lang='lat' dir='ltr'><strong>divellat,</strong></span> <span class='ocrx_word' id='word_1_192' title='bbox 1268 2984 1424 3059; x_wconf 74' lang='lat' dir='ltr'><strong>divisi-¹¹¹⁰</strong></span> <span class='ocrx_word' id='word_1_193' title='bbox 1384 2970 1522 3081; x_wconf 41' lang='grc' dir='ltr'><strong>,ἔξω</strong></span> 
     </span>
     <span class='ocr_line' id='line_1_24' title="bbox 270 3098 1446 3184; baseline -0.001 -22"><span class='ocrx_word' id='word_1_194' title='bbox 270 3120 384 3184; x_wconf 87' lang='lat' dir='ltr'><strong>sasque</strong></span> <span class='ocrx_word' id='word_1_195' title='bbox 411 3120 583 3184; x_wconf 87' lang='lat' dir='ltr'><strong>progressu</strong></span> <span class='ocrx_word' id='word_1_196' title='bbox 609 3100 715 3165; x_wconf 88' lang='lat' dir='ltr'><strong>adhuc</strong></span> <span class='ocrx_word' id='word_1_197' title='bbox 742 3100 888 3164; x_wconf 87' lang='lat' dir='ltr'><strong>ulteriori</strong></span> <span class='ocrx_word' id='word_1_198' title='bbox 911 3120 970 3181; x_wconf 87' lang='lat' dir='ltr'><strong>per</strong></span> <span class='ocrx_word' id='word_1_199' title='bbox 991 3098 1134 3175; x_wconf 87' lang='lat' dir='ltr'><strong>sudores,</strong></span> <span class='ocrx_word' id='word_1_200' title='bbox 1157 3098 1370 3178; x_wconf 89' lang='lat' dir='ltr'><strong>diarrhoeam,</strong></span> <span class='ocrx_word' id='word_1_201' title='bbox 1385 3112 1446 3146; x_wconf 84' lang='lat'>¹=¹¹¹¹¹</span> 
     </span>
     <span class='ocr_line' id='line_1_25' title="bbox 270 3201 1370 3287; baseline 0.001 -23"><span class='ocrx_word' id='word_1_202' title='bbox 270 3203 466 3287; x_wconf 87' lang='lat' dir='ltr'><strong>eruptiones,</strong></span> <span class='ocrx_word' id='word_1_203' title='bbox 476 3210 533 3266; x_wconf 89' lang='lat' dir='ltr'><strong>aut</strong></span> <span class='ocrx_word' id='word_1_204' title='bbox 544 3203 639 3267; x_wconf 89' lang='lat' dir='ltr'><strong>aliam</strong></span> <span class='ocrx_word' id='word_1_205' title='bbox 654 3203 837 3269; x_wconf 82' lang='lat' dir='ltr'><strong>istiusmodi</strong></span> <span class='ocrx_word' id='word_1_206' title='bbox 847 3201 1100 3280; x_wconf 83' lang='lat' dir='ltr'><strong>evacuationem,</strong></span> <span class='ocrx_word' id='word_1_207' title='bbox 1112 3201 1250 3285; x_wconf 84' lang='lat' dir='ltr'><strong>expellat</strong></span> <span class='ocrx_word' id='word_1_208' title='bbox 1254 3228 1265 3281; x_wconf 87' lang='lat'>;</span> <span class='ocrx_word' id='word_1_209' title='bbox 1281 3222 1370 3265; x_wconf 86' lang='lat' dir='ltr'><strong>eum·</strong></span> 
     </span>
    </p>

    <p class='ocr_par' dir='ltr' id='par_1_14' title="bbox 271 3304 1370 3388">
     <span class='ocr_line' id='line_1_26' title="bbox 271 3304 1370 3388; baseline 0.002 -22"><span class='ocrx_word' id='word_1_210' title='bbox 271 3324 330 3385; x_wconf 92' lang='lat' dir='ltr'><strong>que</strong></span> <span class='ocrx_word' id='word_1_211' title='bbox 363 3305 399 3367; x_wconf 92' lang='lat' dir='ltr'><strong>in</strong></span> <span class='ocrx_word' id='word_1_212' title='bbox 429 3305 597 3387; x_wconf 88' lang='lat' dir='ltr'><strong>sanguinis</strong></span> <span class='ocrx_word' id='word_1_213' title='bbox 624 3324 741 3382; x_wconf 89' lang='lat' dir='ltr'><strong>massa,</strong></span> <span class='ocrx_word' id='word_1_214' title='bbox 772 3326 902 3388; x_wconf 88' lang='lat' dir='ltr'><strong>corpore</strong></span> <span class='ocrx_word' id='word_1_215' title='bbox 931 3304 1082 3388; x_wconf 87' lang='lat' dir='ltr'><strong>pertenui</strong></span> <span class='ocrx_word' id='word_1_216' title='bbox 1111 3324 1149 3368; x_wconf 87' lang='lat' dir='ltr'><strong>ae</strong></span> <span class='ocrx_word' id='word_1_217' title='bbox 1177 3304 1289 3383; x_wconf 89' lang='lat' dir='ltr'><strong>fluido,</strong></span> <span class='ocrx_word' id='word_1_218' title='bbox 1319 3324 1370 3368; x_wconf 88' lang='lat' dir='ltr'><strong>res</strong></span> 
     </span>
    </p>

    <p class='ocr_par' dir='ltr' id='par_1_15' title="bbox 269 3407 1371 3797">
     <span class='ocr_line' id='line_1_27' title="bbox 270 3407 1371 3492; baseline 0.005 -24"><span class='ocrx_word' id='word_1_219' title='bbox 270 3408 373 3470; x_wconf 89' lang='lat' dir='ltr'><strong>omnis</strong></span> <span class='ocrx_word' id='word_1_220' title='bbox 395 3414 579 3491; x_wconf 74' lang='lat' dir='ltr'><strong>peragatur,</strong></span> <span class='ocrx_word' id='word_1_221' title='bbox 601 3408 699 3490; x_wconf 88' lang='lat' dir='ltr'><strong>idque</strong></span> <span class='ocrx_word' id='word_1_222' title='bbox 724 3416 816 3471; x_wconf 93' lang='lat' dir='ltr'><strong>motu</strong></span> <span class='ocrx_word' id='word_1_223' title='bbox 839 3408 983 3492; x_wconf 85' lang='lat' dir='ltr'><strong>partium</strong></span> <span class='ocrx_word' id='word_1_224' title='bbox 1004 3407 1211 3471; x_wconf 84' lang='lat' dir='ltr'><strong>violentiora:</strong></span> <span class='ocrx_word' id='word_1_225' title='bbox 1240 3428 1371 3473; x_wconf 85' lang='lat' dir='ltr'><strong>necesse</strong></span> 
     </span>
     <span class='ocr_line' id='line_1_28' title="bbox 270 3496 1370 3593; baseline 0.005 -23"><span class='ocrx_word' id='word_1_226' title='bbox 270 3510 402 3573; x_wconf 88' lang='lat' dir='ltr'><strong>omniuo</strong></span> <span class='ocrx_word' id='word_1_227' title='bbox 424 3516 484 3587; x_wconf 89' lang='lat' dir='ltr'><strong>est,</strong></span> <span class='ocrx_word' id='word_1_228' title='bbox 500 3496 571 3573; x_wconf 90' lang='lat' dir='ltr'><strong>non</strong></span> <span class='ocrx_word' id='word_1_229' title='bbox 587 3510 691 3574; x_wconf 89' lang='lat' dir='ltr'><strong>solum</strong></span> <span class='ocrx_word' id='word_1_230' title='bbox 706 3517 744 3573; x_wconf 91' lang='lat' dir='ltr'><strong>ut</strong></span> <span class='ocrx_word' id='word_1_231' title='bbox 765 3510 872 3574; x_wconf 83' lang='lat' dir='ltr'><strong>subito</strong></span> <span class='ocrx_word' id='word_1_232' title='bbox 886 3510 936 3573; x_wconf 86' lang='lat' dir='ltr'><strong>vel</strong></span> <span class='ocrx_word' id='word_1_233' title='bbox 954 3511 991 3573; x_wconf 88' lang='lat' dir='ltr'><strong>in</strong></span> <span class='ocrx_word' id='word_1_234' title='bbox 1010 3509 1148 3573; x_wconf 87' lang='lat' dir='ltr'><strong>salutem</strong></span> <span class='ocrx_word' id='word_1_235' title='bbox 1166 3510 1255 3593; x_wconf 86' lang='lat' dir='ltr'><strong>aegri</strong></span> <span class='ocrx_word' id='word_1_236' title='bbox 1269 3511 1320 3573; x_wconf 86' lang='lat' dir='ltr'><strong>vel</strong></span> <span class='ocrx_word' id='word_1_237' title='bbox 1334 3512 1370 3575; x_wconf 91' lang='lat' dir='ltr'><strong>in</strong></span> 
     </span>
     <span class='ocr_line' id='line_1_29' title="bbox 269 3610 1370 3695; baseline 0.003 -22"><span class='ocrx_word' id='word_1_238' title='bbox 269 3617 407 3675; x_wconf 89' lang='lat' dir='ltr'><strong>mortem</strong></span> <span class='ocrx_word' id='word_1_239' title='bbox 429 3610 671 3690; x_wconf 88' lang='lat' dir='ltr'><strong>determinetur,</strong></span> <span class='ocrx_word' id='word_1_240' title='bbox 698 3614 804 3695; x_wconf 88' lang='lat' dir='ltr'><strong>(prout</strong></span> <span class='ocrx_word' id='word_1_241' title='bbox 831 3612 952 3676; x_wconf 88' lang='lat' dir='ltr'><strong>scilicet</strong></span> <span class='ocrx_word' id='word_1_242' title='bbox 974 3612 1105 3675; x_wconf 87' lang='lat' dir='ltr'><strong>Natura</strong></span> <span class='ocrx_word' id='word_1_243' title='bbox 1125 3612 1175 3674; x_wconf 83' lang='lat' dir='ltr'><strong>vel</strong></span> <span class='ocrx_word' id='word_1_244' title='bbox 1200 3614 1370 3676; x_wconf 86' lang='lat' dir='ltr'><strong>materiam</strong></span> 
     </span>
     <span class='ocr_line' id='line_1_30' title="bbox 270 3713 1369 3797; baseline 0.002 -21"><span class='ocrx_word' id='word_1_245' title='bbox 270 3713 467 3778; x_wconf 85' lang='lat' dir='ltr'><strong>morbificam</strong></span> <span class='ocrx_word' id='word_1_246' title='bbox 483 3714 593 3779; x_wconf 85' lang='lat' dir='ltr'><strong>critice</strong></span> <span class='ocrx_word' id='word_1_247' title='bbox 607 3714 695 3778; x_wconf 91' lang='lat' dir='ltr'><strong>norit</strong></span> <span class='ocrx_word' id='word_1_248' title='bbox 710 3714 839 3791; x_wconf 85' lang='lat' dir='ltr'><strong>solvere,</strong></span> <span class='ocrx_word' id='word_1_249' title='bbox 854 3715 904 3777; x_wconf 90' lang='lat' dir='ltr'><strong>vel</strong></span> <span class='ocrx_word' id='word_1_250' title='bbox 925 3713 966 3777; x_wconf 91' lang='lat' dir='ltr'><strong>ab</strong></span> <span class='ocrx_word' id='word_1_251' title='bbox 989 3713 1101 3777; x_wconf 88' lang='lat' dir='ltr'><strong>eadem</strong></span> <span class='ocrx_word' id='word_1_252' title='bbox 1116 3734 1267 3797; x_wconf 88' lang='lat' dir='ltr'><strong>oppressa</strong></span> <span class='ocrx_word' id='word_1_253' title='bbox 1280 3714 1369 3778; x_wconf 80' lang='lat' dir='ltr'><strong>fatis·</strong></span> 
     </span>
    </p>

    <p class='ocr_par' dir='ltr' id='par_1_16' title="bbox 270 3816 1369 3900">
     <span class='ocr_line' id='line_1_31' title="bbox 270 3816 1369 3900; baseline 0.003 -23"><span class='ocrx_word' id='word_1_254' title='bbox 270 3819 343 3897; x_wconf 74' lang='lat' dir='ltr'><strong>cat)</strong></span> <span class='ocrx_word' id='word_1_255' title='bbox 368 3816 425 3879; x_wconf 89' lang='lat' dir='ltr'><strong>sed</strong></span> <span class='ocrx_word' id='word_1_256' title='bbox 451 3817 549 3880; x_wconf 90' lang='lat' dir='ltr'><strong>etiam</strong></span> <span class='ocrx_word' id='word_1_257' title='bbox 575 3824 613 3879; x_wconf 91' lang='lat' dir='ltr'><strong>ut</strong></span> <span class='ocrx_word' id='word_1_258' title='bbox 637 3816 747 3899; x_wconf 88' lang='lat' dir='ltr'><strong>pejora</strong></span> <span class='ocrx_word' id='word_1_259' title='bbox 768 3816 1071 3897; x_wconf 87' lang='lat' dir='ltr'><strong>vehementioraque</strong></span> <span class='ocrx_word' id='word_1_260' title='bbox 1096 3823 1314 3900; x_wconf 82' lang='lat' dir='ltr'><strong>symptomata</strong></span> <span class='ocrx_word' id='word_1_261' title='bbox 1335 3838 1369 3880; x_wconf 91' lang='lat' dir='ltr'><strong>se</strong></span> 
     </span>
    </p>

    <p class='ocr_par' dir='ltr' id='par_1_17' title="bbox 270 3916 1369 4002">
     <span class='ocr_line' id='line_1_32' title="bbox 270 3916 1369 4002; baseline 0.004 -24"><span class='ocrx_word' id='word_1_262' title='bbox 270 3916 389 4001; x_wconf 91' lang='lat' dir='ltr'><strong>ubique</strong></span> <span class='ocrx_word' id='word_1_263' title='bbox 418 3918 551 3982; x_wconf 87' lang='lat' dir='ltr'><strong>comites</strong></span> <span class='ocrx_word' id='word_1_264' title='bbox 577 3919 768 4001; x_wconf 88' lang='lat' dir='ltr'><strong>adjungant.</strong></span> <span class='ocrx_word' id='word_1_265' title='bbox 824 3918 933 4000; x_wconf 91' lang='lat' dir='ltr'><strong>Atque</strong></span> <span class='ocrx_word' id='word_1_266' title='bbox 957 3917 1144 4002; x_wconf 88' lang='lat' dir='ltr'><strong>hujusmodi</strong></span> <span class='ocrx_word' id='word_1_267' title='bbox 1169 3918 1266 4001; x_wconf 91' lang='lat' dir='ltr'><strong>plane</strong></span> <span class='ocrx_word' id='word_1_268' title='bbox 1290 3924 1369 3982; x_wconf 89' lang='lat' dir='ltr'><strong>sunt</strong></span> 
     </span>
    </p>

    <p class='ocr_par' dir='ltr' id='par_1_18' title="bbox 269 4020 1370 4104">
     <span class='ocr_line' id='line_1_33' title="bbox 269 4020 1370 4104; baseline 0.001 -22"><span class='ocrx_word' id='word_1_269' title='bbox 269 4020 374 4083; x_wconf 89' lang='lat' dir='ltr'><strong>morbi</strong></span> <span class='ocrx_word' id='word_1_270' title='bbox 388 4020 443 4084; x_wconf 88' lang='lat' dir='ltr'><strong>isti</strong></span> <span class='ocrx_word' id='word_1_271' title='bbox 455 4042 533 4103; x_wconf 92' lang='lat' dir='ltr'><strong>quos</strong></span> <span class='ocrx_word' id='word_1_272' title='bbox 548 4022 667 4085; x_wconf 71' lang='lat' dir='ltr'><strong>Acastus</strong></span> <span class='ocrx_word' id='word_1_273' title='bbox 682 4020 890 4104; x_wconf 86' lang='lat' dir='ltr'><strong>appellamus,</strong></span> <span class='ocrx_word' id='word_1_274' title='bbox 901 4042 957 4104; x_wconf 85' lang='lat' dir='ltr'><strong>qur</strong></span> <span class='ocrx_word' id='word_1_275' title='bbox 947 4021 1123 4086; x_wconf 85' lang='lat' dir='ltr'><strong>velociter</strong></span> <span class='ocrx_word' id='word_1_276' title='bbox 1137 4021 1258 4085; x_wconf 85' lang='lat' dir='ltr'><strong>seilicet</strong></span> <span class='ocrx_word' id='word_1_277' title='bbox 1273 4027 1370 4102; x_wconf 87' lang='lat' dir='ltr'><strong>atque</strong></span> 
     </span>
    </p>

    <p class='ocr_par' dir='ltr' id='par_1_19' title="bbox 270 4122 1525 4797">
     <span class='ocr_line' id='line_1_34' title="bbox 271 4122 1519 4242; baseline -0.002 -58"><span class='ocrx_word' id='word_1_278' title='bbox 271 4141 345 4184; x_wconf 85' lang='lat' dir='ltr'><strong>cum</strong></span> <span class='ocrx_word' id='word_1_279' title='bbox 367 4122 491 4207; x_wconf 88' lang='lat' dir='ltr'><strong>impetu</strong></span> <span class='ocrx_word' id='word_1_280' title='bbox 517 4132 551 4186; x_wconf 88' lang='lat' dir='ltr'><strong>et</strong></span> <span class='ocrx_word' id='word_1_281' title='bbox 576 4122 718 4206; x_wconf 88' lang='lat' dir='ltr'><strong>periculo</strong></span> <span class='ocrx_word' id='word_1_282' title='bbox 741 4122 782 4185; x_wconf 89' lang='lat' dir='ltr'><strong>ad</strong></span> <span class='ocrx_word' id='word_1_283' title='bbox 805 4129 927 4187; x_wconf 71' lang='lat' dir='ltr'><strong>statuam</strong></span> <span class='ocrx_word' id='word_1_284' title='bbox 949 4132 1139 4199; x_wconf 61' lang='lat' dir='ltr'><strong>mouentum</strong></span> <span class='ocrx_word' id='word_1_285' title='bbox 1163 4122 1308 4205; x_wconf 86' lang='lat' dir='ltr'><strong>quamvis</strong></span> <span class='ocrx_word' id='word_1_286' title='bbox 1330 4122 1418 4242; x_wconf 44' lang='lat' dir='ltr'><strong>(sine</strong></span> <span class='ocrx_word' id='word_1_287' title='bbox 1384 4132 1418 4179; x_wconf 71' lang='lat'><strong>1¹0</strong></span> <span class='ocrx_word' id='word_1_288' title='bbox 1417 4132 1489 4179; x_wconf 74' lang='lat' dir='ltr'><strong>brai</strong></span> <span class='ocrx_word' id='word_1_289' title='bbox 1482 4149 1519 4181; x_wconf 81' lang='grc' dir='ltr'><strong>ιιι-</strong></span> 
     </span>
     <span class='ocr_line' id='line_1_35' title="bbox 270 4196 1519 4307; baseline -0.001 -22"><span class='ocrx_word' id='word_1_290' title='bbox 270 4224 378 4287; x_wconf 90' lang='lat' dir='ltr'><strong>minus</strong></span> <span class='ocrx_word' id='word_1_291' title='bbox 394 4232 552 4303; x_wconf 81' lang='lat' dir='ltr'><strong>accurate,</strong></span> <span class='ocrx_word' id='word_1_292' title='bbox 563 4225 652 4289; x_wconf 87' lang='lat' dir='ltr'><strong>haud</strong></span> <span class='ocrx_word' id='word_1_293' title='bbox 667 4230 778 4288; x_wconf 84' lang='lat' dir='ltr'><strong>tamen</strong></span> <span class='ocrx_word' id='word_1_294' title='bbox 792 4224 901 4287; x_wconf 90' lang='lat' dir='ltr'><strong>minus</strong></span> <span class='ocrx_word' id='word_1_295' title='bbox 910 4244 983 4288; x_wconf 84' lang='lat' dir='ltr'><strong>vere</strong></span> <span class='ocrx_word' id='word_1_296' title='bbox 997 4225 1177 4306; x_wconf 89' lang='lat' dir='ltr'><strong>loquamur,</strong></span> <span class='ocrx_word' id='word_1_297' title='bbox 1178 4226 1189 4303; x_wconf 91' lang='lat'>)</span> <span class='ocrx_word' id='word_1_298' title='bbox 1201 4224 1256 4286; x_wconf 87' lang='lat' dir='ltr'><strong>isti</strong></span> <span class='ocrx_word' id='word_1_299' title='bbox 1270 4202 1406 4286; x_wconf 67' lang='lat' dir='ltr'><strong>etiam⁸‘</strong></span> <span class='ocrx_word' id='word_1_300' title='bbox 1382 4265 1419 4305; x_wconf 48' lang='lat' dir='ltr'><strong>,a</strong></span> <span class='ocrx_word' id='word_1_301' title='bbox 1425 4260 1499 4307; x_wconf 77' lang='lat' dir='ltr'><strong>seua</strong></span> <span class='ocrx_word' id='word_1_302' title='bbox 1408 4196 1489 4243; x_wconf 71' lang='lat'>‘</span> <span class='ocrx_word' id='word_1_303' title='bbox 1476 4212 1519 4244; x_wconf 84' lang='lat'><strong>¹¹</strong></span> 
     </span>
     <span class='ocr_line' id='line_1_36' title="bbox 270 4276 1522 4409; baseline -0.001 -21"><span class='ocrx_word' id='word_1_304' title='bbox 270 4325 374 4389; x_wconf 89' lang='lat' dir='ltr'><strong>morbi</strong></span> <span class='ocrx_word' id='word_1_305' title='bbox 397 4346 454 4409; x_wconf 91' lang='lat' dir='ltr'><strong>pro</strong></span> <span class='ocrx_word' id='word_1_306' title='bbox 468 4327 583 4390; x_wconf 88' lang='lat' dir='ltr'><strong>Acutis</strong></span> <span class='ocrx_word' id='word_1_307' title='bbox 606 4327 672 4390; x_wconf 88' lang='lat' dir='ltr'><strong>sint</strong></span> <span class='ocrx_word' id='word_1_308' title='bbox 693 4326 845 4403; x_wconf 89' lang='lat' dir='ltr'><strong>habendi,</strong></span> <span class='ocrx_word' id='word_1_309' title='bbox 867 4325 933 4408; x_wconf 88' lang='lat' dir='ltr'><strong>qui,</strong></span> <span class='ocrx_word' id='word_1_310' title='bbox 953 4325 1030 4387; x_wconf 85' lang='lat' dir='ltr'><strong>licet</strong></span> <span class='ocrx_word' id='word_1_311' title='bbox 1050 4330 1199 4405; x_wconf 87' lang='lat' dir='ltr'><strong>respectu</strong></span> <span class='ocrx_word' id='word_1_312' title='bbox 1220 4338 1430 4408; x_wconf 79' lang='lat' dir='ltr'><strong>puronys·¹¹¹</strong></span> <span class='ocrx_word' id='word_1_313' title='bbox 1383 4322 1430 4369; x_wconf 78' lang='lat'>¹¹¹¹</span> <span class='ocrx_word' id='word_1_314' title='bbox 1430 4276 1522 4369; x_wconf 41' lang='grc' dir='ltr'><strong>Μ’,</strong></span> 
     </span>
     <span class='ocr_line' id='line_1_37' title="bbox 271 4400 1496 4513; baseline 0.001 -23"><span class='ocrx_word' id='word_1_315' title='bbox 271 4447 407 4505; x_wconf 88' lang='lat' dir='ltr'><strong>morum,</strong></span> <span class='ocrx_word' id='word_1_316' title='bbox 438 4428 465 4490; x_wconf 90' lang='lat' dir='ltr'><strong>si</strong></span> <span class='ocrx_word' id='word_1_317' title='bbox 494 4448 606 4491; x_wconf 89' lang='lat' dir='ltr'><strong>omnes</strong></span> <span class='ocrx_word' id='word_1_318' title='bbox 636 4428 733 4492; x_wconf 89' lang='lat' dir='ltr'><strong>simul</strong></span> <span class='ocrx_word' id='word_1_319' title='bbox 763 4434 943 4503; x_wconf 86' lang='lat' dir='ltr'><strong>sumantur,</strong></span> <span class='ocrx_word' id='word_1_320' title='bbox 973 4424 1098 4488; x_wconf 87' lang='lat' dir='ltr'><strong>tardius</strong></span> <span class='ocrx_word' id='word_1_321' title='bbox 1131 4431 1290 4503; x_wconf 85' lang='lat' dir='ltr'><strong>moveant,</strong></span> <span class='ocrx_word' id='word_1_322' title='bbox 1319 4448 1369 4491; x_wconf 92' lang='lat' dir='ltr'><strong>re-</strong></span> <span class='ocrx_word' id='word_1_323' title='bbox 1383 4400 1495 4513; x_wconf 51' lang='lat' dir='ltr'><strong>illac.</strong></span> <span class='ocrx_word' id='word_1_324' title='bbox 1441 4400 1496 4447; x_wconf 45' lang='lat' dir='ltr'><strong>pm·</strong></span> 
     </span>
     <span class='ocr_line' id='line_1_38' title="bbox 271 4512 1525 4614; baseline 0.002 -23"><span class='ocrx_word' id='word_1_325' title='bbox 271 4536 383 4612; x_wconf 88' lang='lat' dir='ltr'><strong>spectu</strong></span> <span class='ocrx_word' id='word_1_326' title='bbox 407 4538 519 4593; x_wconf 90' lang='lat' dir='ltr'><strong>tamen</strong></span> <span class='ocrx_word' id='word_1_327' title='bbox 544 4530 725 4614; x_wconf 87' lang='lat' dir='ltr'><strong>paroxysmi</strong></span> <span class='ocrx_word' id='word_1_328' title='bbox 751 4528 923 4612; x_wconf 88' lang='lat' dir='ltr'><strong>cujuslibet</strong></span> <span class='ocrx_word' id='word_1_329' title='bbox 948 4526 1160 4611; x_wconf 86' lang='lat' dir='ltr'><strong>particularis,</strong></span> <span class='ocrx_word' id='word_1_330' title='bbox 1182 4528 1248 4592; x_wconf 85' lang='lat' dir='ltr'><strong>cito</strong></span> <span class='ocrx_word' id='word_1_331' title='bbox 1272 4536 1369 4612; x_wconf 86' lang='lat' dir='ltr'><strong>atque</strong></span> <span class='ocrx_word' id='word_1_332' title='bbox 1382 4512 1525 4561; x_wconf 67' lang='lat' dir='ltr'><strong>conandae.</strong></span> 
     </span>
     <span class='ocr_line' id='line_1_39' title="bbox 271 4630 1367 4714; baseline 0.002 -21"><span class='ocrx_word' id='word_1_333' title='bbox 271 4633 368 4694; x_wconf 89' lang='lat' dir='ltr'><strong>etiam</strong></span> <span class='ocrx_word' id='word_1_334' title='bbox 389 4632 498 4695; x_wconf 84' lang='lat' dir='ltr'><strong>critice</strong></span> <span class='ocrx_word' id='word_1_335' title='bbox 518 4632 559 4694; x_wconf 86' lang='lat' dir='ltr'><strong>ad</strong></span> <span class='ocrx_word' id='word_1_336' title='bbox 578 4634 676 4694; x_wconf 84' lang='lat' dir='ltr'><strong>finem</strong></span> <span class='ocrx_word' id='word_1_337' title='bbox 696 4630 897 4714; x_wconf 87' lang='lat' dir='ltr'><strong>perveniunt,</strong></span> <span class='ocrx_word' id='word_1_338' title='bbox 914 4630 1024 4711; x_wconf 87' lang='lat' dir='ltr'><strong>quales</strong></span> <span class='ocrx_word' id='word_1_339' title='bbox 1045 4636 1122 4693; x_wconf 91' lang='lat' dir='ltr'><strong>sunt</strong></span> <span class='ocrx_word' id='word_1_340' title='bbox 1143 4630 1248 4694; x_wconf 79' lang='lat' dir='ltr'><strong>febres</strong></span> <span class='ocrx_word' id='word_1_341' title='bbox 1269 4630 1367 4695; x_wconf 88' lang='lat' dir='ltr'><strong>inter-</strong></span> 
     </span>
     <span class='ocr_line' id='line_1_40' title="bbox 271 4734 575 4797; baseline -0.007 -2"><span class='ocrx_word' id='word_1_342' title='bbox 271 4734 438 4797; x_wconf 89' lang='lat' dir='ltr'><strong>mittentes</strong></span> <span class='ocrx_word' id='word_1_343' title='bbox 453 4753 575 4797; x_wconf 89' lang='lat' dir='ltr'><strong>omnes.</strong></span> 
     </span>
    </p>
   </div>
   <div class='ocr_carea' id='block_1_4' title="bbox 305 4847 1336 4910">
    <p class='ocr_par' dir='ltr' id='par_1_20' title="bbox 305 4847 1336 4910">
     <span class='ocr_line' id='line_1_41' title="bbox 305 4847 1336 4910; baseline -0.008 -11"><span class='ocrx_word' id='word_1_344' title='bbox 305 4858 314 4881; x_wconf 76' lang='lat'>¹</span> <span class='ocrx_word' id='word_1_345' title='bbox 331 4856 345 4878; x_wconf 79' lang='lat'><strong>‘¹</strong></span> <span class='ocrx_word' id='word_1_346' title='bbox 355 4852 480 4899; x_wconf 70' lang='lat' dir='ltr'><strong>Debentur</strong></span> <span class='ocrx_word' id='word_1_347' title='bbox 491 4850 533 4910; x_wconf 80' lang='lat' dir='ltr'><strong>(al.</strong></span> <span class='ocrx_word' id='word_1_348' title='bbox 544 4850 644 4909; x_wconf 78' lang='lat' dir='ltr'><strong>-mus‚)</strong></span> <span class='ocrx_word' id='word_1_349' title='bbox 654 4849 725 4895; x_wconf 84' lang='lat' dir='ltr'><strong>morti</strong></span> <span class='ocrx_word' id='word_1_350' title='bbox 737 4861 781 4895; x_wconf 88' lang='lat' dir='ltr'><strong>uos</strong></span> <span class='ocrx_word' id='word_1_351' title='bbox 793 4854 946 4909; x_wconf 80' lang='lat' dir='ltr'><strong>nostraque&#39;·</strong></span> <span class='ocrx_word' id='word_1_352' title='bbox 981 4850 1076 4910; x_wconf 80' lang='lat' dir='ltr'><strong>(Horat.</strong></span> <span class='ocrx_word' id='word_1_353' title='bbox 1092 4852 1126 4896; x_wconf 77' lang='lat' dir='ltr'><strong>De</strong></span> <span class='ocrx_word' id='word_1_354' title='bbox 1139 4852 1196 4895; x_wconf 72' lang='lat' dir='ltr'><strong>Arte</strong></span> <span class='ocrx_word' id='word_1_355' title='bbox 1208 4850 1271 4895; x_wconf 79' lang='lat' dir='ltr'><strong>Po&#39;e&#39;r.</strong></span> <span class='ocrx_word' id='word_1_356' title='bbox 1283 4847 1336 4904; x_wconf 79' lang='lat'>6³.)</span> 
     </span>
    </p>
   </div>
   <div class='ocr_carea' id='block_1_5' title="bbox 0 0 1928 5759">
    <p class='ocr_par' dir='ltr' id='par_1_21' title="bbox 0 0 1928 5759">
     <span class='ocr_line' id='line_1_42' title="bbox 0 0 1928 5759; baseline 0 0"><span class='ocrx_word' id='word_1_357' title='bbox 0 0 1928 5759; x_wconf 95' lang='lat' dir='ltr'><strong> </strong></span> 
     </span>
    </p>
   </div>
  </div>
 </body>
</html>
