3825 5759
449 692 846 757 OBSERVA'PIONUM
870 694 1154 759 MEDICARUM
1179 704 1203 756 1.
1220 710 1246 759 4.
1355 701 1396 757 55

294 855 452 938 qualitate
477 857 581 939 (cnjus
606 856 699 938 signa
728 856 968 920 evidentissima
989 856 1025 918 in
1048 858 1150 939 aegris
1172 880 1240 923 non
1261 867 1397 943 possunt
1431 870 1529 919 Fenus

293 980 359 1023 non
383 962 561 1042 apparere)
587 966 755 1035 constent;
778 959 827 1023 vel
848 958 945 1022 etiam
969 960 1055 1041 quod
1076 961 1200 1025 inficias
1222 983 1293 1025 eam
1312 983 1397 1025 com.
1411 935 1537 1046 &aaa

1457 1013 1527 1047 uout'

294 1061 407 1143 plicari
434 1061 607 1144 aliquando
629 1083 703 1125 cnm
728 1061 830 1125 Febre
853 1062 1041 1126 scorbutum
1064 1071 1096 1126 et
1119 1066 1297 1147 complures
1320 1016 1549 1144 alios—Q*—¹¹

294 1164 426 1227 morbos
455 1185 563 1246 posse3
587 1164 648 1227 hoc
677 1170 808 1226 tantum
838 1164 919 1242 dico,
946 1165 1006 1227 has
1030 1166 1212 1229 affectiones
1235 1168 1397 1230 immerito
1410 1154 1539 1265 ζὲῗζδζξέῑ

295 1287 389 1349 saepe
405 1267 441 1328 in
456 1266 548 1329 litem
564 1266 678 1329 vocari.
1410 1284 1513 1345 compu-

342 1368 430 1452 [39.]
459 1369 494 1432 Si
509 1370 715 1433 fermentatio
730 1370 896 1452 sanguinis
908 1370 970 1435 rite
984 1374 1182 1454 processerit,
1193 1374 1249 1437 fiet
1265 1375 1397 1439 omnino
1410 1348 1465 1396 cm

294 1472 451 1534 materiae
469 1472 652 1534 morbificae
671 1472 871 1554 despumatio
889 1474 977 1536 intra
996 1480 1123 1557 tempus
1145 1476 1242 1539 modo
1262 1478 1395 1540 dictum.

295 1576 340 1637 At
373 1573 400 1636 si
431 1574 573 1637 remedia
607 1574 830 1656 refrigerantia
858 1576 908 1639 vel
937 1584 1087 1639 enemata
1123 1578 1223 1639 serius
1253 1579 1397 1641 exhibita
1412 1594 1522 1659 Refrige.

295 1677 428 1755 fuerint,
446 1679 551 1741 multo
568 1678 697 1760 longius
715 1686 862 1743 excurret
882 1679 1004 1756 Febris,
1020 1680 1188 1762 praecipue
1202 1680 1238 1742 in
1257 1662 1523 1772 h⁰mi¹15·{l¹iiiid

294 1778 357 1842 bus
381 1780 570 1863 grandaevis
591 1781 674 1844 male
692 1804 713 1844 a
732 1782 861 1845 Medico
880 1783 999 1845 curatis
1008 1808 1017 1860 3
1042 1782 1083 1844 ad
1103 1802 1182 1865 quos
1205 1782 1397 1864 quandoque
1410 1788 1487 1863 naus
1498 1806 1541 1837 ex-

296 1884 469 1946 aceersitus
490 1889 663 1966 postquam
685 1884 780 1947 Fehri
801 1905 859 1967 per
881 1884 1096 1967 quadraginta
1117 1883 1184 1947 dies
1207 1892 1240 1947 et
1259 1884 1397 1968 amplius
1409 1850 1551 1967 ξέῗθᾞ

294 1984 528 2062 laboraverant,
545 1986 628 2048 nihil
643 2007 709 2050 non
725 1994 874 2069 expertus
889 1986 936 2049 fui
952 2008 1015 2069 quo
1031 1986 1306 2070 despumationem
1323 2008 1395 2050 san·
1408 1979 1543 2058 hirneae.

296 2088 388 2170 guini
418 2088 626 2151 inducerem:
666 2088 722 2152 sed
744 2110 861 2172 nempe
883 2110 985 2172 usque
1008 2089 1087 2153 adeo
1110 2090 1297 2153 debilitatus
1327 2096 1396 2153 erat
1409 2056 1549 2165 {iiiiii

296 2192 438 2274 sanguis,
459 2191 579 2273 partim
605 2191 704 2269 senio,
727 2192 844 2274 partim
869 2192 1072 2255 enematibus
1095 2199 1128 2255 et
1154 2192 1396 2256 medicamentis
1408 2190 1564 2288 {fflff

295 2293 571 2377 refrigerantibus,
588 2300 625 2355 ut
643 2314 747 2377 neque
768 2294 930 2372 cardiacis,
946 2315 1051 2377 neque
1070 2295 1144 2357 ullis
1163 2296 1233 2357 aliis
1248 2294 1394 2359 corrobo-
1409 2274 1511 2352 amani

296 2396 444 2459 rantibus
467 2396 618 2459 remediis
642 2418 774 2479 scopum
797 2418 906 2459 meum
933 2398 1058 2480 assequi
1083 2419 1208 2481 possem
1220 2423 1229 2475 3
1262 2398 1319 2461 sed
1347 2398 1397 2459 vel

296 2500 425 2563 illorum
442 2499 553 2563 Febris
573 2498 688 2563 virium
704 2522 834 2563 suarum
850 2506 947 2563 tenax
967 2500 1185 2583 permanebat,
1203 2501 1252 2563 vcl
1268 2500 1397 2583 alioqui,

297 2603 323 2665 si
345 2604 457 2665 adesse
478 2602 641 2664 videretur
663 2600 827 2687 ἀπυρεξία,
842 2603 923 2665 vires
943 2623 1114 2685 aegrorum
1135 2603 1308 2666 admodum
1324 2624 1396 2685 pro·

298 2712 419 2769 stratae
435 2712 537 2782 eraut,
554 2711 587 2767 et
602 2710 732 2768 tantum
747 2726 815 2769 uon
830 2712 1005 2769 emortuae.

344 2807 429 2891 [40.]
456 2806 605 2869 Aliorum
620 2814 729 2870 autem
743 2807 958 2871 remediorum
974 2827 1121 2870 successu
1136 2806 1318 2881 frustratus,
1334 2805 1396 2867 alio
1411 2820 1515 2867 Adoles-

296 2910 467 2974 consilium
475 2916 599 2973 vertere
609 2931 701 2993 saepe
713 2916 841 2973 coaetus
853 2910 910 2987 fui,
922 2930 998 2972 cum
1009 2928 1157 2970 successu
1168 2927 1235 2969 uon
1249 2905 1373 2987 vulgari
1385 2930 1393 2982 ;
1410 2884 1544 3007 ffiffiffffgm

295 3036 413 3099 nempe
431 3014 739 3077 adolescentulorum
763 3014 869 3077 vivum
893 3019 1107 3094 vegetamque
1131 3010 1269 3072 calorem
1291 3007 1394 3089 aegris
1409 3012 1550 3087 cubantium

296 3116 496 3201 applicando.
527 3116 598 3179 Nec
613 3122 661 3179 est
678 3116 763 3198 quod
779 3116 848 3198 quis
864 3114 1005 3177 multum
1020 3112 1156 3174 miretur
1167 3110 1227 3172 hac
1242 3108 1393 3172 methodo
1409 3073 1532 3199 {imi

298 3220 384 3301 (licet
406 3218 584 3299 inusitata)
606 3239 738 3301 aegrum
756 3224 924 3300 tantopere
942 3214 1148 3291 corroborari,
1169 3212 1394 3295 Naturamque
1408 3203 1551 3315 ffiwrsso‘f'l·

297 3324 497 3387 debilitatam
509 3324 672 3407 juverint
688 3328 818 3385 semeta
832 3320 985 3385 materiae
996 3317 1209 3383 secernendae
1224 3317 1393 3381 eliminan-
1410 3284 1482 3379 dead

296 3426 418 3510 deeque
443 3426 585 3510 reliquiis
615 3432 766 3489 exoneret
778 3450 786 3501 ;
820 3446 894 3487 cum
916 3422 1054 3507 proclive
1076 3422 1118 3485 sit
1140 3422 1321 3504 intelligere
1344 3422 1393 3484 in·
1410 3430 1489 3507 cujus
1502 3450 1539 3509 ra-

296 3531 421 3613 signem
433 3530 632 3593 effluviorum
646 3535 832 3610 vegetorum
848 3526 972 3609 copiam
984 3547 1003 3588 a
1017 3546 1096 3589 sano
1110 3531 1143 3588 et
1158 3525 1311 3588 athletico
1326 3546 1393 3588 cor·
1409 3498 1533 3609 {praeon-

295 3654 370 3715 pore
385 3633 421 3695 iu
436 3652 551 3715 corpus
567 3631 653 3713 aegri
669 3631 861 3693 exhaustum
875 3628 1069 3691 transfundi.
1114 3627 1230 3710 Neque
1250 3649 1394 3709 unquam

295 3735 435 3818 comperi
454 3735 605 3797 iteratam
625 3733 800 3796 calentium
820 3732 994 3795 linteorum
1015 3730 1262 3813 applicationem
1279 3730 1393 3792 ullate-

295 3858 357 3901 nus
379 3838 413 3899 id
438 3842 600 3919 praestare
629 3836 774 3912 valuisse,
802 3832 887 3916 quod
916 3832 1012 3897 modo
1040 3832 1237 3915 praescripta
1269 3831 1394 3893 metho-

296 3938 355 4001 dus
373 3938 535 4021 praestitit
546 3964 556 4015 ;
578 3937 634 4001 ubi
655 3938 741 4000 calor
761 3937 937 4019 applicatus
962 3944 1034 3999 tum
1053 3936 1156 4017 magis
1179 3940 1228 3996 est
1250 3933 1394 3995 humano

295 4041 419 4123 corpori
448 4049 715 4122 coagmentum
741 4040 836 4102 simul
869 4038 1018 4115 blandus,
1048 4038 1212 4113 humidus,
1243 4035 1392 4117 aequalis,

294 4144 517 4226 perennisque.
577 4144 686 4225 Atque
715 4144 794 4206 haec
828 4142 920 4220 ratio,
951 4141 1082 4223 spiritus
1112 4148 1145 4203 et
1174 4138 1303 4212 halitus,
1330 4136 1393 4198 for-

295 4244 380 4308 sitan
410 4244 608 4319 balsamieos,
639 4244 674 4306 in
703 4245 791 4327 aegri
815 4266 928 4326 corpus
957 4240 1167 4315 immittendi,
1198 4258 1236 4298 ex
1266 4256 1304 4298 eo
1330 4258 1393 4317 quo

294 4346 361 4427 ipse
396 4346 485 4407 illam
516 4344 648 4407 adhibui
678 4353 831 4429 tempore,
860 4345 937 4408 lieet
967 4342 1073 4405 aliena
1106 4340 1247 4421 primum
1272 4336 1393 4399 videre·

294 4452 358 4524 tur,
375 4446 415 4509 ab
439 4447 509 4510 aliis
530 4468 604 4509 cum
629 4468 777 4510 successu
795 4446 899 4509 faelici
919 4444 982 4507 fuit
1007 4439 1170 4515 adhibita3
1192 4458 1298 4519 neque
1320 4460 1392 4519 pro·

294 4549 379 4611 fecto
409 4569 461 4611 me
490 4547 590 4629 pudet
616 4549 712 4632 hujus
735 4548 868 4612 remedii
894 4544 1088 4619 meminisse,
1112 4539 1242 4604 tametsi
1272 4541 1392 4621 petulci

296 4648 426 4729 quidam
448 4648 595 4711 homines
626 4656 722 4732 atque
748 4656 944 4729 arrogantes,
970 4644 1141 4725 omniaque
1170 4642 1315 4722 vulgaria
1343 4643 1392 4704 in·

297 4748 387 4830 genti
420 4748 589 4830 supercilio
619 4755 871 4825 contemnentes,
902 4770 954 4812 me
983 4747 1119 4811 forsitan
1151 4746 1213 4808 hoc
1240 4742 1310 4822 ipso
1335 4764 1393 4805 no·

297 4850 383 4913 mine
407 4847 675 4932 aspernabuutur.
725 4852 795 4932 Ego
821 4850 908 4914 enim
931 4848 1069 4935 proximi
1092 4848 1157 4910 mei
1188 4844 1393 4906 commodum
