3825 5759
523 663 588 724 310
746 701 751 707 -
836 659 1030 724 'PHOMAE
1054 658 1312 724 SYDENHAM
1382 711 1386 718 ,

384 841 427 887 nn
440 839 498 888 Lon
524 823 644 888 scilicet
659 823 724 887 vidi
738 822 932 887 virulentam
951 822 1138 907 hujusmodi
1151 823 1320 887 materiam
1334 843 1392 906 per
1406 824 1624 891 substantiam

369 905 509 985 Q
524 925 649 1009 glandis
663 947 810 1010 porosam
821 923 970 1004 enudare,
981 945 1050 989 non
1059 945 1117 1008 per
1127 924 1293 989 urethram
1307 926 1453 1009 ejectam,
1469 928 1625 1012 nulloque

523 1029 629 1093 ulcere
643 1030 694 1093 vel
709 1027 860 1111 glandem
875 1033 1062 1110 occupante,
1078 1028 1128 1091 vel
1141 1027 1355 1110 praeputium.
1389 1028 1533 1094 Tandem
1547 1053 1624 1096 vero

524 1131 620 1194 altius
637 1137 820 1213 penctrans,
837 1129 1006 1212 glandulas
1024 1136 1183 1212 prostatas
1200 1129 1333 1194 efferato
1348 1131 1456 1196 ulcere
1470 1134 1551 1197 solet
1566 1134 1622 1198 de·

523 1251 671 1316 pascere;
694 1233 780 1316 quod
793 1231 882 1296 haud
896 1249 968 1295 raro
983 1231 1127 1295 cernitur
1145 1231 1181 1296 in
1195 1251 1307 1296 eorum
1321 1233 1528 1300 cadaveribus
1542 1257 1623 1320 quos

524 1335 577 1400 bic
591 1335 723 1399 morbus
738 1334 877 1399 emedio
892 1334 1033 1398 sustulit

398 1461 414 1492 u
432 1460 469 1520 ‚us
575 1439 657 1523 [9.]ο
681 1437 842 1504 Gradibus
857 1459 931 1501 mox
946 1437 1090 1501 dicendis
1104 1437 1249 1521 procedit
1262 1437 1317 1502 hic
1331 1439 1472 1504 morbus.
1514 1443 1625 1525 Aeger

457 1525 486 1585 ¹³⁸
524 1565 622 1629 ocyus
648 1548 705 1608 aut
735 1541 836 1606 serius
865 1541 972 1626 (prout
997 1542 1123 1620 mulier,
1151 1563 1290 1625 quacum
1315 1544 1490 1624 consuevit,
1518 1546 1623 1628 magis

523 1647 669 1712 minusve
692 1645 790 1710 fuerit
819 1645 999 1728 inquinata,
1024 1665 1083 1727 pro
1108 1645 1234 1710 ratione
1260 1645 1360 1710 etiam
1384 1653 1623 1729 temperaturae

521 1747 681 1830 μιάσματι
700 1747 887 1831 excipiendo
901 1747 1004 1829 magis
1019 1747 1166 1810 minusve
1184 1746 1341 1831 idoneae)
1357 1749 1498 1832 primum
1513 1749 1623 1814 dolore

523 1851 713 1934 genitalium
735 1850 865 1914 insolito
889 1849 1060 1927 cruciatur,
1084 1869 1158 1912 cum
1184 1849 1324 1932 quadam
1347 1851 1507 1916 rotatione
1530 1852 1622 1934 quasi

523 1953 744 2017 testiculorum
756 1978 766 2030 3
797 1957 918 2035 postea,
943 1951 971 2014 si
999 1951 1157 2016 recutitus
1185 1973 1253 2016 non
1279 1953 1331 2031 sit,
1357 1953 1493 2033 macula,
1517 1956 1622 2038 primo

524 2054 707 2118 morbillum
719 2055 788 2137 jam
803 2059 1026 2135 erumpentem
1036 2052 1262 2135 magnitudine
1276 2061 1311 2118 et
1324 2053 1430 2119 colore
1445 2056 1620 2134 aemulans,

523 2156 650 2239 glandis
664 2163 791 2239 partem
814 2155 953 2237 aliquam
975 2154 1108 2219 invadit.
1155 2155 1275 2219 Statim
1296 2155 1338 2220 ab
1357 2155 1456 2241 hujus
1478 2157 1622 2221 maculae

524 2264 637 2322 exortu
651 2259 757 2342 liquor
775 2257 906 2341 quidam
926 2257 1015 2322 lente
1033 2257 1167 2336 extillat‚
1184 2257 1315 2322 seminis
1334 2259 1446 2338 instar,
1462 2260 1527 2342 qui,
1543 2272 1622 2342 quo-

524 2360 602 2424 tidie
618 2383 638 2424 a
651 2361 781 2424 seminis
795 2367 864 2423 tam
878 2359 983 2424 colore
999 2381 1096 2442 quam
1115 2359 1324 2424 consistentia
1336 2362 1497 2440 recedens,
1512 2362 1622 2425 fleam·

519 2463 567 2527 'cit
582 2462 715 2528 tandem
737 2462 902 2544 aliquanto
921 2461 1055 2525 dilutius
1074 2461 1125 2525 ovi
1143 2462 1251 2526 vitello
1259 2487 1269 2540 ;
1292 2469 1326 2526 et
1347 2463 1470 2548 inLue
1483 2463 1623 2526 araden-

523 2565 604 2629 tiore
624 2565 861 2647 intensioreque
884 2585 951 2627 non
971 2563 1067 2628 modo
1088 2563 1225 2643 virescit,
1240 2563 1296 2628 sed
1318 2572 1351 2629 et
1373 2557 1474 2648 abaco
1493 2565 1623 2628 humori

523 2667 733 2750 permiscetur
762 2665 919 2748 sanguine
954 2665 1078 2729 affatim
1106 2665 1219 2730 tincto.
1278 2666 1413 2730 Pustula
1437 2667 1505 2750 jam
1533 2664 1622 2729 dicta

523 2770 615 2833 ulcus
635 2766 768 2833 tandem
782 2768 829 2848 fit,
844 2768 948 2852 primo
966 2767 1056 2832 haud
1070 2767 1216 2832 absimile
1230 2768 1358 2851 aphthis
1376 2767 1549 2832 infantium
1564 2789 1622 2831 ora

523 2871 754 2951 obsidentibus,
778 2871 865 2956 quod
890 2870 993 2935 indies
1018 2871 1115 2934 latius
1140 2877 1174 2935 et
1196 2870 1387 2953 profrmdius
1410 2869 1621 2954 cepnature,
1721 2927 1725 2934 .

524 2977 821 3061 supervenientibus
838 2977 947 3042 orificii
963 2977 1045 3041 callo
1064 2983 1097 3041 et
1115 2975 1243 3040 duritie.
1289 2976 1622 3042 Animadvertendum

523 3089 572 3144 est
592 3087 711 3160 autem,
728 3079 814 3163 quod
831 3087 1010 3146 memorata
1027 3079 1159 3163 pustula
1177 3099 1250 3143 raro
1266 3077 1510 3144 Gonorrhoeam
1524 3080 1621 3143 comi-

523 3187 590 3243 tem
604 3180 702 3244 habet
717 3181 752 3244 in
772 3181 809 3243 iis
825 3181 880 3264 qui
900 3189 956 3244 aut
975 3182 1044 3265 jam
1057 3179 1183 3265 pridem
1199 3180 1409 3246 Gonorrhoea
1423 3181 1620 3260 laborarunt,

521 3289 579 3344 aut
596 3281 726 3345 recutiti
740 3289 836 3359 sunt3
858 3290 972 3366 utpote
994 3305 1133 3366 quorum
1148 3283 1240 3366 glans
1256 3289 1329 3346 tum
1350 3282 1391 3346 ab
1411 3288 1485 3347 aere
1499 3283 1551 3347 oui
1568 3303 1621 3346 ex-

521 3383 626 3466 posita
646 3391 705 3462 est,
728 3391 800 3447 tum
826 3406 846 3448 a
866 3385 1030 3468 frequenti
1050 3385 1225 3450 linteorum
1250 3383 1376 3462 attritu,
1402 3384 1621 3464 indurescens,

520 3505 638 3547 noxam
652 3485 780 3548 nonita
798 3485 889 3550 facile
905 3487 1046 3571 suscipit.
1095 3485 1290 3571 Hujusmodi
1304 3486 1392 3568 verpi
1411 3486 1512 3567 igitur
1529 3487 1619 3570 glan·

522 3585 570 3648 dis
592 3586 698 3650 ulcere
720 3586 786 3652 sere
807 3609 875 3652 non
896 3595 1067 3653 tentantur
1075 3615 1085 3666 ;
1109 3590 1176 3653 sola
1191 3588 1402 3653 Gonorrhoea
1415 3588 1503 3653 dieto
1523 3589 1620 3653 modo

370 3703 509 3752 Varnenu-
523 3687 691 3751 nesciens
743 3689 825 3774 [lo]
854 3690 951 3755 Hane
973 3692 1035 3755 alia
1053 3712 1128 3756 mox
1143 3697 1360 3776 symptomata
1381 3690 1544 3774 excipiunt
1552 3716 1563 3768 ;
1581 3698 1620 3753 ut

369 3776 493 3895 mg*
521 3790 635 3873 primo,
646 3813 784 3874 magnus
795 3792 912 3858 doloris
927 3815 1040 3858 sensus
1053 3795 1088 3857 in
1099 3815 1181 3877 pene
1193 3793 1317 3877 quoties
1331 3792 1474 3876 erigitur,
1486 3792 1619 3875 perinde

369 3904 442 3944 mata
523 3912 559 3954 ae
585 3892 611 3956 si
635 3893 740 3958 valida
763 3915 863 3958 manu
885 3902 1086 3960 transversus
1108 3895 1236 3960 fortiter
1259 3895 1539 3975 comtrngerenn,
1562 3892 1619 3975 qui

370 4014 492 4063 eonstite-
521 4001 622 4058 noctu
636 3995 805 4080 praecipue
826 4003 933 4080 urget,
949 3998 1074 4081 quoties
1093 3997 1128 4061 in
1149 3997 1232 4062 lecto
1252 4019 1348 4082 aeger
1369 3994 1471 4079 coepit
1483 3994 1618 4059 incales-

368 4078 496 4190 ll‘sscvggw
521 4113 611 4172 cerc;
635 4115 732 4176 quam
752 4095 880 4178 quidem
905 4096 1167 4162 constrictionem
1188 4098 1280 4182 penis
1299 4097 1494 4162 dolorifioam
1514 4096 1621 4161 morbi

367 4205 490 4282 dolonfica
521 4197 616 4281 hujus
631 4197 666 4260 in
680 4196 741 4263 hoc
756 4205 844 4263 statu
858 4200 1025 4264 existentis
1039 4201 1169 4284 signum
1178 4197 1543 4282 παθαγνωμονικώτατον
1556 4200 1620 4264 exi·

366 4277 509 4395 ξῗθᾜὲω
520 4299 627 4364 stimo.
674 4301 868 4366 Incurvatur
879 4301 977 4366 etiam
991 4310 1151 4366 veretrum
1159 4325 1180 4366 a
1189 4303 1302 4367 fraeno
1312 4304 1382 4387 jam
1396 4303 1621 4382 contractiore,

367 4400 494 4457 nouam
521 4401 617 4484 quod,
633 4423 708 4466 cum
728 4404 764 4467 in
787 4403 947 4469 erectione
968 4405 1154 4470 extenditur
1171 4427 1231 4489 pro
1252 4414 1372 4470 natura
1390 4427 1459 4484 sua,
1478 4406 1621 4470 acutissi-

366 4481 506 4592 ffiomi,
519 4525 609 4567 mum
631 4503 772 4569 dolorem
794 4507 908 4570 adfert.
953 4507 1087 4572 Accedit
1109 4508 1208 4572 etiam
1230 4507 1326 4573 ardor
1339 4508 1463 4586 urinae,
1479 4508 1535 4590 qui
1554 4508 1620 4591 ple·

367 4623 418 4664 ιιι.
518 4625 656 4688 rumque
669 4606 755 4670 inter
772 4609 985 4692 mingendum
998 4611 1050 4674 vix
1066 4610 1250 4694 percipitur,
1266 4617 1390 4679 atvero
1406 4630 1502 4692 aeger
1514 4610 1583 4693 jam
1599 4603 1619 4673 a

552 4769 561 4792 ‘
581 4763 618 4811 Cf.
632 4767 732 4812 process.
745 4769 791 4814 lat.
804 4783 823 4815 c.
837 4771 875 4817 34.
1091 4771 1179 4818 mendo
1192 4772 1244 4818 fort.
1256 4777 1351 4834 typogr.

552 4827 562 4855 ⁶
579 4827 682 4890 depone]
695 4830 734 4878 Sic
743 4832 778 4880 ed.
789 4835 837 4891 '80,
847 4841 945 4880 ——cctar
954 4834 1045 4892 edlst,
1122 4841 1133 4864 ⁶
1150 4835 1225 4897 nasa]
1237 4843 1306 4896 atque
1317 4841 1417 4896 atigetur
1428 4832 1483 4879 add.
1496 4831 1532 4879 ed
1545 4833 1592 4879 'su
