3825 5759
680 657 942 724 TRAC'PATUS
966 658 1015 723 II.
1330 660 1394 724 4⁷5

293 837 390 902 quam
403 818 491 885 bona
511 820 575 885 fide
589 819 711 885 fuerint
725 820 874 900 traditae,
889 820 978 887 haud
993 820 1088 885 aliter
1101 818 1190 899 sciet,
1207 841 1305 904 quam
1319 820 1347 885 si
1360 819 1396 883 in
1425 832 1467 881 Da
1480 832 1536 879 Hr-

292 942 403 985 earum
424 923 515 1007 praxi
535 922 634 987 fuerit
654 930 809 1003 versatus,
833 944 871 987 ao
887 922 1023 1008 perinde
1045 923 1082 987 in
1105 922 1303 988 observando
1325 922 1395 986 dili·
1408 910 1549 978 „RQ

291 1045 426 1107 geusae
445 1026 589 1091 curiosus
610 1027 790 1110 explorator
812 1034 909 1109 atque
932 1047 992 1110 ego
1011 1027 1101 1111 prius
1120 1026 1256 1091 fueram.
1299 1027 1347 1091 At
1369 1026 1397 1091 si

290 1127 325 1191 in
340 1129 449 1212 paucis
463 1128 503 1192 iis
518 1151 600 1213 quae
615 1129 735 1214 scripsi,
747 1130 919 1209 Naturam,
930 1151 984 1195 me
999 1130 1090 1214 quasi
1100 1152 1202 1195 manu
1212 1131 1395 1209 ducentem,

291 1232 424 1296 omnino
450 1240 580 1297 secutus
605 1232 732 1312 fuerim,
755 1232 877 1297 nullius
897 1254 1043 1317 unquam
1061 1233 1202 1297 hominia
1228 1233 1395 1317 (quantan-

291 1354 419 1418 cunque
435 1334 463 1399 is
483 1335 615 1401 demum
635 1335 699 1419 sit)
717 1335 958 1419 opinationibus
979 1357 1033 1400 me
1056 1336 1218 1415 addicens,
1234 1357 1292 1419 pro
1306 1342 1395 1401 certo

289 1434 393 1501 habeo
408 1437 577 1521 sapientes,
594 1445 752 1522 quotquot
768 1446 854 1518 suut,
870 1438 998 1503 veniam
1015 1438 1097 1503 mihi
1112 1439 1227 1502 saltem
1242 1439 1395 1516 daturos;

292 1560 371 1622 quos
382 1548 416 1604 et
430 1540 529 1605 latere
543 1563 611 1606 non
625 1549 741 1625 potest,
756 1542 822 1605 duo
838 1562 906 1605 esse
921 1541 1093 1607 hominum
1108 1562 1236 1625 genera,
1253 1542 1309 1625 qui
1322 1563 1395 1624 pro·

290 1642 412 1707 fectum
436 1665 566 1709 omnem
589 1645 624 1709 in
647 1644 728 1709 Arte
751 1644 883 1709 Medica
904 1666 944 1709 ex
966 1666 1068 1729 aequo
1093 1644 1267 1729 prohibent
1290 1644 1396 1707 suffla·

290 1744 491 1828 minantque.
542 1744 626 1833 [ld]
659 1747 807 1811 Primum
835 1748 860 1811 ii
889 1755 979 1827 sunt,
1009 1748 1075 1831 qui,
1106 1748 1236 1811 nullum
1264 1768 1396 1830 prorsus

291 1847 472 1931 symbolum
494 1848 536 1912 ad
558 1870 630 1913 eam
644 1870 742 1933 quam
761 1851 957 1934 profitentur
973 1850 1090 1919 Artem
1112 1850 1321 1915 excolendam
1335 1849 1397 1933 ipsi

290 1950 501 2031 conferentes,
516 1952 580 2016 illis
601 1960 793 2019 succensent
817 1954 873 2037 qui
893 1954 944 2019 vel
962 1954 1136 2019 minimum
1151 1953 1297 2019 conferre
1310 1953 1397 2017 vide·

291 2061 408 2134 antur3
432 2054 577 2121 defectus
605 2056 737 2121 interim
763 2078 838 2123 suos
862 2064 960 2141 atque
991 2058 1170 2123 socordiam
1199 2057 1397 2121 reverentiae

291 2179 388 2243 quam
413 2158 648 2243 antiquioribus
673 2160 705 2242 (a
730 2160 848 2243 quibus
870 2161 1040 2225 uelatum
1062 2182 1209 2245 unguem
1234 2160 1397 2225 discedere

291 2264 435 2348 audent)
458 2264 568 2329 deberi
587 2265 800 2346 contendunt,
819 2266 924 2351 specie
943 2274 1178 2350 praetexentes.
1232 2267 1397 2334 Quorsum

290 2389 365 2433 vero
394 2370 533 2453 reliquas
559 2377 644 2435 artes
674 2392 797 2452 omnes,
829 2394 910 2456 quae
940 2372 1088 2438 homines
1117 2374 1226 2438 minus
1254 2382 1398 2458 tangrmt
1486 2419 1495 2428 -

287 2474 477 2558 juvantque,
492 2496 612 2559 magna
625 2474 827 2539 incrementa
842 2476 1015 2560 sumpsisse
1029 2475 1199 2555 fateamur,
1215 2478 1313 2541 etiam
1328 2478 1398 2541 sine

290 2576 358 2640 ulla
378 2576 557 2661 priscorum
578 2578 748 2642 hominum
767 2577 897 2662 injuria,
913 2577 1015 2641 solam
1029 2586 1140 2641 autem
1154 2578 1320 2641 Medicam
1335 2601 1396 2642 un·

291 2676 388 2763 dique
402 2680 579 2765 perfectam
594 2679 841 2745 existimemus?
885 2680 941 2745 An
961 2701 1029 2744 non
1048 2680 1192 2745 certioris
1206 2680 1300 2745 istius
1315 2703 1398 2764 quac

290 2802 378 2849 nunc
393 2781 519 2847 obtinet
534 2781 709 2865 navigandi
724 2782 802 2847 artis
817 2788 1007 2866 repertores,
1020 2802 1097 2846 eum
1110 2782 1237 2866 pyxidis
1247 2782 1398 2847 nauticae

290 2906 396 2964 usum,
413 2886 468 2969 qui
482 2885 530 2949 ita
543 2884 680 2949 feliciter
694 2884 799 2964 cessit,
814 2890 943 2949 tentare
957 2884 1133 2967 potuerint,
1149 2884 1213 2947 nisi
1225 2883 1345 2967 primos
1360 2905 1398 2951 ao

290 2990 436 3055 rudiores
455 2990 538 3069 illos,
562 2989 618 3073 qui
638 3010 706 3055 non
728 2986 792 3053 nisi
814 2988 856 3052 ad
878 2988 1046 3053 stellarum
1067 2993 1278 3071 conspectum
1293 2994 1326 3051 et
1344 2987 1398 3051 lit·

290 3100 399 3159 torum
427 3092 591 3157 anfractus
621 3112 752 3157 cursum
778 3112 874 3155 suum
901 3088 1095 3183 dirigebant,
1118 3088 1207 3173 prius
1233 3094 1398 3172 contemp-

291 3195 416 3260 serint?
461 3196 531 3261 Aut
554 3196 732 3261 accuratior
751 3194 808 3261 illa
827 3215 864 3261 ao
883 3193 988 3279 magis
1006 3194 1151 3278 perfecta
1170 3194 1235 3259 sive
1250 3202 1398 3259 constru-

291 3299 448 3363 endarum
468 3300 609 3379 navium,
626 3298 691 3363 sive
710 3298 887 3363 eanmdem
905 3298 941 3361 in
958 3319 1071 3382 pugna
1087 3298 1315 3381 regendarum,
1333 3317 1395 3378 ars,

291 3422 356 3485 qua
374 3401 470 3467 hodie
489 3422 566 3487 prae
586 3402 721 3467 caeteris
744 3402 868 3487 pollent
888 3402 1038 3486 Europae
1059 3401 1163 3486 magis
1183 3402 1397 3469 occidentales

290 3503 424 3583 incolae,
448 3504 527 3569 istos
552 3505 682 3589 sugillat
706 3526 871 3591 naupegos
895 3506 951 3589 qui
975 3506 1092 3573 classes
1116 3527 1171 3570 eas
1195 3505 1398 3573 fabricabant

292 3630 373 3693 quae
391 3608 467 3673 olim
482 3608 570 3673 Actii
591 3608 895 3693 depraeliabanturl
918 3616 975 3674 aut
990 3609 1178 3693 Augustum
1197 3615 1231 3673 et
1245 3608 1398 3673 Marcum

290 3711 483 3793 Antonium,
501 3713 587 3779 tanti
603 3712 681 3777 belli
701 3712 799 3777 duces
820 3718 853 3776 et
875 3712 1027 3777 classium
1048 3720 1200 3791 rectores,
1218 3710 1398 3795 ignominia

291 3816 412 3883 afficit?
456 3817 600 3898 Adhaee,
614 3818 787 3883 innumera
803 3816 870 3881 sere
893 3824 972 3881 sunt
993 3816 1141 3901 exempla
1161 3836 1271 3879 rerum
1293 3835 1313 3879 a
1334 3835 1397 3877 nu-

290 3921 374 4005 peris
388 3920 575 3987 hominibus
589 3921 806 3999 inventarum,
819 3940 901 4004 quae
917 3919 1107 4003 antiquioris
1123 3918 1242 3982 saeculi
1255 3916 1397 3984 inventis

290 4023 387 4107 longe
409 4026 608 4089 antecellunt
616 4050 626 4101 3
650 4044 787 4109 quarum
807 4021 954 4087 omnium
976 4026 1154 4104 repertores
1171 4018 1260 4082 haud
1278 4017 1397 4099 potiori

288 4126 362 4207 jure
376 4126 554 4209 priscorum
568 4127 743 4191 memoriae
762 4125 828 4187 vim
847 4124 966 4189 inferre
983 4122 1136 4187 censendi
1151 4128 1238 4198 sunt,
1254 4141 1352 4201 quam
1366 4119 1395 4182 is

291 4223 377 4287 filius
392 4226 492 4308 patris
506 4226 626 4289 lamam
646 4226 773 4291 laedere
790 4226 955 4307 putandus
974 4232 1033 4303 est,
1049 4224 1106 4307 qui
1121 4243 1191 4285 rem
1205 4221 1395 4285 familiarem

292 4334 467 4410 aparente
490 4334 664 4411 acceptam,
685 4326 846 4391 industria
863 4348 900 4391 ao
923 4327 1053 4392 solertia
1078 4348 1138 4389 sua
1159 4323 1336 4389 auctiorem
1357 4343 1395 4388 ae

292 4430 538 4495 cumulatiorem
569 4430 756 4495 reddiderit.
822 4430 904 4514 [45]
940 4430 1001 4495 Est
1033 4436 1067 4493 et
1103 4426 1193 4492 aliud
1224 4426 1395 4491 hominum

292 4554 405 4619 genus,
430 4532 495 4618 qni,
519 4556 596 4619 prae
619 4533 719 4599 animi
741 4531 881 4613 levitate,
901 4532 1025 4617 ingenii
1048 4554 1085 4599 ac
1108 4531 1284 4617 sapientiae
1306 4531 1396 4597 baud

291 4637 433 4723 vulgaris
468 4638 603 4703 titulum
639 4639 837 4717 affectantes,
868 4638 1102 4722 speculationes
1138 4638 1180 4702 ad
1208 4635 1396 4702 morborum

292 4741 492 4809 curationem
515 4763 558 4807 ne
580 4742 685 4807 hilum
713 4740 869 4807 indentes
899 4741 1031 4808 moleste
1053 4742 1227 4825 ingerunt3
1258 4740 1397 4805 Medicis

292 4866 360 4911 non
381 4852 450 4910 tam
464 4846 549 4911 viam
568 4851 873 4931 praemonstrantes,
890 4867 988 4930 quam
1002 4845 1133 4929 ignibus
1147 4845 1214 4909 suis
1228 4844 1327 4909 fatuis
1342 4843 1397 4908 de·

293 4947 358 5011 vics
380 4948 415 5012 in
436 4970 576 5013 errorem
599 4955 741 5033 agentes.
788 4947 850 5011 His
869 4948 1000 5013 Natura
1021 4969 1098 5013 eum
1118 4949 1243 5034 ingenii
1263 4946 1398 5011 modum
