3825 5759
542 646 607 709 466
855 644 1050 708 'PHOMAE
1076 644 1333 708 SYDENHAM

409 819 450 866 Da
464 818 519 866 Ην·
543 808 645 891 phieis
660 807 789 871 innixae
806 804 916 870 futiles
938 806 1004 869 sint
1024 828 1163 889 prorsus,
1181 808 1267 889 (cnm
1284 827 1380 871 nemo
1399 806 1568 871 hominum
1584 810 1645 873 sci-

392 896 532 962 Q
545 911 634 974 entia
654 910 806 974 intuitiva
826 909 990 993 praeditus
1013 908 1065 987 sit,
1082 931 1148 994 qua
1168 908 1271 972 fretus
1285 909 1442 992 principia
1457 918 1553 993 queat
1568 911 1645 973 sub-

545 1022 687 1077 sternere
703 1012 819 1096 quibus
829 1016 914 1075 'mox
936 1013 1159 1095 superstruat,)
1178 1018 1332 1089 adaman,
1348 1012 1376 1074 si
1392 1012 1585 1095 hypotheses
1603 1012 1644 1075 ab

544 1118 621 1203 ipsis
635 1117 731 1181 rebus
745 1116 839 1179 factis
853 1116 967 1192 fluant,
983 1136 1021 1177 ex
1045 1114 1091 1177 eis
1110 1121 1241 1177 tantum
1257 1113 1532 1189 observationibus
1546 1121 1644 1179 natae

545 1244 626 1309 quas
648 1222 872 1306 phaenomena
897 1219 1039 1303 practica
1063 1224 1096 1281 et
1119 1218 1281 1281 naturalia
1302 1224 1490 1301 suggerimt,
1513 1218 1644 1283 stabiles

392 1338 519 1402 Hypothe-
545 1332 679 1389 manent
697 1330 730 1388 et
749 1323 975 1386 inconcussae:
998 1321 1046 1384 ita
1065 1328 1112 1399 ut,
1128 1321 1205 1384 licet
1226 1321 1333 1404 praxis
1356 1321 1496 1399 Medica,
1517 1322 1544 1383 si
1566 1323 1642 1386 seri-

391 1403 524 1529 {ffgfflf'
545 1429 643 1493 bendi
679 1427 825 1491 ordinem
857 1424 1017 1508 respicias,
1052 1445 1092 1487 ex
1124 1424 1356 1508 hypothesibus
1388 1431 1460 1489 orta
1487 1425 1642 1505 videatur,

389 1532 515 1595 aaspraai
544 1531 753 1597 nihilominus
779 1530 867 1612 ipsae
895 1527 1099 1612 hypotheses,
1124 1527 1151 1589 si
1179 1526 1276 1591 modo
1305 1526 1425 1591 aolidae
1454 1519 1576 1590 hierint
1604 1550 1642 1592 ac

391 1598 525 1659 quadante-
634 1636 640 1649 .
823 1632 829 1645 .
1153 1629 1159 1642 .
1186 1630 1193 1643 .
1632 1632 1639 1642 .

390 1660 522 1724 nusorigi.
545 1656 714 1720 gemunae,
742 1654 832 1717 prasi
862 1630 1085 1714 quadantenus
1114 1650 1273 1713 originem
1301 1630 1449 1694 debeant.
1494 1630 1642 1713 Exempli

392 1740 447 1773 Μ
460 1726 501 1773 ¹¹⁸·
545 1737 657 1821 gratia,
673 1736 708 1799 in
724 1734 892 1798 affectione
907 1731 1068 1817 hysterica
1088 1752 1155 1795 non
1172 1732 1244 1795 ideo
1266 1732 1463 1816 chalybeatis
1476 1739 1553 1797 utor
1571 1754 1640 1797 cae·

390 1794 533 1917 iiieeilim
543 1841 685 1927 terisque
701 1838 891 1921 sanguinem
907 1834 1172 1918 invigorantibus,
1188 1856 1249 1900 nec
1268 1836 1341 1900 ideo
1357 1836 1397 1900 ab
1412 1836 1641 1901 evacuantibus

390 1918 509 1980 ΝΟΜ
543 1965 595 2007 me
610 1952 752 2025 tempero
771 1939 843 2021 (nisi
859 1938 978 2002 scilicet
993 1937 1028 1999 in
1043 1936 1135 2001 statis
1155 1938 1347 2021 quibusdam
1368 1938 1638 2020 circumstantiis)

543 2053 576 2110 et
594 2044 737 2109 remedia
758 2042 864 2126 potius
883 2040 1068 2125 paregorius
1081 2040 1214 2124 impero,
1230 2042 1305 2125 quia
1323 2031 1465 2125 primum
1486 2063 1545 2125 pro
1566 2062 1641 2106 con-

542 2169 629 2211 cesso
646 2146 747 2210 habui
765 2145 853 2208 hunc
872 2143 1023 2207 morbum
1046 2166 1066 2206 a
1088 2142 1262 2207 debilitatis
1283 2145 1457 2227 fractisque
1476 2144 1641 2228 spiritibus

542 2249 732 2313 animalibus
761 2246 901 2330 pendere
912 2272 921 2323 ;
952 2266 1074 2324 verum,
1099 2268 1174 2310 cnm
1203 2244 1399 2332 φαινομένων
1425 2247 1641 2329 practicorum

541 2358 692 2416 constans
717 2348 895 2415 observatio
915 2369 968 2411 me
994 2348 1155 2412 docuisset
1175 2350 1354 2413 cathartica
1375 2349 1520 2414 exhibita
1535 2349 1641 2413 morbi

541 2458 757 2539 symptomata
779 2472 903 2534 semper
922 2450 1058 2529 auxisse,
1073 2450 1124 2514 his
1143 2472 1218 2515 vero
1242 2453 1404 2516 contraria
1420 2452 1533 2515 eadem
1554 2473 1640 2535 sym-

539 2563 685 2641 ptomata
699 2555 864 2638 consopire
887 2555 997 2632 solere,
1014 2576 1052 2618 ex
1072 2554 1133 2618 hac
1148 2555 1283 2640 aliisque
1298 2554 1494 2641 φαινομένων
1507 2565 1639 2620 natiue

539 2658 619 2723 lium
635 2657 910 2723 observationibus
924 2656 1119 2741 hypothesin
1141 2679 1247 2721 meam
1267 2658 1439 2742 desumpsi,
1454 2660 1500 2722 ita
1514 2666 1550 2721 ut
1565 2658 1638 2740 phi·

539 2761 690 2845 losophus
716 2762 868 2845 empirice
893 2760 946 2823 hic
965 2760 1187 2823 famularetur.
1233 2759 1330 2825 Quod
1354 2760 1382 2823 si
1405 2760 1444 2826 ab
1466 2758 1637 2843 hypothesi

537 2864 720 2947 coepissem,
736 2886 774 2928 ea
788 2864 883 2947 plane
898 2862 1024 2927 ratione
1042 2862 1219 2925 insanirem
1239 2868 1338 2947 atque
1351 2862 1406 2926 ille
1421 2862 1478 2947 qui
1490 2860 1638 2925 tabulata

536 2968 692 3051 tignaque
716 2967 830 3031 domus
855 2966 1020 3049 superiora
1042 2964 1131 3048 prius
1154 2965 1377 3056 veliterigere
1403 2985 1500 3048 quam
1522 2962 1637 3026 funda·

537 3075 684 3131 mentum
701 3068 833 3151 jecerit:
857 3068 943 3153 quod
965 3067 1097 3153 quidem
1119 3066 1189 3130 istis
1210 3074 1342 3131 tantum
1363 3066 1513 3131 convenit
1535 3065 1591 3149 qui
1604 3066 1639 3129 ia

537 3176 609 3233 aire
628 3172 754 3234 castella
782 3170 880 3252 (quod
906 3170 1021 3251 aiunt)
1051 3169 1155 3233 solent
1181 3176 1343 3244 estruem
1370 3169 1421 3233 his
1443 3169 1531 3233 enim
1550 3174 1638 3232 certo

537 3274 675 3356 quodam
690 3273 855 3355 privilegio
870 3272 910 3335 ab
927 3272 1081 3336 alterutra
1096 3274 1300 3337 extremitate
1313 3273 1389 3337 licet
1403 3271 1511 3336 ordiri.

384 3390 493 3467 Vomitiq
586 3376 669 3459 [26]
699 3374 763 3437 Sed
788 3383 826 3438 ut
852 3374 893 3437 ad
922 3394 992 3437 rem
1015 3374 1163 3438 redeam:
1199 3375 1382 3458 quicunque
1409 3365 1542 3438 'demum
1571 3374 1637 3437 sint

383 3456 414 3502 ²¹³
423 3463 524 3503 ⁰¹¹¹⁸³³⁰⁰
536 3484 662 3539 meatus
677 3476 731 3539 isti
746 3497 803 3559 per
819 3497 898 3558 quos
921 3498 1005 3560 aqua
1024 3498 1064 3541 ex
1084 3477 1266 3542 abdominis
1280 3478 1417 3542 cavitate
1431 3478 1468 3540 in
1482 3477 1638 3541 intestina

383 3520 436 3566 cxci
462 3528 486 3566 ta

382 3527 525 3644 hyeiipico-
537 3576 714 3654 deducitur,
731 3577 928 3641 certissimus
950 3600 1022 3641 sum
1042 3580 1249 3648 vomitionem
1264 3580 1385 3644 edicto
1400 3580 1537 3644 emetico
1552 3580 1636 3644 exci-

383 3660 525 3757 &aaa
536 3684 639 3741 tatam
658 3679 785 3743 easdem
804 3688 954 3765 potenter
971 3702 1135 3760 evacuare,
1159 3681 1256 3765 idque
1274 3704 1341 3747 non
1365 3683 1469 3771 solum
1487 3684 1637 3748 deorsum

382 3770 526 3886 ἑξέῐῐέῒι
537 3802 594 3864 per
609 3780 727 3861 sedem,
743 3784 799 3847 sed
814 3791 847 3848 et
863 3806 991 3847 sursum
1008 3806 1066 3868 per
1085 3784 1192 3867 ipsum
1206 3784 1422 3849 ventriculum
1437 3793 1537 3872 atque
1551 3808 1586 3850 os
1599 3787 1637 3849 in

384 3910 448 3950 euna
537 3884 686 3947 vomendi
711 3892 803 3951 actu:
842 3887 965 3951 etenim
985 3894 1059 3971 post
1081 3887 1161 3950 duas
1186 3888 1326 3951 veltres
1352 3889 1520 3952 evomendi
1541 3889 1635 3967 vices,

537 4008 638 4070 aquae
667 4009 734 4051 non
763 3996 831 4053 tam
861 3989 1089 4054 medicamenti
1118 3988 1149 4052 vi
1178 3991 1350 4053 secretoria
1372 3990 1446 4054 elici
1474 3989 1635 4068 videntur,

536 4113 634 4177 quam
648 4094 751 4176 ruptis
766 4093 858 4178 quasi
872 4093 1035 4176 repagulis
1052 4100 1085 4156 et
1105 4092 1252 4156 claustris
1269 4094 1419 4156 reseratis
1436 4094 1532 4177 pleno
1546 4092 1636 4155 alveo

536 4194 677 4273 effundi3
701 4194 786 4277 quod
806 4195 883 4258 satis
913 4201 1041 4259 constat
1070 4216 1109 4258 ex
1135 4185 1311 4259 earundem
1336 4196 1507 4278 eruptione
1535 4201 1635 4278 atque

535 4297 659 4379 impetu
675 4318 768 4379 saepe
782 4297 867 4361 facto
881 4298 968 4361 inter
981 4296 1052 4382 ipsa
1065 4297 1215 4361 vomendi
1230 4297 1334 4381 spatia
1348 4298 1413 4361 sive
1427 4292 1604 4361 intervalla.

384 4416 510 4481 Hydaspi·
582 4396 665 4484 [27]
694 4400 810 4465 Mense
825 4402 976 4485 Augusto
990 4407 1188 4485 postremum
1203 4401 1319 4484 elapso,
1335 4402 1528 4485 paupercula
1539 4422 1638 4484 quae·

381 4483 519 4594 {ffissjj
536 4500 620 4579 dam,
637 4522 738 4565 annos
756 4502 879 4567 habens
898 4504 1134 4587 quinquaginta
1151 4504 1294 4587 quinque
1313 4511 1370 4567 aut
1389 4505 1525 4582 circiter,
1541 4524 1638 4586 opem

381 4610 415 4657 ao
427 4610 513 4658 emeti-
536 4624 641 4666 meam
655 4604 846 4687 imploravit.
892 4605 995 4670 Febre
1009 4606 1248 4671 intermittente
1263 4606 1320 4670 diu
1334 4606 1543 4683 laboraverat,
1558 4604 1639 4669 dein

381 4674 417 4721 cis
428 4683 452 4722 et
463 4690 504 4722 ca·
798 4706 805 4720 .
1137 4708 1144 4722 ,
1215 4710 1222 4723 ,
1393 4710 1399 4723 ,

380 4738 490 4787 amici,
535 4724 661 4768 carcere
676 4706 781 4770 fuerat
795 4708 920 4771 mclusa
938 4708 1005 4772 fere
1024 4730 1083 4792 per
1103 4716 1302 4788 tnenmum3
1328 4710 1479 4793 afrrgore
1493 4708 1639 4772 multum

380 4803 494 4851 absoluta
534 4828 627 4891 passa
647 4815 716 4871 erat
725 4834 735 4886 3
762 4816 873 4874 venter
895 4812 1034 4894 denique
1052 4813 1094 4877 ad
1113 4820 1241 4878 tentam
1261 4814 1378 4888 molem
1397 4813 1575 4878 increverat
1596 4820 1640 4877 ut
