3825 5759
546 670 611 733 456
701 722 705 732 .
862 662 1057 729 ‘rfloman
1082 658 1341 724 SYDENHAM

411 836 522 951 Ιίξοῑέἑ-
597 830 657 915 [2.]
684 828 760 893 'Pria
792 827 925 892 interim
960 826 1048 889 hune
1084 822 1234 887 morbum
1264 820 1386 903 stipant
1394 822 1679 983 Ssympdtpnrdlag,

398 972 536 982 -----
786 929 792 943 “
965 926 971 939 “
1136 924 1170 936 “”
1209 922 1246 984 in
1279 942 1348 984 nsa
1439 920 1548 983 iran‘
1607 920 1617 933 ’
1662 960 1679 970 -

394 990 528 1129 iiii?
548 928 1440 1113 (dilicioisstililibeagiiimdiiriihiigiitammriirmmeutei
1447 1022 1537 1085 unde
1557 1029 1677 1085 natu-

395 1126 505 1246 :fflss‘
549 1138 625 1201 ralis
639 1137 708 1221 ejus
723 1140 831 1198 motus
846 1130 1092 1195 sufflaminatur.
1137 1124 1243 1189 Urina
1255 1124 1483 1235 idcireo'paroee
1493 1121 1674 1197 redditur,

394 1256 467 1305 mata,
479 1247 537 1323 dyp-
551 1240 627 1327 quia
655 1236 822 1321 sanguinis
848 1254 967 1309 sellun,
994 1228 1081 1314 quod
1102 1248 1161 1313 per
1189 1226 1307 1288 ductus
1331 1243 1491 1286 nmmos
1513 1243 1558 1286 ex
1586 1223 1673 1304 lege

396 1326 537 1439 ξῗρᾟζῗῇ
550 1344 700 1407 Naturae
718 1336 846 1403 excerni
868 1334 1034 1409 debuerat,
1053 1331 1122 1415 jam
1143 1328 1180 1391 in
1201 1326 1372 1391 cavitatem
1393 1322 1580 1387 abdominis
1605 1324 1670 1387 de.

395 1446 440 1515 Ψ·
450 1447 474 1487 ‘t
485 1440 537 1487 ’Μ’
550 1446 692 1531 ponitur,
707 1451 741 1508 et
762 1443 798 1506 in
819 1446 962 1505 caeteras
979 1440 1088 1519 partes
1106 1429 1213 1495 eidem
1233 1425 1421 1509 excipiendo
1439 1432 1532 1508 aptas
1545 1432 1668 1487 natas

395 1512 520 1631 iffi,
552 1550 629 1614 Sitis
644 1554 693 1613 est
709 1569 728 1611 a
741 1540 914 1629 putredine
927 1534 1075 1603 colluviei
1088 1552 1223 1609 setosae,
1234 1549 1318 1612 quae
1331 1550 1352 1591 a
1365 1548 1457 1590 mora
1468 1527 1505 1589 in
1519 1547 1667 1610 corpore

396 1648 479 1761 ⁸¹¹¹?
491 1654 540 1697 ⁸¹⁸·
550 1654 695 1739 longiore
718 1658 751 1715 et
772 1648 910 1713 calorem
934 1649 967 1705 et
989 1636 1173 1704 acredinem
1195 1630 1368 1708 contrahit,
1388 1628 1477 1692 unde
1499 1650 1603 1711 aeger
1627 1638 1665 1692 et

397 1710 449 1838 iii:
457 1798 509 1839 m,
550 1758 640 1822 febre
656 1752 880 1839 quadantenus
895 1763 1022 1827 semper
1034 1739 1170 1813 laborat,
1186 1741 1220 1797 et
1233 1737 1413 1796 memorata
1426 1729 1493 1793 siti.
1510 1745 1514 1749 ’

398 1864 535 1933 quaparter
600 1858 661 1944 [3.]
690 1856 754 1919 Pro
767 1858 840 1917 rata
854 1870 918 1933 qua
937 1864 1033 1927 aeger
1051 1842 1087 1905 in
1108 1836 1254 1923 partibus
1269 1856 1349 1918 quas
1368 1830 1502 1948 morbus
1516 1831 1662 1947 obsidet,

398 1921 534 2033 iiiii?
552 1962 635 2027 mole
651 1964 797 2040 augetur,
812 1954 848 2016 iu
862 1947 995 2031 reliquis
1008 1942 1112 2027 magis
1128 1939 1295 2022 magisque
1308 1936 1413 1999 indies
1427 1941 1612 1999 emacratnr
1626 1944 1663 1997 et
1749 2009 1750 2012 Ἴ

398 2048 540 2160 mim·
553 2060 749 2147 gracilesoit;
771 2053 979 2134 tandemque,
994 2067 1070 2111 cum
1091 2049 1187 2108 tanta
1204 2060 1362 2122 aquarum
1380 2037 1429 2100 vis
1447 2037 1537 2100 intra
1555 2036 1662 2099 abdo-
1749 2087 1750 2150 ᾖ

399 2130 539 2239 malinii:-
552 2164 649 2227 minis
669 2159 828 2223 ambitum
848 2150 990 2218 coerceri
1006 2146 1144 2211 ulterius
1166 2148 1315 2224 nequeat,
1330 2140 1457 2223 impetn
1476 2139 1513 2201 in
1534 2139 1664 2202 visam
1749 2175 1750 2184 η

398 2241 544 2353 ξξῖξξζξξ““
553 2262 711 2329 nobiliora
725 2264 759 2323 et
773 2254 904 2320 vitalem
919 2270 1026 2317 arcem
1038 2249 1135 2324 facto,
1150 2243 1344 2327 cataclysmo
1358 2242 1450 2325 quasi
1467 2238 1663 2305 submersus

400 2380 516 2493 {papatu¹
553 2364 647 2450 perit.
861 2460 868 2473 ·
1058 2453 1086 2466 ..
1363 2447 1370 2459 1
1398 2448 1406 2460 0
1498 2446 1530 2459 ..

398 2445 546 2559 „2¹23ss
603 2465 664 2551 [4.]
693 2463 800 2529 Causa
812 2460 948 2544 hujusce
962 2454 1068 2519 morbi
1077 2472 1114 2514 m
1125 2468 1243 2533 genere
1256 2468 1425 2530 sangrnnm
1433 2446 1585 2511 debrlrtas
1595 2455 1660 2523 est,

399 2573 486 2623 lilim
498 2582 522 2623 0²
555 2570 643 2635 unde
665 2568 830 2643 mimento,
849 2560 936 2645 quod
956 2558 1133 2623 forinsecus
1154 2552 1358 2635 importatur,
1380 2551 1417 2613 in
1437 2549 1660 2613 substantiam

400 2638 543 2765 iiiiii,
555 2693 647 2737 fluam
661 2664 878 2735 convertendo
892 2682 961 2725 non
972 2660 1042 2743 jam
1054 2677 1123 2741 Pstis
1137 2655 1225 2717 idem
1242 2654 1279 2716 in
1293 2652 1515 2717 emmim
1528 2659 1563 2717 ά
1575 2674 1658 2736 Pen'

401 2773 647 2838 regerem-dul„
669 2767 810 2853 eorporis
833 2770 940 2849 partes
963 2758 1132 2843 explodere
1154 2776 1285 2820 neeesse
1307 2755 1416 2835 habet,
1440 2776 1517 2820 mor
1540 2755 1577 2818 in
1599 2754 1656 2818 ab·

401 2830 541 2959 {iilius
557 2876 675 2941 domen
700 2872 816 2949 etiam3
838 2868 875 2931 in
901 2886 976 2949 quo,
999 2860 1153 2946 quamdiu
1175 2859 1211 2922 in
1236 2856 1354 2939 exigua
1374 2857 1557 2940 quantitate
1577 2855 1656 2918 hinc

400 2976 494 3037 mersus
556 2981 633 3045 inde
647 2975 854 3061 dispergitur,
868 2969 999 3034 Natura
1007 2964 1112 3029 eidem
1126 2959 1323 3026 continendo
1332 2957 1489 3023 vesiculas
1502 2956 1654 3039 quasdem

400 3034 484 3153 iiiia
556 3081 701 3157 fabricat,
713 3078 816 3141 donec
829 3070 973 3148 tandem,
988 3065 1123 3131 modum
1133 3064 1203 3147 jam
1213 3082 1379 3145 superans,
1389 3081 1458 3125 uno
1470 3060 1654 3143 peritonaeo

401 3170 517 3219 ΝΜ
557 3183 654 3247 simul
667 3178 836 3244 clauditur.

401 3248 490 3295 genere
501 3242 538 3283 est

400 3300 527 3361 sanguinis
605 3284 667 3371 [5.]
696 3276 856 3363 Sanguini
884 3281 995 3338 autem
1027 3264 1227 3333 debilitando
1255 3285 1386 3348 operam
1413 3269 1453 3328 ut
1480 3263 1653 3347 plurimum

402 3364 529 3493 ‹liquipqp
557 3383 805 3455 commodabant
831 3377 879 3441 vel
902 3374 1005 3439 nimia
1026 3373 1096 3456 ejus
1119 3392 1178 3453 per
1200 3367 1494 3433 venae-sectionem
1514 3373 1572 3430 aut
1592 3367 1653 3430 alio

402 3445 545 3572 uiroeqiiii
559 3490 668 3576 quovis
694 3483 790 3551 modo
817 3478 991 3555 evacuatio,
1012 3474 1064 3539 vel
1087 3471 1221 3537 morbus
1246 3470 1361 3553 aliquia
1390 3469 1582 3547 diuturnior,
1605 3469 1652 3532 vel

402 3588 501 3636 ΨΜ
557 3590 702 3678 perditus
726 3587 781 3649 ille
803 3584 942 3666 liquores
965 3576 1151 3661 spiritnosoa
1167 3572 1391 3657 ingurgitandi
1412 3594 1492 3651 mos,
1513 3572 1600 3636 rmde
1620 3579 1651 3634 et

419 3716 448 3748 an
486 3652 512 3685 θ’
557 3690 719 3759 naumann
754 3684 894 3770 corporis
929 3682 1091 3746 fermenta
1125 3677 1349 3753 causantur,
1383 3682 1419 3740 et
1461 3674 1650 3758 diasprum

558 3796 699 3882 spiritiu.
745 3790 834 3854 Hinc
856 3792 905 3852 est
929 3782 1016 3869 quod
1039 3779 1236 3845 bibacissimi
1259 3778 1378 3861 quique
1398 3776 1566 3841 helluones
1587 3796 1649 3839 sae-

556 3900 630 3985 pius
645 3918 720 3961 cum
733 3894 795 3959 hoc
809 3889 932 3965 morbo,
947 3884 1065 3969 frigido
1078 3884 1163 3961 licet,
1176 3902 1274 3965 quam
1288 3880 1408 3945 caeteri
1421 3879 1647 3944 conflictentur.

557 4005 586 4069 E
601 4006 715 4067 eontra
733 3996 832 4062 etiam
854 4010 955 4076 aquae
972 3987 1096 4073 potatio
1113 3986 1149 4049 in
1165 3984 1204 4047 iis
1224 3984 1281 4066 qui
1303 3982 1467 4066 generosis
1480 3980 1648 4065 liquoribus

558 4108 615 4172 diu
630 4104 846 4176 assueverant,
862 4091 1013 4177 sanguini
1027 4088 1166 4153 eandem
1180 4106 1299 4151 noxam
1312 4085 1422 4149 infert

405 4203 521 4268 Hydram
607 4206 668 4293 [6.]
696 4204 739 4269 In
752 4198 902 4266 foeminis
916 4216 991 4259 vero
1008 4190 1108 4276 (quod
1121 4188 1302 4253 notandum
1324 4188 1397 4270 est)
1414 4186 1478 4250 alia
1491 4184 1645 4270 quaedam,

404 4270 503 4317 testium
515 4270 541 4318 iu

403 4333 517 4383 famina
558 4320 592 4379 et
614 4310 654 4376 ab
677 4307 728 4373 his
751 4306 848 4386 longe
870 4300 1003 4375 diversa,
1029 4291 1193 4377 Hydropis
1217 4312 1315 4355 causa
1338 4289 1509 4373 reperitur,
1534 4286 1645 4351 induas

405 4398 482 4447 ΜΓ
491 4414 536 4447 ¹¹*
558 4432 675 4497 nempe
688 4410 724 4474 in
737 4404 964 4472 testiculorum
975 4398 1132 4462 alterutro
1146 4393 1289 4472 saburra,
1301 4414 1361 4457 seu
1374 4391 1560 4468 obstructio,
1573 4410 1644 4472 quae

405 4470 477 4512 m
559 4516 679 4581 sensim
693 4510 837 4596 ejusdem
851 4504 957 4571 cresin
976 4497 1155 4575 subvertit3
1176 4496 1264 4560 uude
1285 4496 1322 4559 in
1339 4495 1426 4559 dicto
1447 4493 1644 4558 testiculoru-

559 4620 664 4704 posita
684 4616 826 4698 primum
844 4608 949 4675 morbi
970 4605 1105 4681 minere,
1119 4601 1233 4665 tunica
1249 4599 1395 4683 ejudem
1408 4598 1528 4661 mirum
1541 4597 1573 4659 in
1585 4616 1643 4659 mo·

561 4722 640 4785 dum
669 4714 882 4790 distenditur3
906 4731 970 4793 qua
995 4708 1065 4791 jam
1089 4710 1220 4769 tantum
1242 4723 1310 4767 nou
1339 4706 1501 4785 crepante,
1531 4698 1644 4762 Natura

559 4819 689 4886 humori
710 4812 895 4898 excipiendo
910 4808 1064 4875 vesiculas
1087 4804 1240 4889 quasdam
1262 4802 1417 4889 suggerit,
1432 4822 1567 4887 quarum
1582 4807 1643 4865 tau·

497 1538 503 1551 ί
