3825 5759
445 658 477 719 vi
619 656 723 721 nno
748 656 1005 721 SYDENHAM
1028 656 1175 721 onnon
1200 656 1366 722 ononis.
1418 635 1423 644 '

301 831 431 881 Euneon
488 816 635 881 Indioem
651 817 773 880 Rerum
793 815 942 881 editionis
962 817 1136 901 Lipsiensis
1159 818 1275 899 (indioe
1294 817 1394 902 ipsius
1416 816 1538 902 Sydon-

293 895 427 973 Q
444 934 543 999 hnmii
562 933 771 1017 intermixto)
790 933 966 999 breviorem
984 933 1120 1014 reddidi,
1134 956 1202 1000 non
1216 942 1327 1000 tomen
1344 934 1406 1018 (uti
1423 936 1537 1018 spero)

444 1052 551 1115 minus
572 1052 705 1129 utilem
728 1072 838 1116 meum
860 1052 948 1116 enim
969 1072 1039 1117 esse
1059 1073 1127 1117 non
1148 1051 1249 1117 hebui
1269 1052 1420 1118 Auctoris
1443 1074 1541 1137 snpra

444 1167 602 1252 quoslibet
621 1188 672 1233 res
692 1188 821 1232 sensum
843 1168 1002 1248 exhibere,
1018 1169 1075 1233 sed
1093 1170 1201 1254 potius
1219 1170 1291 1235 loeo
1306 1170 1476 1253 inquibus
1497 1170 1540 1235 sit

444 1286 645 1369 quaerendus
666 1284 817 1349 indicare.
863 1286 1010 1351 indicem
1028 1288 1208 1352 Nominum
1228 1288 1435 1372 Propriorom
1454 1308 1539 1352 seor·

325 1382 327 1386 ’
444 1402 505 1466 sim
520 1402 646 1480 addin
669 1402 748 1466 item
763 1402 910 1467 nonem
924 1404 1151 1469 normulam
1164 1403 1368 1469 Medicorum
1384 1411 1418 1468 et
1432 1404 1539 1468 Men.

444 1528 665 1587 camentorum
679 1521 714 1585 in
729 1522 887 1587 Formulis
898 1524 1152 1588 occurrentium:
1173 1522 1224 1585 his
1238 1522 1372 1585 nomine
1383 1521 1540 1587 hodierno

444 1639 585 1725 apposni,
609 1638 644 1703 in
668 1638 785 1723 quibus
808 1640 1009 1721 assignandis
1030 1661 1082 1703 me
1102 1660 1170 1703 non
1191 1638 1325 1722 paulum
1347 1638 1540 1723 adjuverunt

442 1757 502 1821 viri
522 1756 562 1822 de
582 1757 724 1823 Materia
738 1756 869 1822 Medios
890 1756 1011 1839 optime
1032 1756 1149 1835 meriti,
1165 1757 1187 1819 J
1188 1776 1352 1821 oniensis
1367 1756 1537 1835 Pinnos,

443 1874 547 1954 Mn„
562 1882 596 1940 et
611 1877 765 1940 Josssns
780 1876 914 1938 Fosnns
929 1874 1058 1953 Roas,
1073 1874 1167 1939 M.D.

486 2110 580 2175 Foxit
601 2110 721 2175 DEUS
744 2118 795 2174 ter
817 2112 893 2195 Opt.
914 2108 1004 2176 Mox.
1026 2118 1120 2177 utet
1142 2112 1195 2177 hio
1218 2118 1252 2177 et
1275 2132 1386 2177 omnes
1408 2119 1538 2179 nostroe

442 2226 616 2291 vocationis
645 2228 779 2308 labores,
809 2229 959 2314 itemque¹
985 2231 1095 2295 omnin
1123 2252 1143 2295 s
1170 2252 1254 2295 novo
1284 2229 1346 2295 heo
1376 2230 1538 2324 Sooietete

444 2344 705 2430 Sydenhemiene
719 2354 875 2431 suscepte,
890 2347 1008 2411 cedent
1024 2347 1059 2411 in
1079 2347 1228 2412 IPSIUS
1243 2346 1373 2411 leudem
1386 2352 1420 2411 et
1432 2347 1536 2411 homi·

442 2484 523 2526 num
538 2464 801 2529 emolumentum.

680 2783 842 2854 0x0N11,

487 2930 517 2973 A.
535 2930 567 2973 D.
584 2930 616 2974 V.
633 2930 712 2976 NON.
729 2932 811 2993 ΠΜ,
828 2932 1035 2979 uncccxuv.
