3825 5759
499 614 566 680 264
803 612 1002 678 THOMAE
1026 611 1285 676 SYDENHAM

365 790 464 838 sanun
496 774 607 852 thesis,
626 779 660 838 et
682 773 780 837 febris
803 773 969 838 intensior.
1015 773 1139 838 Diebus
1165 796 1185 839 a
1207 775 1465 840 venae-sectione
1488 774 1599 841 liberis

331 854 482 967 napqqqqc
497 897 646 942 anemae
667 877 751 940 lacte
769 897 844 940 cum
865 897 984 960 syrupo
1003 876 1152 954 violaceo,
1172 883 1206 940 et
1226 877 1351 961 julapia
1372 877 1599 962 refrigerantia

344 989 485 1000 “““’““““
496 1003 536 1046 ex
551 1002 635 1064 aqua
648 980 857 1064 nymphaeae,
870 987 941 1058 etc,
953 979 989 1042 in
1000 981 1225 1044 Rhenmatiami
1238 981 1405 1044 curatione
1416 982 1486 1066 jam
1507 983 1548 1065 [c.
1565 986 1597 1046 5.

499 1084 579 1171 qh]
600 1083 695 1161 dicta,
711 1082 854 1166 qnalibet
869 1082 948 1147 hora
962 1083 1027 1146 diei
1041 1082 1227 1166 usurpanda
1239 1083 1433 1166 praescribo.
1465 1084 1513 1148 Ut
1527 1086 1599 1168 plu·

495 1189 616 1252 rimnm
626 1209 700 1252 vero
714 1187 812 1252 unica
822 1186 1037 1252 venae-sectio
1048 1191 1082 1250 et
1093 1187 1290 1270 subsequens
1301 1187 1468 1267 catharais,
1478 1188 1507 1252 si
1517 1195 1600 1254 tem·

495 1292 566 1376 pori
581 1291 805 1370 adhibeantur,
821 1313 889 1356 rem
905 1290 1091 1374 expediunt.

541 1395 634 1460 Quae
648 1395 827 1460 urticarum
845 1401 1023 1478 puncturas
1038 1414 1112 1458 cnm
1133 1394 1262 1477 pruritu
1275 1393 1374 1458 refert
1392 1395 1513 1478 species
1530 1397 1601 1480 pari

496 1499 593 1564 modo
606 1504 657 1564 est
676 1497 867 1576 amolienda,
883 1497 947 1562 nisi
968 1496 1055 1580 quod
1069 1497 1149 1561 haec
1161 1497 1313 1561 remediis
1330 1497 1372 1561 ab
1392 1505 1485 1564 extra
1498 1500 1600 1583 appli-

496 1602 607 1666 candis
622 1601 729 1666 minus
745 1606 848 1685 egeat.

548 1706 608 1790 [6.]
622 1717 647 1748 ¹²¹
670 1705 734 1770 Hic
749 1705 853 1769 obiter
867 1704 983 1782 dicam,
999 1703 1094 1788 qnod,
1109 1703 1186 1768 lieet
1197 1724 1265 1769 non
1278 1703 1384 1768 solum
1394 1703 1449 1768 hic
1463 1705 1599 1770 allectus

497 1807 616 1890 dequo
631 1807 701 1890 jam
720 1807 892 1890 loquimur,
908 1806 965 1872 sed
984 1813 1018 1870 et
1036 1806 1180 1890 plerique
1202 1827 1315 1871 eorum
1334 1807 1392 1890 qui
1411 1808 1515 1872 cutim
1536 1808 1598 1872 im·

496 1915 613 1992 petunt
637 1917 670 1972 et
696 1909 897 1992 eruptionem
927 1909 1099 1992 aliqualem
1128 1909 1279 1972 comitem
1310 1910 1373 1974 sibi
1402 1910 1596 1994 adjungunt,

500 2010 607 2092 (modo
616 2010 758 2074 chronici
772 2011 796 2073 ii
811 2011 899 2093 sint,)
913 2011 1006 2074 facile
1021 2011 1096 2074 huic
1108 2010 1261 2076 methodo
1275 2012 1403 2090 cedant,
1415 2034 1452 2076 ac
1462 2011 1597 2095 proinde

497 2112 664 2195 sanguinis
686 2112 838 2175 missione
860 2120 893 2176 et
915 2113 1055 2176 catharsi
1076 2095 1200 2177 iteratis
1223 2113 1312 2178 brevi
1341 2135 1375 2178 se
1399 2114 1597 2199 proripiant;

497 2233 609 2277 eorum
627 2219 738 2277 tamen
763 2213 861 2298 aliqui
884 2213 936 2278 via
958 2216 1054 2298 plane
1084 2216 1209 2280 diversa
1236 2217 1400 2281 tractandi
1425 2224 1512 2296 sunt,
1537 2237 1598 2281 nee

497 2316 719 2381 evacuationes
742 2317 838 2382 modo
860 2317 965 2383 dictae
987 2319 1226 2403 quantumlibet
1247 2322 1413 2405 repetitae,
1437 2343 1498 2385 nec
1525 2322 1599 2404 pnl-

496 2440 586 2484 veres
607 2420 739 2484 testacei
758 2421 908 2504 sangruni
926 2421 1143 2488 edulcoraudo
1158 2423 1321 2502 destinati,
1338 2425 1510 2508 quicquam
1524 2445 1597 2508 pro·

496 2522 630 2602 ficiunt3
653 2545 727 2587 cum
741 2532 941 2590 recrementa
955 2525 1123 2609 quaedam,
1139 2548 1269 2608 pravam
1291 2526 1453 2591 diathesin
1470 2527 1598 2611 adepta,

496 2625 643 2690 intimius
666 2626 734 2691 cuti
755 2626 986 2709 impingantur,
1006 2649 1075 2692 non
1093 2629 1157 2692 nisi
1175 2629 1323 2693 remediis
1343 2651 1425 2712 quae
1446 2631 1599 2712 sanguini

496 2728 596 2793 robur
610 2751 648 2794 aa
661 2729 726 2794 vim
741 2729 924 2810 conciliant,
940 2730 1137 2814 proindeque
1151 2732 1235 2796 cutis
1250 2732 1415 2815 spiraculis
1430 2732 1598 2796 deohstrn·

498 2833 591 2896 endis
620 2839 696 2916 apta
719 2841 798 2898 nata
827 2840 914 2914 sunt,
941 2835 1104 2898 ullatenus
1128 2834 1307 2899 amovenda
1335 2833 1597 2917 debellandaque.

345 2953 458 3066 {aalma
499 2934 584 3000 Cum
614 2957 762 3002 successu
794 2936 902 3021 itaque
931 2958 999 3002 non
1032 2937 1157 3020 vulgari
1186 2941 1376 3020 sequentem
1408 2937 1599 3001 methodum

356 3033 468 3066 emmau.

344 3083 414 3130 mio·
497 3059 667 3121 aggressus
687 3059 760 3102 sum
781 3039 817 3104 in
836 3039 965 3123 pruritu
985 3039 1098 3118 lerino,
1120 3045 1218 3123 atque
1239 3040 1426 3105 inveteratis
1443 3039 1477 3103 id
1494 3060 1599 3122 genus

496 3141 581 3205 cutis
596 3143 838 3224 eruptionibus:
860 3151 954 3223 nt,-

499 3273 600 3343 [Form.
613 3275 692 3344 «ld.]¹¹
710 3273 742 3354 R
762 3277 906 3333 Theriacae
919 3279 1097 3334 Andromachi
1110 3280 1339 3345 semidrachmam,

763 3361 906 3418 Electuarii
919 3365 952 3419 de
965 3365 1024 3418 Oro
1035 3367 1188 3436 scrupulum
1200 3384 1294 3430 unum,

764 3448 872 3504 Badicis
884 3450 1067 3522 Serpentariac
1082 3452 1256 3524 Virginianae
1267 3453 1437 3508 subtilissime
1448 3455 1601 3525 pulverera·

798 3553 880 3608 grana
893 3537 1054 3608 quindecim,

764 3621 873 3692 Lapidis
885 3623 1042 3678 Bezonrdici
1054 3624 1198 3680 Orientalis
1208 3643 1293 3697 grana
1304 3627 1429 3697 quinque,

763 3725 824 3764 oum
836 3709 976 3765 sufficienti
987 3713 1136 3782 quantitate
1147 3694 1243 3783 Syropi
1255 3730 1270 3766 e
1281 3711 1429 3767 conditura
1438 3713 1598 3776 (liniarum

640 3793 702 3848 Fiat
712 3794 797 3860 bolus,
806 3796 950 3852 sumendus
957 3815 1037 3854 mane
1046 3799 1146 3854 ethera
1153 3801 1238 3854 somni
1246 3818 1293 3871 per
1302 3799 1358 3853 dies
1365 3817 1450 3854 unum
1458 3808 1486 3853 et
1493 3800 1598 3869 viginti,

638 3883 831 3952 superbihendo
842 3885 990 3940 cochlearia
1001 3903 1048 3940 sex
1059 3887 1193 3957 sequentis
1199 3887 1297 3958 julapii
1304 3909 1349 3939 :-

500 4026 600 4091 [Form.
613 4033 691 4102 46.]“
711 4027 742 4111 R
761 4031 855 4102 Aquae
867 4031 967 4088 Cardui
980 4033 1121 4089 Benedicti
1132 4036 1224 4089 uncias
1236 4051 1292 4100 sex,

764 4117 857 4187 Aquae
870 4117 1052 4189 Epidemicae,

766 4203 887 4275 [Aquae]
902 4205 1064 4260 Theriaoalis
1076 4205 1239 4271 stillatitiae,
1251 4222 1303 4260 ana
1314 4207 1408 4260 uncias
1418 4205 1493 4270 duas,

764 4289 860 4362 Syrupi
872 4292 1108 4364 Carpophyllomm
1119 4294 1227 4346 unciam
1238 4309 1336 4356 unam

641 4377 743 4444 Misce3
760 4378 958 4451 liatjulapium.

549 4489 609 4574 [7.]
639 4491 783 4574 Singulis
808 4491 978 4557 matutinis
1003 4500 1076 4577 post
1100 4499 1302 4578 assumptum
1326 4491 1599 4558 medicamentum

500 4591 594 4655 sudet
623 4592 720 4656 horae
748 4593 846 4658 unios
870 4595 921 4660 vel
947 4596 1079 4660 alterius
1107 4597 1220 4680 spatio,
1242 4596 1293 4660 vel
1320 4596 1429 4680 potius
1452 4594 1598 4679 pluribus

532 4747 550 4771 '¹
567 4743 593 4803 §5
613 4743 677 4791 6-8
698 4745 786 4793 derunt
805 4748 830 4794 in
849 4749 886 4795 ed.
905 4747 952 4798 'ld
989 4748 1027 4795 ct
1100 4756 1116 4778 ¹
1133 4747 1417 4807 calatunnam.

499 4807 603 4855 Protea
616 4809 662 4855 Iar.
675 4823 695 4856 c.
710 4811 748 4858 12.
