3825 5759
162 886 184 1000 ιζ,
277 912 343 969 tres
364 906 415 969 vel
430 914 568 990 quatuor
587 910 775 995 anodynum
795 912 1003 992 exhibeatur,
1029 917 1157 997 postero
1177 901 1422 985 diecathar·13
1426 948 1495 983 ,,,,,
1498 946 1521 979 Δ,

173 852 190 891 2
321 804 462 887 Sanguis
476 826 495 869 c
509 805 640 871 brachio
658 808 755 891 paulo
769 808 933 874 liberalius
955 809 1111 873 educatur
1112 811 1170 885 ,et
1187 808 1260 887 post
1281 800 1377 863 horas
1409 805 1484 919 cnr

588 646 845 711 PROCESSUS
869 646 1072 710 INTEGRI.
1313 636 1376 698 577

1409 870 1514 919 Comes

168 1062 186 1104 a.
276 1006 378 1071 ticum
399 1008 579 1091 lenitivum,
595 1018 638 1092 et,
660 1012 851 1099 intemosito
874 1014 927 1079 die
952 1037 1029 1094 uno,
1053 1012 1095 1079 ad
1119 1010 1250 1077 tertiam
1275 1006 1530 1075 νίοθιιιουι
1433 1040 1483 1074 ιιι
1486 1040 1519 1073 ιο.

277 1110 474 1193 propinetur.

320 1216 367 1276 At
392 1214 420 1277 si
445 1215 567 1279 malum
589 1217 651 1282 hoc
675 1218 835 1284 fructibus
857 1220 1002 1298 horariis,
1018 1220 1069 1283 vel
1091 1217 1161 1282 aliis
1184 1213 1264 1279 cibis
1286 1209 1377 1275 avide

276 1315 422 1399 ingestis,
438 1319 596 1401 originem
612 1320 738 1401 debeat,
753 1330 827 1387 tum
847 1323 1045 1388 ventriculus
1068 1329 1144 1386 ante
1164 1317 1274 1384 omnia
1293 1315 1377 1379 lacte

160 1405 185 1517 μζ»
277 1418 463 1484 cerevisiato
477 1422 599 1486 affatim
618 1424 736 1489 haudo
758 1426 914 1490 eluendus
935 1432 984 1490 est
994 1452 1003 1503 3
1027 1446 1091 1509 quo
1111 1421 1284 1497 exantlato,
1299 1438 1376 1481 ano·

160 1582 184 1618 r·
277 1518 401 1603 dynum
420 1524 659 1607 propinandum
678 1533 745 1591 est:
769 1528 917 1611 sequenti
940 1534 1052 1591 autem
1072 1525 1124 1590 die
1138 1544 1221 1588 vena
1241 1518 1377 1585 secanda

277 1629 337 1701 est,
352 1630 386 1687 et
400 1625 436 1687 in
450 1626 563 1691 ordine
578 1630 772 1714 praescripto
786 1630 1036 1713 procedendum.

321 1726 402 1791 Ubi¹
416 1728 469 1793 hic
488 1731 621 1796 morbus
641 1733 751 1797 minus
772 1734 875 1817 perite
896 1740 1056 1797 metatus
1071 1730 1250 1797 diutissime
1263 1724 1377 1808 fatiga-

159 1790 182 1939 Ξ
277 1828 367 1908 verit,
391 1838 424 1895 et
446 1853 579 1916 aegrum
600 1856 684 1919 pene
705 1836 888 1915 omisserit,
912 1836 1074 1901 liberalior
1096 1834 1160 1899 sive
1186 1850 1288 1915 aquae
1311 1827 1377 1912 epi-

277 1930 428 2012 demicae,
451 1934 516 1999 sive
545 1937 711 2015 mirabilis,
736 1938 801 2003 sive
831 1940 913 2003 alius
942 1940 1163 2024 cujuscunque
1187 1956 1251 2019 qua
1279 1948 1376 2001 sanus

160 2104 177 2144 ff:
276 2038 415 2102 maxime
432 2039 662 2121 delectabatur,
677 2064 756 2107 usus
778 2064 911 2127 aegrum
933 2043 995 2107 hoc
1017 2050 1161 2126 tempore
1182 2038 1269 2103 ultra
1286 2053 1376 2119 spem

276 2158 406 2205 omnem
418 2142 511 2225 juvit.

692 2391 788 2455 CAP.
813 2392 963 2455 XXIV.m

656 2528 705 2589 De
722 2528 854 2591 Cbolerc
868 2528 991 2591 Morbo.

322 2660 451 2723 luras¹¹
462 2661 606 2743 Augusti
615 2661 736 2725 limites
746 2684 781 2726 se
796 2662 976 2741 continens,
987 2664 1038 2725 vix
1052 2662 1087 2725 in
1098 2662 1218 2746 priores
1230 2660 1375 2744 Septem·

276 2761 343 2825 bris
356 2761 574 2826 hebdomadas
594 2770 758 2845 evagatur.
802 2764 835 2827 A
849 2764 981 2846 crapula
1000 2770 1033 2828 et
1056 2763 1197 2846 ingluvie
1218 2763 1376 2827 excitatus

276 2863 388 2927 similis
406 2863 551 2942 affectus,
566 2864 656 2927 nullo
673 2865 827 2947 temporis
847 2864 1032 2929 discrimine
1053 2865 1204 2949 insurgit,
1220 2866 1284 2949 qui,
1300 2865 1376 2929 licet

276 2966 389 3029 eodem
411 2972 543 3030 curetur
563 2966 669 3045 modo,
686 2966 818 3031 alterins
837 2974 950 3031 tamen
973 2974 1021 3032 est
1044 2967 1198 3031 subsellii.
1243 2967 1375 3032 Adsunt
1388 2988 1468 3037 Morbi
1480 2990 1521 3037 se-

274 3074 413 3139 vomitus
428 3092 585 3151 enormes,
601 3092 639 3137 ac
659 3094 832 3157 pravorum
852 3073 1028 3136 humorum
1042 3094 1117 3137 cum
1139 3072 1279 3137 maxima
1294 3072 1374 3137 diffi-
1387 3054 1491 3117 scriptio.

273 3178 397 3241 cultate
411 3184 445 3241 et
464 3175 615 3259 angustia
634 3196 692 3259 per
706 3176 814 3240 alvum
833 3174 989 3261 dejectio3
1011 3174 1131 3240 ventris
1154 3196 1190 3240 ac
1204 3174 1375 3241 intestino·

274 3301 348 3343 rum
368 3280 459 3345 dolor
480 3278 663 3357 vehemens,
677 3278 803 3343 inflatio
825 3284 859 3342 et
874 3277 1028 3359 distentio
1038 3302 1049 3356 3
1069 3277 1259 3361 cardialgia3
1283 3276 1352 3343 sitis
1361 3304 1373 3361 3

274 3383 385 3466 pulsus
414 3383 499 3447 celer
528 3403 565 3446 sc
590 3382 752 3465 frequens,
777 3384 898 3465 parvus
920 3387 954 3444 et
982 3379 1177 3463 inaequalis3
1208 3382 1316 3445 aestus
1341 3388 1375 3445 et

274 3484 418 3549 anxietas
426 3509 437 3562 3
453 3504 577 3549 nausea
585 3484 829 3562 molestissima3
847 3482 947 3549 sudor
955 3508 966 3562 3
984 3504 1115 3547 crurum
1127 3490 1160 3546 et
1170 3480 1375 3547 brachiorum

273 3592 479 3651 contractura
485 3590 496 3664 3
526 3586 628 3651 animi
649 3585 848 3670 deliquinm3
877 3583 1019 3670 partium
1043 3592 1259 3649 extremarum
1284 3585 1374 3669 fligi-

273 3689 370 3768 ditas,
390 3696 423 3754 et
448 3688 574 3769 similia,
596 3694 678 3774 quae
704 3710 838 3773 aegrum
863 3689 906 3752 in'
920 3686 1038 3771 viginti
1061 3694 1199 3771 quatuor
1220 3688 1374 3754 horarum

273 3791 591 3877 spatiointerimuut.
742 3798 745 3802 ’
1392 3822 1396 3829 ’

321 3894 383 3980 [2.]
403 3895 518 3959 Pullus
526 3894 713 3960 teneriorin
723 3893 828 3959 tribus
838 3892 966 3957 circiter
974 3913 1076 3976 aquae
1086 3892 1240 3957 fontanae
1251 3894 1373 3977 congiis
1386 3908 1516 3958 οιιιιιιιο.

273 3998 419 4079 eliretur,
434 4003 474 4063 ut
496 3998 602 4063 carnis
619 4002 766 4082 saporem
780 3997 833 4061 'vix
853 3994 1096 4081 perceptibilem
1110 3994 1217 4079 liquor
1235 3994 1372 4074 referat3

273 4102 370 4185 hujus
385 4102 520 4180 decocti,
538 4102 610 4185 (vel,
622 4102 751 4166 defectu
766 4102 845 4185 ejus,
860 4098 994 4183 liquoris
1009 4097 1179 4182 possetici,)
1194 4098 1373 4182 capaciores

273 4204 395 4286 aliquot
410 4205 543 4288 cyathos
558 4226 654 4288 aeger
666 4205 776 4289 tepide
790 4202 976 4280 exhauriat3
1000 4208 1033 4265 et
1048 4200 1161 4265 eodem
1175 4208 1319 4284 tempore
1334 4222 1373 4265 ex

273 4304 384 4367 eodem
402 4304 527 4389 liquore
542 4315 692 4371 enemata
713 4306 890 4371 successive
910 4303 1096 4388 repetenda.
1143 4300 1324 4366 Haustibus
1338 4310 1372 4367 et

272 4406 463 4491 clysteribus
485 4430 676 4493 syruporum
701 4409 856 4487 lactucae,
876 4406 1042 4484 violarum,
1065 4404 1258 4489 portrslacae,
1277 4426 1371 4485 nym-

271 4508 403 4591 phaeae,
419 4527 570 4575 eorumve
585 4511 730 4596 alicujus,
745 4511 843 4575 uncia
856 4506 994 4574 subinde
1009 4506 1177 4572 admisceri
1191 4507 1317 4591 poterit

320 4613 382 4697 [3.]
408 4614 583 4679 Exantlato
598 4614 660 4680 hoc
674 4614 830 4680 eluvionis
844 4632 955 4699 penso,
975 4610 1072 4696 (quod
1091 4618 1158 4675 tres
1172 4612 1222 4676 vel
1237 4616 1375 4694 quatuor

303 4762 442 4881 ngqiqffi
454 4766 493 4880 gf.
503 4770 561 4883 {bid
573 4768 606 4817 iv.
617 4768 638 4819 7.
654 4771 690 4818 la
879 4776 894 4804 ¹¹
911 4769 979 4817 Inoo
990 4764 1042 4828 ia]
1055 4766 1092 4815 Cf.
1104 4768 1160 4815 ibid.
1170 4765 1200 4814 iv.
1216 4768 1236 4813 l.
1250 4768 1269 4815 l.

793 4919 850 4979 41:
