3825 5759
694 662 955 728 TRAC'PATUS
979 664 1009 727 I.
1338 662 1401 725 415

302 832 342 890 ut
357 825 448 891 dolor
462 846 558 909 quem
573 824 701 904 excitat,
717 824 744 887 si
758 824 807 887 vel
820 824 979 908 tantisper
992 823 1133 903 duraret,
1146 844 1276 888 omnem
1289 823 1404 887 huma·
1426 838 1550 889 Darou·

303 951 382 993 nam
396 928 586 1012 patientiam
602 926 752 1010 dejiceret
767 926 983 1009 vinceretque.
1449 918 1531 952 ΝΜ·

354 1030 436 1114 [11.]
465 1031 543 1093 Post
560 1028 680 1093 multos
700 1028 849 1111 dirosque
866 1028 1026 1092 cruciabis
1044 1035 1077 1092 et
1094 1029 1314 1093 carnificium
1333 1027 1404 1091 diu-
1418 1047 1550 1096 bolotinus

303 1133 493 1209 turniorem,
505 1152 564 1195 ceu
578 1132 696 1215 pignus
707 1130 867 1194 missionis
880 1152 978 1213 quam
994 1153 1081 1195 mors
1092 1133 1161 1215 jam
1175 1132 1211 1195 in
1225 1132 1406 1215 propinquo
1417 1114 1547 1225 {ffl‘eff'

272 1256 277 1273 ¹
305 1243 396 1301 stans
410 1256 486 1299 mox
500 1242 549 1298 est
564 1234 688 1313 datura,
704 1234 886 1318 paroxysmi
904 1234 1134 1317 subsequentes
1152 1256 1286 1318 aegrum
1300 1234 1406 1317 quoad
1418 1241 1563 1303 gatudina,

306 1337 450 1401 dolorem
466 1336 655 1401 clementius
670 1343 822 1415 tractant,
842 1336 991 1417 (Natura,
1005 1337 1123 1419 partim
1137 1336 1178 1399 ab
1193 1358 1290 1401 onere
1304 1343 1406 1399 mate-
1418 1304 1560 1431 miii„

305 1439 373 1503 riae
394 1439 556 1522 peccantis
578 1460 736 1521 oppressa,
757 1439 874 1521 partim
900 1438 941 1502 ob
965 1438 1101 1516 senium,
1121 1438 1257 1503 eandem
1279 1439 1316 1500 in
1338 1458 1406 1501 cor·
1419 1434 1552 1482 etindiaa

305 1541 391 1623 poris
413 1540 632 1605 extremitates
654 1540 777 1625 jugiter
803 1562 840 1603 ac
862 1546 993 1604 smenue
1013 1540 1156 1623 relegare
1177 1562 1245 1603 non
1270 1540 1407 1622 amplius
1419 1499 1555 1625 {iffirq

305 1644 455 1725 valente)
473 1651 506 1707 at
520 1644 590 1707 loco
605 1642 722 1707 doloris
737 1643 893 1721 consueti,
906 1642 1074 1725 aegritudo
1090 1642 1247 1725 quaedam
1262 1663 1337 1705 cum
1352 1641 1407 1704 do-
1420 1626 1562 1675 succedunt„

306 1746 375 1810 lore
392 1746 522 1824 ventris,
537 1746 692 1809 lassitudo
710 1752 897 1829 spontanea,
913 1745 1106 1828 quandoque
1123 1745 1220 1808 etiam
1238 1744 1409 1828 propensio

307 1848 350 1912 ad
361 1848 571 1928 diarrhoeam,
583 1849 823 1933 superveniunt.
849 1848 940 1912 Haec
955 1854 1181 1932 symptomata,
1193 1847 1273 1911 dum
1287 1848 1407 1930 vigent,

307 1957 438 2015 artuum
467 1950 609 2014 dolorem
634 1950 772 2029 leniunt,
802 1972 884 2033 qnae
912 1951 1034 2034 pariter
1058 1956 1254 2013 evanescunt
1284 1948 1408 2031 quoties

308 2052 456 2116 articulos
469 2052 558 2117 dolor
568 2054 701 2134 fatigat:
718 2060 814 2136 atque
823 2054 870 2116 ita
880 2074 969 2117 nunc
980 2052 1098 2131 dolore,
1108 2073 1197 2115 nunc
1206 2051 1409 2134 aegritudine

308 2154 400 2237 quasi
415 2154 598 2218 alternatim
617 2156 803 2233 lacessente,
819 2176 1029 2239 paroxysmus
1045 2154 1159 2237 longas
1173 2174 1280 2217 moras
1294 2152 1407 2216 nectit.

308 2256 639 2321 Animadvertendum
659 2264 708 2321 est
728 2258 825 2337 enim,
842 2257 937 2341 quod,
957 2256 1016 2320 nbi
1031 2257 1102 2339 quis
1116 2256 1159 2319 ad
1172 2256 1292 2319 multos
1307 2276 1409 2319 annos
1422 2263 1454 2311 111
1465 2264 1544 2341 rpra-

309 2358 456 2443 roraga
475 2359 674 2439 laboraverit,
691 2360 781 2425 dolor
800 2360 935 2444 singulis
954 2359 1152 2444 paroxysmis
1172 2358 1332 2441 garram
1348 2358 1409 2421 im-
1421 2330 1563 2441 ξξξὲξῗ·

309 2463 476 2541 minuitur,
507 2464 703 2545 tandemque
739 2462 941 2544 aegritudine
972 2460 1080 2544 potius
1112 2460 1284 2525 conficitur
1312 2480 1409 2542 quam
1421 2458 1544 2533 garunna

309 2564 418 2629 dolore
426 2591 435 2642 ;
460 2586 555 2648 quem
571 2564 658 2629 enim
677 2564 713 2627 in
731 2564 782 2627 his
804 2564 927 2646 patitur
950 2563 1049 2639 dolor,
1065 2562 1242 2644 quamlibet
1256 2561 1321 2623 sint
1336 2581 1408 2643 pro·
1421 2528 1550 2646 {illisa

309 2666 479 2744 doctiores,
494 2667 546 2729 vix
561 2666 602 2730 ad
617 2666 774 2729 decimam
794 2672 918 2747 partem
934 2665 1004 2747 ejus
1023 2664 1163 2746 assurgit
1178 2661 1295 2727 doloris
1313 2683 1409 2744 quem
1420 2648 1553 2775 ffiffl·

309 2771 377 2855 pati
397 2771 519 2835 solebat
539 2790 613 2833 cum
633 2769 753 2833 viribus
774 2776 857 2833 essct
876 2769 980 2851 magis
999 2768 1145 2850 integris.
1189 2766 1409 2830 Nihilominus
1420 2791 1545 2839 oxysmua

309 2874 389 2938 haec
403 2874 472 2956 ipsa
482 2872 586 2937 morbi
600 2872 807 2935 inclementia
817 2871 1014 2954 pensabatur
1027 2870 1252 2953 utplurimum
1265 2870 1409 2951 longiore
1421 2840 1562 2953 dirigui&

308 2974 547 3057 intercapedine
574 2994 654 3056 quae
683 2994 888 3056 paroxysmos
913 2971 1144 3049 intercedebat,
1166 2977 1240 3034 tum
1271 2970 1410 3035 sanitate
1421 2975 1458 3015 ⁰⁸t
1469 2968 1544 3045 delon

310 3098 374 3160 qua
388 3077 511 3140 interea
534 3076 610 3139 satis
632 3075 801 3139 commoda
814 3074 985 3138 utebatur:
1008 3094 1148 3157 namque
1162 3073 1224 3137 hoc
1242 3072 1278 3137 in
1297 3072 1410 3137 morbo
1421 3040 1552 3159 wilfi.

311 3179 402 3242 dolor
421 3178 656 3242 amarissimum
679 3182 728 3242 est
748 3178 895 3241 Naturae
916 3176 1135 3260 pharmacum,
1155 3176 1211 3259 qui
1232 3196 1296 3258 quo
1314 3174 1408 3238 rehe·
1421 3160 1554 3287 2233·

310 3281 450 3345 mentior
464 3288 523 3359 est,
539 3302 577 3345 eo
592 3281 686 3344 citius
701 3280 946 3364 praeterlabitur
965 3300 1183 3363 paroxysmus,
1206 3286 1303 3361 atque
1319 3278 1408 3341 insu·
1420 3296 1445 3337 et
1455 3290 1547 3340 uuum

311 3404 368 3467 per
382 3391 415 3447 a
429 3384 555 3467 longior
569 3384 630 3447 eat
645 3382 838 3446 intermissio
853 3390 885 3446 a
900 3383 1003 3465 mags
1017 3382 1168 3465 affata,
1179 3390 1213 3445 a
1227 3382 1294 3445 aa
1308 3402 1408 3445 vena
1420 3354 1560 3469 ζξξζξζζ,ι

360 3487 441 3570 [la]
473 3488 589 3569 Neque
617 3480 728 3550 tamen
758 3486 857 3564 dolor,
883 3486 1084 3564 claudicatio,
1110 3492 1207 3569 atque
1236 3484 1410 3569 impeditus

311 3588 451 3670 partium
481 3590 667 3652 effectarum
696 3595 813 3667 motrrs,
837 3588 1015 3670 aegritudo,
1041 3588 1167 3670 aliaque
1195 3594 1412 3672 symptomata

307 3690 376 3772 jam
394 3689 561 3773 descripta,
584 3691 717 3774 hujusce
742 3690 846 3754 morbi
871 3690 1072 3777 tragoediam
1095 3690 1282 3754 absolvunt:
1305 3690 1410 3754 calcu·

310 3792 379 3855 lum
393 3791 526 3875 insuper
540 3812 655 3857 renum
676 3793 712 3855 in
734 3814 831 3876 quam
846 3792 992 3875 plurimis
1012 3794 1098 3876 parit
1112 3793 1165 3857 hic
1179 3794 1323 3871 affectus,
1338 3798 1409 3856 tum
1423 3806 1554 3858 caculam

311 3915 350 3959 ex
365 3916 403 3961 eo
418 3894 504 3977 quod
519 3916 613 3977 aeger
628 3895 684 3958 diu
703 3896 838 3979 supinus
852 3896 1030 3974 recumbat,
1048 3904 1121 3960 tum
1139 3896 1238 3960 etiam
1259 3894 1344 3979 quod
1364 3896 1409 3959 fe·
1421 3886 1553 4001 {pffllff

309 3995 435 4059 riantur
458 4018 580 4079 organa
609 3999 779 4061 secretoria
808 4020 828 4062 a
853 3999 970 4063 debitis
999 3999 1061 4062 sibi
1088 3998 1320 4075 functionibus,
1343 3998 1545 4077 avertens*

311 4097 409 4161 etiam
430 4099 516 4181 quod
536 4098 676 4163 calculus
698 4100 841 4183 ejusdem
861 4100 1016 4163 materiae
1034 4100 1218 4164 morbificae
1237 4100 1273 4163 in
1293 4120 1411 4181 genere
1422 4074 1465 4121 ¹¹⁸⁵

311 4200 417 4283 portio
442 4202 600 4283 quaedam
622 4202 683 4279 sit;
705 4224 801 4285 quam
825 4222 885 4283 ego
906 4202 999 4265 litem
1018 4222 1086 4264 non
1108 4200 1258 4283 dijudico.
1304 4198 1411 4263 Quae·

312 4322 440 4385 ermque
454 4324 529 4367 vero
544 4303 586 4367 sit
597 4303 694 4387 hujus
709 4304 785 4367 mali
801 4304 899 4383 origo,
912 4324 1149 4386 nonnunquam
1164 4303 1252 4384 aegri
1266 4301 1412 4366 animum

311 4404 525 4469 moestissima
543 4405 720 4489 interpellit
741 4404 980 4487 contemplatio,
999 4403 1183 4467 calculusne
1202 4425 1245 4467 an
1265 4402 1413 4485 Podagra
1425 4423 1466 4485 qui
1478 4424 1524 4471 sri-

313 4608 471 4673 urinarios
491 4608 527 4673 in
541 4610 679 4675 vesicam
697 4607 871 4674 transitum
891 4606 1080 4690 impediens,
1096 4628 1229 4689 aegrum
1248 4606 1287 4673 de
1305 4609 1411 4675 medio
1422 4617 1550 4729 meos,

313 4711 407 4789 tollit,
423 4711 529 4777 lentas
543 4712 709 4795 Podagrae
724 4732 829 4775 moras
843 4710 931 4775 haud
946 4709 1084 4791 amplius
1098 4718 1331 4793 expectantem,
1423 4760 1549 4807 aegrum

363 4812 446 4896 [la]
474 4813 546 4877 Nec
563 4814 641 4879 satis
661 4820 710 4879 est
726 4834 858 4895 aegrum
873 4814 919 4878 ita
937 4811 1061 4877 miseris
1079 4813 1182 4877 modis
1202 4814 1359 4894 dilaniari,
1374 4823 1413 4880 nt
1424 4810 1504 4921 fftedio
1518 4809 1565 4857 tor·
