3825 5759
538 577 837 644 DISSERTATIO
859 580 1168 648 EPISTOLARIS.
1338 588 1403 652 373

184 778 187 803 ;
268 734 489 821 quotidiana
498 738 601 817 docet,
612 739 730 804 sedicet
742 742 981 823 quantumlibet
989 744 1147 828 ejusmodi
1158 744 1224 809 sive
1234 745 1400 827 foeminas,
1429 768 1477 816 ne·
1486 768 1536 816 Aa.

184 872 187 909 ι
270 842 359 906 sive
372 843 525 922 infantes,
535 843 652 907 iterata
662 842 801 907 catharsi
816 844 1066 926 exhauserim,
1077 854 1223 912 attamen
1234 849 1320 913 color
1330 850 1400 934 jam
1413 832 1552 945 ffiffi'

184 976 191 1015 =.
272 950 406 1013 dictus
428 950 463 1013 in
486 949 532 1013 eis
551 970 633 1033 quae
653 948 702 1013 rel
723 950 781 1033 per
800 951 967 1029 vomitum,
982 952 1032 1016 vel
1055 974 1113 1037 per
1133 953 1252 1033 sedem,
1269 961 1398 1035 exeunt,
1414 960 1550 974 ““’“““

186 1114 190 1119 .
273 1073 402 1134 usque
420 1050 551 1115 visetnr.
598 1050 687 1117 Quin
702 1052 799 1115 etiam
815 1074 835 1115 a
847 1053 1027 1136 pharmacis
1048 1062 1116 1118 tam
1136 1056 1279 1121 emeticis
1302 1078 1398 1141 quam

277 1154 483 1218 catharticis
511 1154 712 1237 frequentius
740 1154 918 1239 propinatis
946 1156 1076 1220 uberior
1106 1159 1261 1223 materiae
1289 1159 1398 1225 viridis

278 1256 445 1320 nascitur
459 1256 559 1339 seges,
575 1278 649 1321 cum
668 1256 709 1321 ab
723 1264 861 1341 utroque
879 1278 997 1341 genere
1011 1259 1183 1342 spirituum
1193 1259 1313 1343 ἀταξία
1325 1284 1398 1347 pro·

278 1357 453 1437 vehatur3
477 1360 558 1441 quae
572 1360 622 1422 vel
642 1358 747 1423 nescio
763 1360 922 1443 quomodo
944 1360 1079 1424 istarum
1097 1364 1239 1445 partium
1259 1364 1397 1430 fermen-

278 1466 368 1523 tum
386 1460 523 1524 dcstruit
543 1482 580 1524 ac
599 1461 762 1545 pervertit,
778 1462 829 1527 vel
847 1462 883 1527 in
897 1463 1114 1527 ventriculum
1134 1465 1353 1549 intestinaque
1366 1469 1398 1531 vi

184 1604 185 1641 ι
280 1583 499 1644 spasmorum
525 1584 657 1627 succum
683 1564 822 1647 aliquem
853 1566 976 1631 alienae
1000 1566 1120 1631 indolis
1143 1568 1318 1651 intorquet,
1342 1570 1398 1653 qui

184 1710 190 1747 ἱ
279 1665 449 1729 humores
464 1666 623 1750 ejusmodi
637 1667 793 1731 coloribus
812 1668 943 1733 inficere
957 1670 1042 1753 potis
1057 1678 1115 1734 est.
1161 1670 1315 1755 Chymiae
1330 1692 1398 1737 seo-

184 1816 185 1819 *
281 1778 416 1835 tatores
431 1772 516 1854 (licet
528 1772 674 1837 nondum
689 1774 736 1837 ita
750 1773 834 1838 bene
845 1794 918 1838 cum
933 1774 998 1838 illis
1013 1774 1065 1852 sit,
1080 1782 1119 1839 ut
1134 1775 1259 1859 quaein
1268 1776 1398 1859 organis

184 1920 187 1957 3
282 1874 360 1937 suis
376 1872 586 1961 πολυτέχνοις
599 1875 835 1941 medicamenta
849 1876 1092 1956 elaboraverint,
1106 1879 1211 1963 majus
1226 1878 1396 1961 aliquidin

184 2026 185 2035 ,
282 1976 416 2040 morbis
442 1976 640 2042 debellandis
661 1986 836 2061 praestent,
859 2000 956 2062 quam
983 2000 1065 2062 quae
1090 1980 1338 2045 contunduntur
1361 1982 1398 2045 in

283 2079 457 2158 mortario,
480 2080 530 2144 vel
552 2080 587 2143 in
609 2080 673 2145 olla
697 2080 943 2165 decoquuntur,)
965 2090 1077 2145 tamen
1097 2082 1296 2148 curiosorum
1309 2108 1397 2171 περι-

285 2178 388 2267 εργίᾳ
402 2180 556 2266 eousque
571 2182 742 2266 gratificari
757 2190 888 2263 norunt,
898 2192 947 2263 ut,
964 2184 1044 2248 duos
1058 2185 1197 2269 liquores
1208 2208 1309 2271 aeque
1323 2187 1395 2251 lim·

284 2284 386 2368 pidos
416 2284 580 2369 clarosque
605 2286 823 2366 ostendentes,
848 2308 888 2351 ex
912 2287 1028 2351 iisdem
1056 2288 1193 2353 invicem
1218 2290 1395 2353 commistis

287 2392 476 2451 saturatum
491 2388 629 2452 colorem
646 2388 797 2472 aliquem,
814 2389 905 2473 quasi
923 2390 1180 2473 praestigiantes,
1194 2392 1318 2474 possint
1340 2412 1394 2455 ex-

287 2489 424 2553 hibere:
448 2496 481 2553 et
496 2490 638 2573 profecto
652 2490 698 2555 ita
716 2491 841 2555 lubrica
854 2498 905 2555 est
920 2500 953 2555 et
969 2492 1104 2555 evanida
1117 2493 1261 2556 colorum
1276 2514 1388 2575 specu-

287 2594 383 2673 latio,
398 2602 435 2658 nt
455 2593 539 2657 nihil
554 2594 634 2657 certi
649 2614 688 2655 ex
702 2594 765 2656 illis
784 2594 824 2658 de
847 2614 1027 2675 corporum,
1042 2594 1079 2657 in
1100 2594 1217 2677 quibus
1232 2604 1396 2678 apparent,

288 2702 412 2759 natura
436 2702 533 2777 queat
557 2694 763 2777 deprehendi.
808 2694 926 2777 Neque
945 2695 1049 2777 magis
1072 2696 1226 2779 sequitur,
1250 2718 1289 2760 ea
1313 2718 1397 2779 quae

291 2800 401 2863 colore
415 2797 508 2861 viridi
531 2806 617 2875 aunt,
636 2796 721 2860 acria
742 2817 810 2861 esse
832 2796 951 2874 omnia,
973 2818 1069 2879 quam
1085 2797 1195 2861 omnia
1216 2818 1298 2880 quac
1320 2806 1397 2862 sunt

292 2898 390 2977 acria,
406 2898 500 2961 viridi
519 2918 588 2963 esse
610 2898 724 2962 colore.
771 2899 820 2962 Re
834 2898 943 2980 itaque
966 2898 1110 2981 undique
1131 2919 1298 2982 perpensa,
1318 2900 1396 2963 satis

291 3002 395 3083 liquet
410 2999 553 3063 dolorem
567 2998 846 3079 immanissimum,
859 2999 914 3083 qui
929 3000 991 3064 hac
1001 3000 1110 3065 Colica
1121 3000 1294 3085 Hysterica
1306 3001 1395 3065 labo-

293 3110 403 3168 rantes
417 3124 499 3187 penc
510 3102 682 3181 exanimat,
693 3109 765 3165 tum
780 3102 879 3167 etiam
894 3102 1047 3167 materiae
1058 3102 1166 3166 viridis
1176 3103 1394 3188 rejectionem,
1408 3118 1482 3195 color
1490 3121 1527 3168 vr-

294 3230 317 3271 a
342 3205 514 3289 spiritibus,
537 3204 639 3269 nimio
661 3203 786 3288 sapen
810 3204 846 3269 in
871 3214 979 3289 partes
1002 3205 1063 3270 sua
1088 3206 1192 3271 corus
1216 3183 1500 3272 nmbiou10¹¹l⁸¹¹²

294 3308 412 3394 positas
431 3306 682 3386 incursantibus,
698 3314 796 3393 atque
818 3308 947 3373 easdem
966 3330 1094 3393 spasmo
1116 3311 1393 3392 contrahentibus,
1405 3257 1501 3363 mm

296 3412 426 3477 omnino
440 3410 584 3476 excitari.

346 3524 424 3608 [bh]
453 3524 542 3589 Huic
567 3524 664 3588 etiam
694 3524 866 3607 spirituum
892 3525 1077 3589 enormitati
1105 3526 1317 3590 tribuendum
1345 3529 1536 3609 melasipp-

298 3634 475 3711 symptoma
488 3626 585 3705 istud,
598 3626 685 3710 quod
697 3627 842 3710 superius
858 3627 892 3713 [q
908 3627 977 3711 63.]
997 3630 1085 3692 Clavi
1092 3629 1253 3711 Hysterici
1263 3630 1396 3694 nornine
1407 3601 1527 3723 {51¹¹ssss
1527 3625 1539 3637 ”

298 3730 471 3814 indigitavi,
484 3730 519 3793 in
531 3752 594 3814 quo
607 3730 737 3814 spiritus
746 3730 787 3795 ab
798 3731 888 3795 omni
902 3730 1042 3815 corporis
1057 3731 1182 3795 ambitu
1193 3731 1229 3795 in
1240 3741 1328 3795 certo
1339 3753 1395 3815 pe·

296 3834 421 3897 riuranii
443 3833 534 3916 quasi
554 3834 712 3917 punctulo
734 3842 994 3913 concontrantur,
1014 3835 1157 3898 dolorem
1177 3834 1267 3898 haud
1287 3835 1396 3899 minus

300 3937 576 4021 perterebrantem,
600 3960 697 4022 quam
723 3939 751 4002 si
773 3940 891 4003 clavus·
906 3939 1028 4003 ferreus
1053 3940 1089 4001 in
1111 3945 1207 4022 caput
1228 3938 1261 4000 vi
1286 3940 1394 4022 adige-

302 4048 391 4120 retur,
412 4052 618 4121 accersentes,
639 4065 803 4108 unacum
827 4043 948 4124 insigni
971 4043 1124 4106 materiae
1145 4042 1256 4105 viridis
1277 4044 1393 4106 evomi·

302 4142 390 4206 tione.
436 4143 528 4209 Quae
552 4144 680 4228 quidem
706 4144 879 4227 spirituum
905 4145 945 4208 ab
970 4144 1120 4207 universo
1146 4164 1278 4227 corpore
1303 4144 1395 4227 quasi

303 4246 334 4308 in
347 4253 499 4329 punctum
519 4248 696 4312 contractio
711 4268 778 4311 non
795 4248 936 4311 multum
954 4246 1080 4311 abludit
1095 4246 1136 4308 ab
1154 4246 1218 4309 ista
1230 4246 1394 4309 radiorum

305 4347 369 4412 solis
393 4348 579 4415 collectione
609 4370 691 4433 quae
717 4350 755 4412 fit
778 4370 838 4431 ope
859 4349 935 4412 vitri
963 4348 1154 4425 incensorii;
1179 4354 1282 4431 utque
1307 4348 1342 4410 hi
1363 4349 1395 4411 vi

305 4450 388 4515 nnita
403 4459 553 4530 exurunt,
568 4451 616 4516 ita
632 4458 666 4518 et
683 4450 738 4513 isti
755 4450 796 4513 ob
815 4449 952 4514 eandem
970 4449 1130 4513 rationem
1150 4449 1294 4515 dolorem
1311 4450 1394 4513 infli-

308 4560 387 4635 gunt,
408 4554 612 4619 membranas
642 4551 733 4638 quasi
762 4552 978 4637 discerpentes
1003 4552 1245 4638 lacerantesque
1271 4554 1395 4638 junctis

308 4655 425 4719 viribus.

349 4758 424 4842 [85]
454 4759 579 4823 Deinde
600 4759 718 4824 abhuc
737 4758 919 4823 inordinata
937 4757 1108 4842 spirituum
1128 4760 1304 4843 agitatione
1323 4780 1396 4821 san·
