3825 5759
394 858 436 905 Da
449 858 500 905 Ar-

377 936 449 971 racr.
460 922 516 969 Hr-

382 997 508 1035 ursulus.

376 1084 400 1124 et
412 1078 510 1140 spiritus

376 1142 457 1189 lirmtt
470 1142 506 1189 io·

374 1212 469 1267 vctque,
481 1220 510 1253 sc

375 1270 417 1317 diu
429 1270 493 1317 misl-

373 1340 476 1395 tumque

374 1412 436 1461 equo
447 1398 510 1446 vehi.

531 676 597 739 390
763 723 767 733 .
842 672 1038 737 THOMAE
1062 670 1321 737 SYDENHAM

531 834 566 897 in
588 834 648 899 hac
668 834 885 918 gymnasticae
905 833 1010 917 specie
1031 834 1171 917 impetus
1192 834 1294 898 ferme
1316 835 1421 899 omnis
1435 835 1471 898 in
1485 836 1633 901 ventrem

531 936 794 1015 inferioremfiat,
810 938 923 1019 inquo
944 958 1020 999 vasa
1041 936 1218 1000 excretoria
1237 938 1406 1019 (quotquot
1419 937 1631 1017 faeculentiis,
1753 991 1754 1014 ,

530 1039 565 1102 in
587 1039 752 1122 sanguinis
774 1060 879 1103 massa
901 1037 1148 1117 stabulantibus,
1163 1039 1337 1102 educendis
1359 1062 1380 1103 a
1392 1040 1522 1104 Natura
1537 1041 1630 1106 insti·
1753 1055 1754 1130 ᾗ

528 1142 689 1223 tuantur,)
712 1141 772 1205 sita
793 1141 858 1205 sint
867 1166 876 1219 3
900 1162 983 1223 quae
1004 1147 1099 1205 tanta
1119 1141 1325 1206 fisnctionum
1346 1144 1507 1226 perversio
1530 1144 1630 1209 aliave
1753 1157 1754 1240 l

529 1262 723 1325 organorum
738 1244 894 1309 naturalis
909 1244 1101 1327 impotentia
1121 1244 1171 1308 vel
1192 1232 1273 1328 tingi
1294 1253 1411 1328 potest,
1427 1247 1481 1310 cni
1494 1255 1544 1311 tot
1558 1270 1629 1313 suc-

528 1347 748 1410 cussationum
755 1346 857 1410 millia
867 1346 982 1411 codem
992 1348 1044 1411 die
1054 1348 1267 1431 ingeminata,
1278 1348 1376 1432 idque
1387 1349 1447 1414 sub
1458 1349 1523 1429 dio,
1535 1371 1628 1433 opem

528 1470 595 1513 non
618 1450 812 1514 attulerint?
842 1450 934 1534 cujus
960 1451 1099 1515 calidum
1125 1451 1277 1515 innatum
1299 1473 1401 1536 usque
1423 1452 1503 1516 adeo
1525 1452 1628 1518 defer·

527 1553 644 1633 buerit,
671 1560 707 1617 ut
730 1553 792 1616 hoc
814 1560 906 1617 motu
934 1574 1002 1617 non
1031 1554 1199 1632 excitetur,
1221 1561 1255 1617 et
1285 1554 1392 1618 denuo
1418 1555 1626 1620 effervescat?

527 1680 609 1742 quac
631 1678 705 1722 vero
727 1656 791 1721 sive
819 1657 1102 1739 praeternaturalia
1130 1657 1321 1737 substantia,
1346 1658 1412 1722 sive
1434 1679 1547 1723 succus
1572 1658 1628 1723 de-

411 1812 413 1817 ,
526 1768 686 1845 pravatus,
701 1758 737 1822 in
760 1758 1003 1842 aliquo·barum
1021 1760 1163 1843 partium
1184 1761 1258 1824 sinu
1279 1761 1411 1825 recondi
1432 1768 1549 1845 potest,
1572 1764 1627 1845 qui

526 1882 594 1927 non
619 1862 680 1927 boc
708 1862 847 1944 corporis
871 1861 1022 1926 exercitio
1047 1862 1098 1926 vel
1118 1862 1156 1927 in
1176 1870 1298 1927 statum
1319 1864 1466 1927 Naturae
1491 1884 1627 1929 consen·

526 1972 659 2030 taneum
684 1963 886 2048 perducatur,
916 1966 967 2029 vol
995 1986 1249 2049 quaquaversum
1278 1966 1451 2050 dissipetur
1479 1968 1625 2032 elimine-

527 2070 666 2151 turqne?
706 2067 795 2133 Quid
811 2068 896 2150 quod
911 2070 1041 2152 sanguis
1055 2077 1211 2154 perpetuo
1224 2072 1286 2135 hoc
1299 2078 1391 2135 motu
1405 2070 1627 2136 indesinenter

526 2170 704 2251 exagitatus
727 2188 764 2231 ac
785 2168 959 2251 permistus
981 2171 1072 2254 quasi
1093 2180 1265 2237 renovatur
1278 2194 1317 2237 ac
1330 2173 1488 2257 rigescit?
1534 2174 1626 2241 Quae

525 2272 655 2356 quidem
677 2270 848 2335 methodus
873 2270 949 2336 licet
972 2272 1122 2338 foeminis
1144 2275 1230 2339 vitae
1253 2275 1356 2339 desidi
1381 2284 1478 2360 atque
1501 2276 1624 2341 imbelli

524 2374 658 2439 manetis
681 2374 788 2437 miuus
810 2376 1016 2441 accommoda
1036 2378 1089 2456 sit,
1105 2385 1218 2461 utpote
1237 2400 1320 2462 quae
1335 2400 1354 2442 a
1367 2386 1470 2459 motu,
1485 2380 1625 2444 maxime

522 2478 558 2540 in
572 2476 738 2562 principio,
753 2478 876 2562 possint
891 2479 985 2558 laedi,
999 2480 1075 2544 viris
1096 2488 1208 2545 tamen
1229 2493 1279 2545 est
1301 2482 1475 2565 aptissima,
1491 2491 1525 2547 et
1539 2484 1623 2546 sani·

523 2588 625 2645 tatem
639 2603 716 2665 prae
730 2583 864 2649 caeteris
879 2583 1038 2646 conciliat.

573 2686 665 2769 [117]
692 2687 889 2751 Nostrorum
909 2686 1040 2769 quidem
1059 2686 1095 2749 in
1116 2686 1220 2751 Sacris
1240 2687 1399 2766 Antiates,
1417 2688 1466 2751 vir
1482 2687 1621 2771 pruden-

523 2788 570 2852 tia
592 2796 688 2873 atque
710 2790 891 2855 eruditione
913 2789 1148 2869 celeberrimus,
1168 2798 1339 2873 postquam
1361 2792 1418 2855 din
1438 2791 1550 2854 studiis
1568 2792 1619 2854 in·

386 2924 400 2955 a
440 2940 447 2955 .
523 2893 756 2975 temperantius
781 2893 985 2973 incubuerat,
1009 2914 1184 2976 omnesque
1209 2894 1310 2957 animi
1342 2896 1409 2977 (qui
1429 2914 1621 2978 permagnus

523 2995 553 3059 ei
567 3004 617 3060 est
631 3004 728 3081 atque
742 2998 907 3079 excelsus)
919 3018 1032 3061 nervos
1047 2998 1137 3062 seriis
1148 2996 1396 3079 cogitationibus
1410 2996 1512 3061 nimio
1526 3018 1621 3081 opere

521 3099 717 3178 intenderat,
737 3101 870 3165 tandem
896 3101 930 3162 in
955 3101 1120 3164 Affectum
1141 3098 1469 3184 Hypochondriacnm
1488 3101 1619 3179 incidit3

522 3222 586 3283 quo
601 3202 722 3265 diutins
737 3202 922 3279 lacessente,
938 3202 1048 3264 omnia
1062 3203 1203 3284 corporis
1217 3204 1377 3271 fermenta
1391 3210 1485 3266 erant
1498 3203 1620 3297 vitiata,

521 3307 806 3387 concoctionesque
820 3306 950 3388 penitus
962 3306 1142 3370 subversae.
1187 3308 1501 3373 Medicamentorum
1513 3308 1619 3392 chaly-

520 3408 687 3471 beatorum
710 3407 853 3471 taedium
875 3408 947 3490 plus
967 3410 1066 3472 semel
1085 3408 1289 3474 devoraverat
1298 3437 1308 3488 ;
1332 3432 1430 3493 aquas
1449 3403 1619 3474 minei-ales

519 3510 586 3573 fere
600 3530 720 3586 omnes,
736 3532 811 3573 cum
831 3510 970 3574 catharsi
990 3532 1083 3595 saepe
1097 3513 1244 3597 repetita,
1259 3514 1365 3576 fuerat
1380 3518 1548 3595 expertus3
1571 3514 1619 3575 uti

519 3612 617 3675 etiam
633 3612 881 3677 antiscorbutica
894 3616 1041 3679 omnium
1058 3638 1224 3699 generum,
1239 3617 1448 3701 pulveresque
1462 3623 1619 3680 testaceos

519 3715 784 3798 quamplurimos
804 3718 971 3801 sanguinis
992 3718 1264 3784 edulcorationem
1283 3711 1521 3802 promittentes.
1566 3720 1619 3782 Ita

517 3816 633 3899 partim
649 3818 772 3897 morbo,
789 3822 906 3903 partim
924 3822 1138 3887 medicatione
1156 3843 1214 3906 per
1232 3830 1283 3887 tot
1298 3843 1400 3886 annos
1419 3823 1616 3900 continuata,

516 3924 646 3983 tantum
674 3940 741 3984 non
767 3921 897 4001 fracbm,
921 3923 1088 3989 diarrhoea
1117 3925 1321 4008 colliqnativa
1348 3925 1443 4007 (quae
1469 3924 1505 3987 in
1530 3924 1615 4002 tabe,

516 4020 649 4105 aliisque
678 4024 798 4088 morbis
827 4026 997 4106 chronicis,
1028 4027 1085 4092 ubi
1113 4050 1225 4092 omnes
1259 4028 1391 4092 omnino
1421 4026 1617 4110 digestiones

516 4134 593 4191 sunt
607 4134 794 4211 prostratae,
811 4138 948 4195 mortem
964 4132 1087 4195 anteire
1102 4132 1204 4213 solet)
1222 4131 1353 4195 demum
1372 4131 1614 4213 corripiebatur.

517 4232 583 4297 Ubi
597 4252 650 4296 me
660 4232 793 4297 taudem
807 4235 997 4312 consideret,
1010 4234 1120 4299 statim
1135 4256 1263 4298 mecum
1273 4234 1423 4318 reputavi
1433 4233 1615 4316 pharmacis

513 4336 640 4398 nullum
656 4336 792 4419 amplius
812 4336 919 4400 locum
933 4336 1080 4419 relinqui,
1096 4358 1171 4399 cum
1188 4344 1239 4400 tot
1253 4344 1411 4419 tantaque
1429 4336 1521 4399 nullo
1539 4356 1615 4399 cum

512 4438 622 4501 fructu
637 4440 705 4522 jam
721 4438 942 4521 deglutiverat.
990 4438 1171 4502 Suadebam
1186 4438 1296 4522 itaque
1313 4438 1366 4519 (ob
1387 4458 1498 4503 causas
1518 4457 1616 4521 supra

512 4542 726 4622 memoratas)
744 4541 906 4604 utstatim
927 4560 961 4603 se
976 4561 1058 4624 equo
1078 4540 1260 4604 vehendum
1283 4540 1529 4623 curandumque
1547 4547 1613 4602 tra-

512 4638 619 4717 deret;
653 4640 777 4705 modico
801 4643 941 4725 primum
965 4642 1089 4720 itinere,
1111 4642 1204 4724 quale
1227 4643 1310 4705 ferre
1336 4643 1437 4725 possit
1464 4639 1613 4704 valetudo

509 4742 556 4804 its
576 4743 713 4819 infirma,
734 4752 781 4820 nt,
802 4746 864 4807 nisi
887 4744 1008 4827 judicio
1030 4744 1180 4808 valuisset
1203 4766 1312 4809 rerum
1338 4744 1493 4808 interiora
1517 4744 1612 4806 altius

510 4852 707 4925 pesmtrante,
727 4866 786 4907 nec
809 4847 849 4909 ad
875 4845 1069 4909 tentandum
1090 4847 1220 4929 quidem
1242 4848 1323 4912 illud
1343 4847 1485 4911 exercitii
1507 4866 1611 4928 genus
