3825 5759
480 652 878 720 OBSERVATIONUM
900 654 1186 721 MEDICARUM
1208 664 1232 718 1.
1250 670 1276 717 5.
1382 660 1421 722 71

313 820 457 893 retusus,
474 814 539 879 sive
553 814 796 897 refrigeratione
810 815 998 894 intensiore,
1013 816 1079 881 sive
1093 818 1192 881 etiam
1206 817 1421 882 evacuatioui·
1452 840 1557 891 erasas

314 916 379 980 bus
402 923 531 999 praeter
544 916 679 980 modum
701 917 828 981 effluis:
851 917 888 979 in
901 916 964 981 hoc
977 938 1053 982 sero
1072 939 1159 997 casu,
1175 940 1250 983 cum
1269 940 1420 1004 paroxyt·
1433 904 1573 1019 ssffl,

314 1038 391 1081 mus
407 1016 604 1081 adventitius
617 1018 806 1100 primarium
825 1018 1017 1101 insequitur,
1032 1021 1144 1084 mitius
1158 1020 1299 1105 insuper,
1314 1043 1420 1105 neque
1452 1033 1555 1082 ’fil-‘oa

315 1120 365 1183 ita
385 1140 516 1202 prorsus
538 1119 596 1183 diu
621 1125 718 1202 atque
742 1120 824 1183 alter
849 1141 983 1203 aegrum
1005 1122 1128 1204 affligit.
1173 1124 1216 1186 In
1239 1123 1345 1206 priore
1369 1093 1575 1226 ἱιι-ῗῑῆῦῖὲῐ·

317 1222 441 1286 stantia
464 1221 620 1285 materiae
645 1223 865 1305 turgescentia
891 1223 956 1287 sive
980 1220 1143 1310 ὀργασμός
1167 1226 1293 1289 tardius
1315 1190 1563 1305 rever-waldi

315 1332 443 1389 tentem
455 1332 507 1389 eta
518 1323 580 1387 sibi
595 1323 737 1389 debitam
748 1325 917 1409 periodum
928 1346 1133 1409 nequaquam
1143 1330 1368 1410 praestolatur,
1381 1350 1420 1393 ac
1431 1307 1573 1421 ξῇζξῖοξζ·

314 1426 453 1510 proinde
467 1426 633 1509 aliquanto
644 1428 879 1511 praematurius
888 1427 1133 1511 despumatione
1144 1451 1204 1493 sua
1214 1430 1417 1515 defungitur:
1430 1434 1477 1483 hoc
1488 1407 1548 1485 sisu

314 1528 353 1592 in
367 1529 543 1612 posteriore
563 1534 683 1607 autem,
698 1550 774 1593 cum
790 1530 920 1612 sanguis
935 1551 1005 1593 nou
1020 1530 1090 1612 jam
1104 1550 1143 1593 ea
1156 1531 1188 1593 vi
1201 1532 1321 1614 polleat
1336 1552 1418 1615 quae
1429 1514 1548 1613 ,lffil'

313 1630 472 1694 materr'ae
486 1630 606 1694 Febrili
619 1652 687 1694 uno
700 1630 825 1714 impetu
840 1630 1050 1695 excutiendae
1064 1630 1211 1709 sufficiat,
1226 1652 1303 1695 mox
1317 1633 1417 1696 alium
1429 1629 1546 1705 ΨΜ

314 1732 358 1796 de
372 1752 456 1797 novo
470 1754 698 1817 paroxysmum
713 1732 891 1811 substituit,
908 1754 973 1815 quo
987 1732 1221 1815 ejus·reliquias
1236 1753 1254 1796 e
1269 1733 1343 1796 sinu
1357 1754 1416 1797 suo
1427 1704 1572 1818 pmll'ffli}

314 1834 475 1899 extrubet.
521 1834 705 1901 Quinimoe
721 1835 845 1899 duabus
860 1835 947 1899 hisce
959 1835 1063 1899 camis
1078 1833 1141 1898 sibi
1153 1835 1291 1899 invicem
1305 1834 1415 1898 adver·
1427 1818 1568 1937 ffljeffiff

313 1936 463 2001 sentibus
484 1936 567 2001 forte
591 1937 689 2001 etiam
711 1936 831 2021 pendet
849 1944 919 2001 tam
939 1957 1206 2020 paroxysmorum
1226 1936 1415 2020 anticipatio
1429 1958 1565 2025 ueraque

312 2040 351 2102 in
365 2038 468 2103 Febre
483 2038 728 2103 Intermittente
742 2038 903 2102 ordinaria
914 2045 1011 2121 atque
1025 2039 1176 2121 regulari,
1185 2060 1283 2123 quam
1298 2058 1414 2103 eorun-
1427 2026 1560 2139 prrsndi

313 2139 390 2204 dem
411 2140 534 2204 tardior
555 2140 712 2218 accessio;
735 2160 872 2226 quarum
892 2146 1030 2223 utraque
1051 2141 1088 2203 in
1109 2141 1160 2203 his
1174 2140 1331 2205 Febribus
1351 2140 1415 2204 fre-

313 2249 453 2326 quenter
481 2242 629 2320 occurrit,
659 2250 756 2325 quae‘
778 2239 976 2329 νυχθήμερον
1005 2263 1102 2307 omne
1130 2250 1335 2326 percurrunt,
1364 2243 1416 2307 rel

312 2344 446 2407 solitum
466 2343 650 2428 paroxysmi
670 2350 799 2427 tempus
822 2343 1046 2427 anticipantes,
1068 2345 1119 2409 vel
1141 2365 1179 2409 eo
1201 2346 1303 2409 serius
1325 2364 1414 2409 acoe-

314 2445 440 2511 dentes.

363 2548 424 2631 [8.]
452 2547 605 2613 Febrium
622 2554 732 2613 autem
747 2548 1042 2613 Intermittentium
1057 2549 1214 2633 quaedam
1228 2547 1311 2614 veris
1325 2554 1412 2627 sunt,
1428 2572 1515 2621 ream
1523 2573 1567 2621 111-

314 2650 472 2733 quaedam
498 2650 665 2715 autumni:
697 2652 840 2733 quamvis
866 2652 954 2715 enim
979 2653 1015 2715 in
1040 2652 1287 2734 tempestatibus
1312 2651 1412 2713 inter-
1425 2700 1568 2748 ,avem-

313 2752 429 2815 mediis
443 2752 620 2816 nonnullae
638 2750 827 2816 oboriantur
834 2777 845 2831 5
869 2753 1022 2835 quoniam
1036 2759 1148 2816 tamen
1166 2753 1241 2815 illae
1256 2759 1289 2815 et
1303 2751 1411 2814 minus
1424 2762 1464 2875 leq
1471 2770 1539 2875 qum,

1425 2841 1455 2874 ve
1496 2843 1525 2875 u·
1606 2844 1616 2861 '

313 2852 499 2939 frequentes
514 2860 601 2932 sunt,
613 2860 647 2917 et
662 2854 703 2917 ad
717 2854 896 2936 praedictas
910 2853 1021 2917 reduci
1035 2859 1180 2935 possunt,
1199 2852 1281 2934 (illas
1295 2871 1413 2934 nempe
1426 2891 1563 2944 manate„

316 2954 434 3039 quibus
462 2955 566 3038 magis
592 2956 872 3038 appropinquant)
897 2954 1016 3017 idcirco
1042 2962 1170 3017 omnes·
1201 2951 1262 3015 sub
1287 2950 1413 3015 duobus

312 3056 402 3121 hisce
416 3056 598 3140 generibus,
620 3058 802 3120 Verawlibua
816 3075 942 3139 nempe,
955 3061 1052 3137 atque
1065 3053 1315 3130 Aetamaolibua,
1327 3072 1413 3115 com-

311 3158 444 3241 plectar.
489 3158 661 3241 'sempera‘
676 3158 717 3222 ad
732 3178 813 3241 quae
834 3156 1072 3241 particulariter
1085 3153 1128 3224 ὥς
1144 3152 1199 3218 ἐπὶ
1212 3152 1249 3218 τὸ
1263 3152 1351 3218 πολύ
1363 3174 1413 3219 re·

313 3260 474 3338 sensnum,
490 3280 617 3323 menses
632 3267 710 3323 sunt
725 3260 900 3338 Februarii,
917 3264 1014 3341 atque
1029 3257 1171 3340 Augusti
1179 3283 1189 3335 3
1211 3256 1288 3321 licet
1311 3276 1412 3339 quan·

314 3360 419 3444 doque
433 3362 591 3425 maturius
606 3360 770 3439 invadant,
786 3361 910 3425 tardius
925 3361 1024 3424 etiam
1038 3380 1275 3442 nonnunquam
1283 3384 1293 3437 ;
1316 3367 1413 3442 prout

313 3462 435 3527 scilicet
457 3464 595 3542 uberior,
615 3462 778 3547 parciorve
799 3464 835 3527 in
856 3468 932 3527 edre
956 3468 1128 3546 apparatus
1148 3461 1199 3524 vel
1220 3461 1263 3525 ad
1285 3460 1414 3525 easdem

311 3564 534 3648 producendas
553 3564 641 3643 facit,
656 3565 707 3629 vel
726 3564 833 3642 officit,
849 3571 882 3627 et
900 3585 940 3628 ex
961 3562 1172 3647 consequenti
1188 3562 1292 3645 magis
1314 3563 1414 3627 etiam

311 3666 459 3731 minusve
474 3667 649 3751 epidemioe
664 3666 911 3749 depraedantur.
942 3666 1044 3750 Cujus
1052 3666 1100 3729 rei
1115 3666 1298 3749 exemplum
1313 3664 1412 3729 habe-

313 3790 386 3833 mus
397 3768 475 3833 satis
490 3769 619 3833 obvium
630 3768 666 3832 in
681 3768 837 3832 Febribus
849 3767 1148 3832 Intermittentibus
1159 3766 1413 3831 Autumnalibus

312 3870 392 3935 anni
414 3872 510 3951 1661,
533 3892 597 3955 quo
622 3892 708 3936 anno
731 3870 866 3934 memini
891 3870 1067 3934 foeminam
1088 3870 1252 3953 quandam
1279 3867 1412 3931 aedibus

311 3973 393 4037 meis
407 3973 546 4037 vicinam
564 3974 668 4057 primo
688 3973 874 4039 Quartanae
895 3992 972 4035 suae
993 3991 1193 4055 paroxysmo,
1207 3970 1277 4052 ipso
1292 3969 1413 4033 scilicet

313 4074 473 4140 Johanuis
495 4075 579 4139 festo
604 4082 785 4158 correptam
810 4074 937 4137 ausser.
982 4073 1027 4136 Et
1050 4072 1229 4154 complures
1252 4068 1307 4133 alii
1329 4070 1413 4133 circa

310 4175 398 4241 idem
412 4184 541 4262 tempus
555 4184 797 4261 praematurum
811 4174 969 4239 Febribus
983 4174 1047 4237 illis
1061 4172 1200 4253 correpti
1213 4171 1314 4246 firere,
1331 4189 1412 4251 quae

311 4280 518 4363 postmodum
533 4280 613 4345 adeo
632 4279 827 4362 epidemicae
842 4281 1012 4342 evaserunt
1020 4301 1030 4352 ς
1054 4272 1140 4357 quod
1155 4275 1348 4353 argumento
1363 4276 1412 4333 est

311 4403 469 4465 magnum
490 4390 562 4447 tum
580 4383 679 4447 fuisse
700 4382 736 4445 in
753 4382 817 4444 ista
836 4400 917 4462 quae
935 4386 1015 4441 tunc
1037 4373 1205 4439 obtinebat
1225 4370 1308 4436 adria
1329 4376 1411 4434 tem-

311 4485 400 4570 perie
422 4486 463 4551 ad
488 4486 566 4549 istos
588 4483 718 4548 morbos
741 4489 940 4566 apparatum,
964 4479 1021 4562 qui
1044 4478 1193 4560 deinceps
1218 4472 1412 4560 procedente

313 4608 400 4651 anno
414 4588 593 4669 stipatiores
609 4584 848 4667 grassabantur.

345 4702 356 4733 ἢ
372 4694 411 4757 et]
424 4710 470 4743 om.
482 4696 519 4743 ed.
532 4694 579 4745 ’76.
917 4694 925 4721 ⁸
943 4692 1053 4751 Tempora
1074 4688 1128 4753 dfe]
1150 4689 1255 4752 Reliqua
1276 4689 1364 4736 desunt
1385 4686 1412 4732 in

346 4765 356 4787 ¹
372 4758 444 4821 qaae]
456 4759 541 4821 etjam
554 4762 640 4807 dictam
651 4758 705 4805 add.
720 4760 757 4807 ed
770 4760 818 4809 ⁹76.
886 4756 938 4803 edd.
951 4755 999 4813 '66,
1012 4756 1059 4802 ’68.
1072 4768 1152 4816 usque
1162 4755 1193 4801 sd
1202 4755 1377 4816 grantanter.

348 4822 460 4886 'camd
472 4826 526 4871 ilias
534 4820 670 4871 mesedd.
682 4824 729 4879 ¹66,
741 4825 790 4871 ’68.
920 4826 932 4848 ¹¹
953 4819 991 4868 Cf.
1002 4834 1056 4881 sup.
1068 4834 1092 4881 p.
1104 4818 1143 4867 67.

1426 2638 1562 2686 termitten·
1660 2690 1664 2695 ,
