3825 5759
523 660 590 725 416
830 661 1026 727 ΤΗΟΜΑΕ
1050 660 1310 726 SYDENHAM

376 836 419 885 ns
432 838 501 887 roa·
523 844 583 887 nec
605 822 655 885 sui
677 824 746 907 jam
771 822 870 887 firerit
895 845 1037 908 compos,
1059 824 1183 888 abenae
1207 824 1277 907 opis
1301 843 1431 907 prorsus
1455 820 1653 906 indigens;

373 976 395 983 ,Α
425 976 504 983 ,ὴ-
457 920 580 989 sed
598 934 631 989 et
645 925 698 989 hic
717 924 841 989 accedit
856 926 1058 991 miseriarum
1077 926 1237 1005 cumulus,
1253 926 1341 1009 quod
1354 926 1495 989 durante
1513 947 1650 1009 parox-

522 1048 614 1113 ysmo
629 1028 756 1093 animus
775 1028 874 1093 etiam
892 1030 964 1112 (ceu
983 1029 1134 1112 contagio
1152 1029 1302 1111 afflatus)
1322 1048 1362 1092 eo
1380 1048 1483 1113 usque
1503 1028 1649 1111 corpon'

522 1130 728 1213 compatitur,
739 1138 778 1195 ut
792 1130 881 1195 haud
895 1132 989 1195 facile
1004 1133 1046 1196 sit
1061 1131 1153 1196 dictu
1165 1138 1242 1195 utro
1255 1132 1372 1196 horum
1387 1152 1483 1214 aeger
1496 1131 1646 1195 anami-

522 1233 624 1297 tosius
640 1230 758 1297 doleat.
801 1233 880 1297 Non
895 1234 983 1297 enim
996 1233 1115 1297 rectius
1129 1234 1307 1315 Poduproe,
1323 1254 1420 1317 quam
1434 1234 1644 1310 iracundiae,

522 1356 731 1420 paroxysmus
747 1336 852 1399 omnis
867 1336 931 1399 dici
950 1342 1068 1419 potest,
1084 1356 1159 1399 cum
1173 1356 1266 1400 mens
1284 1342 1318 1400 et
1331 1337 1416 1400 ratio
1428 1336 1643 1418 usqueadeo

369 1450 446 1500 Anim
412 1467 478 1500 ιιιιιιι
524 1438 565 1503 ab
585 1438 749 1503 infirmato
714 1446 901 1523 tcorpore
921 1446 1125 1517 enerventur,
1144 1446 1184 1502 ut
1202 1439 1253 1503 vel
1272 1438 1432 1503 levissimo
1451 1439 1642 1502 effecturum
1735 1493 1736 1524 p

368 1532 488 1645 {2355
523 1548 618 1606 motu
641 1542 852 1658 impellantur
877 1548 911 1606 et
935 1542 1106 1606 vacillent:
1136 1542 1225 1607 unde
1249 1564 1318 1606 non
1342 1542 1446 1626 magis
1470 1542 1541 1626 ipse
1569 1544 1639 1607 sibi

370 1652 418 1704 ²¹¹¹
430 1648 495 1695 ¹¹⁰⁶
524 1666 622 1729 quam
643 1646 713 1709 aliis
733 1644 837 1729 gravis
858 1650 917 1709 est.
963 1644 1052 1709 Quid
1069 1644 1156 1727 quod
1175 1652 1209 1709 et
1226 1646 1361 1709 caeteris
1380 1666 1509 1729 quoque
1527 1646 1638 1729 passi·

368 1725 499 1839 ἰεζμζζ
524 1747 641 1812 onibus
663 1754 712 1811 est
733 1747 900 1826 obnoxius,
920 1747 1031 1811 timori
1049 1747 1207 1826 videlicet,
1227 1746 1510 1831 sollicitudinique,
1530 1755 1637 1831 atque

369 1842 511 1957 Qum·
525 1850 595 1913 aliis
625 1850 659 1914 id
686 1851 813 1933 genus?
843 1872 864 1913 a
892 1850 1009 1932 quibus
1034 1850 1156 1933 pariter
1178 1856 1359 1933 torquetur,
1380 1849 1483 1914 donec
1511 1850 1635 1915 morbo

524 1959 745 2030 evanescente,
766 1952 892 2017 animus
916 1974 1053 2037 quoque,
1072 1953 1210 2037 pristina
1229 1953 1465 2036 tranquillitate
1485 1959 1634 2037 recepta,

523 2076 592 2118 una
606 2055 815 2119 convalescet.

370 2177 505 2227 Mosaios-
574 2157 656 2240 [la]
684 2156 829 2221 Tandem
850 2176 955 2239 aeger,
978 2158 1028 2240 (ut
1047 2157 1260 2222 funestissimi
1277 2158 1376 2242 hujus
1394 2157 1502 2222 morbi
1523 2163 1633 2222 eatae

370 2243 500 2307 arnopha
523 2260 662 2343 trophen
688 2261 788 2324 semel
817 2260 1006 2344 expediam)
1033 2262 1207 2326 visceribus
1236 2284 1257 2325 a
1280 2262 1434 2327 materiae
1462 2262 1632 2345 peccantia

524 2362 681 2442 incubatu
704 2364 935 2447 complexuque
956 2365 1005 2429 ita
1028 2365 1123 2429 laesis
1144 2372 1183 2429 ut
1205 2364 1390 2430 secretionis
1415 2385 1538 2447 organa
1558 2384 1631 2448 uon

524 2466 661 2550 amplius
687 2488 745 2531 suo
770 2488 906 2531 munere
930 2466 1025 2550 fungi
1051 2474 1181 2551 queant,
1203 2466 1291 2529 unde
1316 2472 1351 2529 et
1376 2464 1509 2547 tangus
1534 2463 1630 2547 quasi

523 2570 602 2633 limo
622 2576 654 2633 et
669 2569 870 2634 faeculentiis
889 2570 1027 2634 refertus
1046 2576 1187 2653 stagnat,
1202 2576 1235 2633 ct
1250 2569 1385 2633 materia
1402 2588 1539 2651 peccans
1557 2588 1628 2630 non

521 2673 601 2758 jam,
623 2678 662 2737 ut
690 2673 768 2737 olim
797 2672 929 2751 solebat,
951 2673 988 2736 in
1016 2672 1156 2755 corporis
1186 2672 1405 2736 extremitates
1433 2668 1627 2752 disploditur

525 2782 623 2861 atque
640 2776 803 2861 rejicitur;
826 2776 960 2840 tandem
981 2774 1148 2859 (inquam)
1166 2772 1266 2861 ὅτρις
1284 2771 1395 2840 ἅθλιος
1408 2772 1508 2835 vitam
1526 2769 1623 2833 afflic-

524 2879 683 2944 tissimam
707 2886 740 2944 et
759 2880 829 2964 jam
849 2879 906 2943 diu
926 2900 995 2943 non
1013 2878 1143 2942 vitalem
1165 2898 1241 2941 cum
1261 2882 1377 2954 morte,
1397 2892 1622 2939 aerumnarum

524 2984 645 3067 requie,
660 2983 797 3048 feliciter
811 2988 1000 3047 commutat.

575 3085 658 3169 [la]
685 3086 732 3149 At
742 3106 817 3149 vero
836 3085 933 3169 (quod
943 3083 1025 3147 mihi
1039 3083 1183 3167 aliisque,
1193 3082 1269 3146 licet
1283 3088 1353 3145 tam
1366 3080 1517 3144 fortuma
1527 3099 1623 3161 quam

525 3188 649 3271 ingenii
664 3188 793 3252 dotibus
803 3188 1009 3251 mediocriter
1021 3187 1198 3264 instructis,
1206 3186 1270 3249 hoc
1279 3183 1392 3248 morbo
1402 3181 1621 3247 laborantibus

526 3290 639 3354 solatio
659 3310 728 3353 esse
749 3289 872 3372 possit)
896 3289 944 3352 ita
964 3288 1124 3368 vixerunt,
1140 3296 1237 3372 atque
1262 3288 1310 3351 ita
1330 3286 1465 3351 tandem
1486 3292 1621 3348 mortem

524 3392 685 3468 obierunt,
710 3390 821 3473 magni
852 3410 954 3472 reges,
985 3390 1151 3473 dynastae,
1182 3390 1383 3454 exercituum
1412 3386 1621 3467 classiumque

525 3492 632 3570 duces,
658 3490 847 3574 philosophi,
874 3491 993 3575 aliique
1021 3492 1072 3556 bis
1101 3492 1222 3556 similes
1249 3490 1338 3555 haud
1365 3488 1471 3573 pauci.
1514 3486 1620 3550 Verbo

485 3593 640 3674 ·‚dicam,
659 3593 838 3657 articularis
857 3593 947 3659 hicce
967 3594 1098 3659 morbus
1119 3593 1217 3678 (quod
1235 3593 1288 3656 vix
1307 3592 1348 3656 de
1365 3591 1476 3675 quovis
1495 3591 1559 3653 alio
1576 3588 1621 3651 af·

373 3706 398 3767 a
423 3697 722 3779 8018·ιιιιιιιιιειιι,)
751 3696 864 3761 divites
885 3698 995 3781 plures
1019 3698 1185 3762 interemit
1207 3718 1305 3780 quam
1328 3714 1496 3779 pauperes,
1517 3694 1618 3777 plures

391 3771 513 3868 “iuba
526 3800 686 3884 sapientes
715 3821 813 3883 quam
841 3800 967 3879 fatuos,
1003 3800 1134 3864 Natura
1163 3800 1254 3883 quasi
1280 3798 1383 3883 digito
1410 3802 1616 3873 monstrante,

383 3900 501 3998 ffijfin·
527 3926 623 3990 quam
649 3926 764 3989 parum
791 3904 903 3987 iniqua
932 3903 976 3967 sit
1000 3902 1147 3967 omnium
1174 3924 1291 3986 parens
1316 3908 1351 3965 et
1375 3900 1507 3977 arbitra,
1528 3918 1619 3981 quam

397 4029 422 4062 re
451 4016 456 4027 '
525 4008 671 4096 partibus
696 4028 764 4072 nou
794 4006 932 4085 studeat,
955 4026 1032 4069 cum
1056 4026 1112 4068 eos
1137 4005 1254 4087 quibus
1284 4003 1403 4068 alicubi
1428 4000 1541 4077 defuit,
1562 3998 1617 4062 alio

527 4111 634 4195 aliquo
648 4112 808 4176 bonorum
823 4128 941 4192 genere
960 4107 1156 4172 cumulatius
1171 4105 1274 4170 ditare
1289 4107 1399 4184 soleat,
1413 4101 1616 4187 profusiorem

526 4236 601 4281 vero
616 4236 692 4298 erga
711 4213 789 4277 alios
808 4210 1065 4276 munificentiam
1082 4230 1185 4293 aequa
1203 4210 1364 4273 malorum
1378 4213 1469 4291 parte
1484 4202 1617 4268 admuta

527 4318 630 4383 diluat
650 4326 683 4382 et
701 4319 938 4397 contemperet:
963 4312 1043 4376 adeo
1061 4318 1100 4375 ut
1116 4311 1238 4397 ubique
1259 4311 1407 4395 gentium
1425 4314 1498 4371 rata
1516 4306 1559 4369 sit
1572 4305 1617 4367 lex

527 4434 624 4509 atque
637 4422 840 4498 inviolabilis,
854 4417 1163 4492 nullumhominem
1177 4417 1228 4481 vel
1243 4422 1312 4481 “ex
1331 4414 1421 4480 omni
1439 4419 1532 4497 parte
1550 4409 1615 4473 bea-
1735 4451 1736 4464 ι

526 4528 631 4605 tum,’'
647 4526 778 4609 [Horat.
794 4522 852 4585 Od.
867 4520 902 4585 ii.
916 4522 968 4585 16.
979 4521 1047 4605 27.]
1060 4522 1112 4585 vel
1128 4542 1184 4604 per
1198 4518 1309 4583 omnia
1321 4516 1477 4582 miserum
1491 4535 1529 4578 ae
1542 4512 1615 4576 cala·

528 4628 691 4705 mitosum,
713 4645 806 4708 posse
827 4623 974 4703 inveniri,
997 4622 1141 4705 singulos
1163 4628 1273 4686 autem
1293 4626 1468 4701 utramque
1490 4612 1616 4699 experiri

529 4737 658 4794 sortem.
688 4726 782 4793 Quae
795 4726 873 4792 boni
889 4734 987 4811 atque
1001 4725 1080 4789 mali
1094 4722 1357 4807 contemperatio,
1368 4716 1539 4803 flagilitati
1551 4734 1616 4779 nos·

528 4840 598 4897 trae
609 4837 642 4897 et
656 4829 846 4895 mortalitati
857 4829 904 4895 ita
918 4828 1055 4913 propria,
1065 4826 1158 4893 nobis
1166 4826 1301 4891 fortasse
1310 4822 1453 4909 apprime
1461 4816 1613 4884 conducit.
