3825 5759
562 669 783 735 EPISTOLA
806 670 1190 754 LgRESPONSORIA.
1348 678 1412 740 291

308 836 493 920 ignorantia
511 841 657 919 peccant,
681 833 730 913 (ut
748 831 828 894 mihi
848 831 997 915 videtur,)
1021 841 1078 897 aut
1097 834 1171 898 dolo
1193 835 1289 913 malo,
1308 859 1328 899 a
1347 857 1412 922 quo
1425 854 1566 908 DnMoaa.

307 941 355 1002 vir
376 939 496 1024 probus
519 936 687 1002 exanimo
708 933 911 1012 abhorrebit3
934 936 1001 1020 qui,
1021 957 1096 1000 cum
1114 959 1188 1020 pars
1207 938 1249 1000 sit
1269 939 1413 1022 ejusdem
1437 921 1553 1035 iiiiii

307 1042 488 1106 communis
502 1047 649 1118 naturae,
662 1045 700 1101 ut
715 1034 889 1122 duoprimas
897 1037 1045 1102 fraudem
1059 1039 1155 1105 faciat
1166 1041 1257 1104 nullo
1268 1063 1413 1127 unquam

306 1145 430 1228 privato
459 1165 519 1208 suo
548 1141 717 1207 commodo
746 1139 865 1223 poterit
895 1139 1022 1204 adduci.
1072 1141 1167 1206 Quod
1198 1151 1354 1226 superest,
1385 1145 1414 1208 si

307 1248 405 1312 aetati
420 1247 592 1330 placuisset
615 1243 657 1308 ad
671 1265 710 1306 ca
724 1242 869 1306 animum
891 1241 1057 1307 advertero
1077 1266 1161 1330 quae
1177 1245 1270 1308 annis
1294 1246 1413 1310 abhinc

307 1355 448 1434 quatuor
468 1349 504 1412 in
522 1347 669 1410 Historia
691 1345 861 1408 Aeniorum
882 1344 1292 1425 Morborumtradideram,
1318 1349 1413 1433 (qnae

307 1457 341 1514 ct
363 1457 439 1513 ante
461 1449 543 1513 illud
563 1455 693 1531 tempus
715 1446 796 1510 mihi
814 1445 994 1512 innotuisse
1014 1448 1147 1512 omnino
1165 1455 1215 1512 est
1233 1449 1410 1533 credibile)

308 1573 373 1638 quo
387 1559 482 1636 pacto
497 1553 617 1616 scilicet
633 1550 753 1614 Cortex
772 1550 808 1612 in
823 1549 1002 1633 interjectis
1016 1571 1282 1634 paroxysmorum
1300 1554 1419 1636 spatiis·

308 1655 458 1720 debuerit
483 1654 669 1734 ministrari,
694 1659 766 1715 tum
789 1657 902 1734 postea
923 1651 1027 1734 repeti
1057 1673 1154 1734 aegro
1173 1653 1243 1734 jam
1267 1656 1411 1720 convale-

308 1763 428 1837 scente,
448 1758 590 1822 viverent
612 1755 754 1820 fortassis
774 1754 863 1817 haud
880 1754 976 1837 pauci
999 1775 1111 1818 eorum
1134 1777 1216 1841 quos
1237 1757 1307 1840 jam
1328 1769 1413 1822 terra

308 1860 409 1946 tegit;
433 1867 471 1923 ut
494 1867 533 1924 ut
557 1858 704 1924 homines
727 1855 926 1939 vilipendant
948 1863 1063 1918 tenues
1085 1878 1162 1920 sane
1183 1857 1256 1922 illos
1277 1868 1412 1924 conatus

307 1970 434 2027 nostros
452 1960 617 2026 communi
637 1959 783 2023 omnimn
798 1957 884 2022 bono
899 1958 1031 2037 dicatos,
1048 1965 1081 2022 et
1095 1959 1221 2023 monita
1235 1962 1412 2044 spreverint

305 2064 427 2129 ibidem
447 2065 569 2129 dictata
586 2064 691 2128 verbis
711 2059 964 2146 insequentibus,
979 2061 1100 2147 quibus
1118 2083 1157 2126 ea
1177 2061 1317 2128 breviter
1336 2086 1412 2129 con-

306 2167 456 2231 tinentur
469 2189 553 2253 quae
567 2167 621 2232 hic
635 2165 738 2230 fusius
753 2164 909 2248 explicare
923 2165 1029 2228 visum
1044 2172 1110 2228 est:
1134 2155 1357 2245 videlicet—-¹

356 2269 440 2356 [38]
466 2269 688 2334 “Curandum
713 2274 762 2331 est
788 2274 864 2331 ante
888 2268 998 2331 omnia
1022 2289 1065 2332 ne
1089 2276 1293 2351 praemature
1315 2270 1411 2334 nimis
1425 2285 1559 2334 methodus

306 2372 360 2438 hic
389 2373 509 2436 Cortex
540 2368 716 2456 ingeratur,
744 2377 819 2432 ante
849 2370 970 2434 scilicet
999 2391 1099 2456 quam
1128 2372 1260 2436 morbus
1290 2383 1358 2438 suo'
1377 2349 1553 2464 seecsslli‘c‘ff'

308 2479 418 2543 Marte
437 2479 670 2565 aliquantisper
692 2475 874 2560 protriverit
884 2502 894 2553 ;
927 2476 1002 2558 (nisi
1022 2477 1271 2542 collabescentes
1292 2479 1412 2563 etjam

307 2581 428 2646 fractae
454 2581 542 2663 aegri
564 2581 647 2644 vires
667 2579 807 2643 eundem
830 2578 1008 2662 temporius
1034 2579 1229 2644 sumendum
1251 2602 1320 2645 esse
1344 2581 1411 2645 dio

307 2685 478 2766 taverint3)
504 2705 611 2768 neque
641 2684 728 2746 enim
757 2681 838 2745 illud
862 2683 967 2745 solum
995 2689 1046 2746 est
1074 2683 1297 2763 metuendum,
1323 2705 1412 2748 nea

307 2807 519 2870 praepropero
542 2788 610 2869 ejus
633 2807 695 2849 usu
718 2784 865 2848 inefficax
886 2785 948 2848 iste
973 2785 1128 2850 reddatur
1150 2793 1183 2850 et
1208 2808 1299 2870 spem
1321 2788 1410 2870 aegri

308 2889 409 2965 fallat,
433 2887 489 2950 sed
516 2888 613 2950 etiam
635 2909 677 2952 ne
698 2887 738 2950 de
759 2887 847 2970 aegri
870 2887 936 2950 vita
956 2895 1081 2970 agatur,
1103 2889 1130 2952 si
1152 2890 1303 2972 sangnini
1322 2893 1411 2954 omni

308 2989 564 3054 fermentationis
593 2991 668 3054 nisu
698 3011 732 3053 se
762 2989 967 3072 despumanti
990 3001 1080 3054 eamq
1107 2990 1280 3075 derepente
1308 2992 1411 3077 injici-

308 3114 400 3156 amus
439 3113 609 3157 remoram.
677 3091 827 3155 Proximo
865 3091 944 3170 loco,
981 3114 1087 3178 neque
1124 3094 1272 3173 catharsi,
1308 3097 1412 3161 multo

306 3196 415 3260 minus
456 3195 722 3272 venae-sectione,
760 3194 970 3259 subducenda
1007 3205 1056 3261 est
1096 3198 1251 3261 materiae
1290 3198 1412 3262 febrilis

306 3319 379 3383 pars
399 3299 517 3384 aliqua,
534 3319 598 3384 quo
619 3297 751 3362 liberius
768 3299 888 3362 Cortex
909 3321 967 3362 suo
981 3300 1139 3384 fungatur
1158 3323 1312 3366 munere:
1336 3323 1411 3366 oum

303 3401 392 3486 ,enim
418 3399 458 3464 ab
483 3407 622 3486 utraque
646 3401 857 3465 labefactetur
880 3402 1107 3486 quadantenus
1129 3404 1318 3468 oeconomia
1342 3426 1410 3469 cor·

182 3527 185 3530 ·
305 3505 401 3588 poris,
433 3525 471 3568 eo
508 3505 689 3588 promptius
727 3505 911 3590 certiusque
950 3507 1178 3572 recrudescant
1216 3510 1409 3594 paroxysmi,

305 3613 515 3672 evanescente
536 3608 635 3672 semel
654 3607 794 3692 pulveris
809 3607 850 3672 vi.
895 3608 983 3672 Mihi
1007 3609 1106 3673 etiam
1125 3611 1228 3694 magis
1250 3633 1268 3676 e
1287 3633 1323 3676 re
1342 3613 1410 3677 fore

306 3709 433 3774 videtur
450 3717 488 3774 ut
510 3709 702 3793 sanguinem
723 3709 809 3774 dioto
831 3711 1044 3777 medicamine
1064 3714 1185 3778 sensim
1199 3715 1409 3802 longioraque

306 3835 326 3876 a
354 3814 552 3898 paroxysmis
586 3812 755 3878 intervallo
784 3813 897 3878 leviter
925 3815 1117 3896 inficiamur,
1147 3839 1246 3903 quam
1275 3826 1314 3883 ut
1342 3841 1409 3884 uno

306 3917 439 3980 omnino
467 3917 537 3979 ictu
566 3936 795 4000 paroxysmum
821 3917 890 4000 jam
918 3908 1096 3983 instantem
1128 3927 1292 3985 tentemus
1329 3943 1405 3986 oon·

306 4018 431 4083 fodere:
467 4017 529 4082 hoc
559 4018 646 4082 enim
676 4025 771 4103 pacto
800 4025 833 4082 et
861 4019 935 4102 plus
957 4021 1111 4103 temporis
1131 4023 1273 4087 remedio
1296 4045 1408 4089 conoe·

306 4119 394 4183 ditur
413 4142 478 4205 quo
499 4141 595 4184 suum
616 4143 698 4204 opus
720 4121 846 4204 plenius
866 4121 1020 4202 absolvat,
1036 4130 1070 4186 et
1090 4124 1230 4188 evitatur
1252 4126 1408 4210 quioquid

306 4221 407 4284 idest
424 4222 558 4304 periculi
578 4223 666 4309 quod
686 4245 783 4306 aegro
803 4223 921 4306 poterit
942 4225 1018 4288 oriri
1038 4245 1079 4287 ex
1098 4225 1206 4289 subito
1225 4227 1288 4289 isto
1310 4235 1408 4312 atque

306 4323 531 4407 intempestivo
560 4327 657 4390 nimis
688 4327 875 4404 sufflamine,
906 4347 973 4411 quo
1002 4347 1231 4410 paroxysmum
1260 4328 1329 4410 jam
1357 4330 1408 4392 in·

305 4427 518 4492 valescentem
539 4437 637 4515 atque
663 4429 752 4493 omni
776 4449 810 4492 se
834 4448 893 4511 ope
918 4435 1104 4491 exerentem
1127 4449 1282 4493 conamur
1302 4432 1408 4515 oppri-

305 4551 403 4595 mere.
457 4532 635 4611 Postremo,
662 4531 809 4596 brevibus
834 4529 905 4592 istis
934 4530 1089 4612 temporis
1113 4532 1289 4596 intervallis
1317 4555 1407 4618 repe-

305 4634 424 4698 tendus
448 4642 497 4698 est
528 4636 642 4718 pulvis,
666 4641 704 4698 ut
734 4655 801 4697 non
830 4631 977 4716 protinus
1000 4641 1168 4697 evanescat
1186 4634 1299 4717 prioris
1322 4637 1407 4701 dosrs

305 4736 406 4800 virtus
422 4743 598 4822 antequam
620 4737 721 4800 altera
742 4735 949 4800 exhibeatur:
974 4731 1088 4797 crebra
1109 4735 1197 4799 enim
1215 4735 1406 4821 repetitione

472 4872 483 4904 ἢ
500 4863 563 4926 rom]
578 4863 617 4910 Sic
630 4863 654 4908 in
670 4865 761 4910 obsera.
774 4863 846 4918 Med,
857 4860 896 4907 hir
908 4867 990 4906 erilem
1003 4875 1049 4908 orn.
1063 4862 1117 4909 edd.
1128 4864 1177 4918 ¹8⁰,
1189 4865 1237 4910 ’85.
1355 4906 1359 4912 .
