3825 5759
432 670 830 736 OBSERVATIONUM
856 671 1142 737 MEDICARUM
1166 680 1189 733 Ι.
1208 684 1234 731 4.
1341 672 1384 733 63

279 831 457 914 exquisitus
471 831 528 895 ille
539 851 576 895 ac
591 831 823 910 intolerandus,
830 831 921 896 dolor
932 831 1009 895 huic
1019 830 1132 907 morbo
1143 832 1382 913 superveniens,
1413 840 1512 889 Ferus

277 955 341 997 nou
361 933 497 997 aliunde
517 934 621 997 oritur
640 956 737 1019 quam
759 956 798 998 ex
815 942 1019 1018 praepostero
1040 934 1269 997 intestinorum
1290 942 1383 997 motu
1395 904 1535 1019 Acfflfff'„

276 1036 370 1099 modo
393 1036 495 1099 dicto.
544 1037 628 1100 Cum
650 1038 738 1101 euim
761 1037 850 1101 sinus
871 1038 919 1100 illi
942 1058 1022 1120 quos
1043 1036 1236 1119 multiplices
1255 1036 1383 1103 intectis
1400 1035 1533 1113 Q

275 1158 393 1201 uorum
420 1138 726 1203 circumvolutiones
748 1140 963 1217 constituunt,
986 1138 1034 1202 ita
1058 1160 1078 1202 a
1100 1139 1230 1202 Natura
1251 1138 1382 1202 formati

277 1241 340 1303 sint
361 1249 402 1304 ut
426 1240 471 1304 ad
494 1242 683 1306 descensum
706 1243 832 1306 saecum
856 1263 953 1325 quam
973 1242 1136 1325 aptissime
1154 1240 1380 1319 conducerent,

277 1364 349 1405 cum
364 1344 388 1407 ii
415 1344 586 1426 (iuquam)
610 1346 714 1407 motui
729 1344 794 1407 suis
811 1344 898 1408 fibris
910 1344 1071 1407 contrario
1085 1344 1198 1408 cedere
1212 1352 1379 1427 cogantur,

276 1447 418 1509 exoritur
440 1445 518 1510 inde
537 1446 718 1529 praedictus
739 1448 846 1525 dolor;
869 1446 1074 1529 quiquidem
1096 1448 1154 1508 uni
1174 1448 1256 1529 parti
1278 1447 1382 1509 instar

276 1547 425 1612 terebelli
444 1548 601 1630 infigitur,
622 1570 696 1612 cum
717 1557 773 1612 aut
792 1550 918 1613 vulvula
940 1570 1022 1631 quae
1037 1548 1079 1611 ad
1093 1548 1307 1612 initium·coli
1325 1571 1380 1631 ap-

276 1651 380 1731 posita
400 1659 683 1715 excrementorum
703 1652 744 1715 ad
762 1652 849 1715 ileon
870 1672 1053 1733 regressum
1074 1650 1219 1732 impedit,
1241 1658 1298 1714 aut
1318 1652 1381 1714 alia

276 1754 406 1833 quaevis
422 1753 613 1818 membrana
627 1753 668 1817 ad
683 1754 790 1818 sinum
805 1756 979 1837 pertinens,
995 1753 1060 1817 vim
1073 1754 1171 1837 hujus
1185 1754 1380 1836 praeposteri

274 1850 436 1936 impulsus
451 1856 517 1918 sola
532 1855 680 1919 sustinet.

319 1956 435 2041 Hujus
445 1978 518 2020 vero
527 1957 715 2020 inversionis
724 1957 812 2021 uude
822 1958 912 2021 dolor
920 1957 974 2021 ille
983 1956 1127 2021 exoritur
1137 1956 1297 2042 duplicem
1307 1978 1381 2021 cau·
1394 1972 1519 2050 Passionis

276 2077 343 2121 sam
359 2059 527 2141 assignare
542 2060 637 2123 licet:
661 2059 915 2123 obstructionem
930 2081 1057 2143 nempe,
1072 2062 1123 2125 vel
1137 2060 1360 2125 irritationem.
1395 2038 1486 2089 ΠΜ

324 2162 411 2245 [54]
440 2162 549 2225 Primo
570 2162 680 2245 igitur,
692 2184 903 2246 quaecunque
924 2164 1081 2228 intestina
1099 2165 1306 2229 vehementer
1325 2165 1380 2230 oh·
1394 2106 1523 2231 llgidbu

269 2269 412 2327 struunt
437 2272 476 2327 ut
494 2264 576 2327 nihil
596 2286 652 2348 per
674 2265 826 2328 inferiora
848 2265 1039 2329 descendere
1060 2268 1174 2345 valeat,
1201 2267 1289 2331 hunc
1306 2288 1381 2331 con·
1393 2235 1530 2347 {milet

277 2364 416 2428 trarium
445 2364 481 2428 iu
509 2366 673 2429 intestinis
699 2372 824 2431 motum
848 2374 886 2430 ut
908 2368 1089 2450 producant
1111 2391 1240 2433 necesse
1266 2376 1323 2447 est,
1348 2376 1381 2431 et
1396 2377 1537 2442 Quopacto

277 2468 403 2531 nemini
416 2488 485 2531 non
499 2476 624 2531 uotum.
671 2469 712 2532 In
727 2469 844 2532 horum
860 2490 992 2533 censum
1008 2470 1049 2535 ab
1065 2472 1255 2536 authoribus
1269 2472 1381 2535 referri
1393 2444 1523 2557 {ffldu‘

278 2568 383 2632 solent
398 2568 502 2632 faeces
523 2570 703 2649 induratae,
719 2571 815 2634 flatus
830 2571 927 2634 crassi
941 2593 1061 2654 magna
1080 2573 1172 2655 copia
1193 2572 1327 2650 collecti,
1344 2592 1381 2635 ac

278 2667 437 2735 intestina
458 2672 546 2736 velut
571 2673 607 2736 in
630 2674 753 2737 nodum
779 2674 1013 2752 convolventes,
1040 2675 1225 2738 constrictio
1254 2675 1381 2738 intesti-

278 2792 397 2837 norum
411 2774 447 2837 iu
458 2774 580 2851 hernia,
592 2775 803 2840 inflammatio
813 2776 961 2859 denique,
975 2776 1091 2857 aliique
1105 2784 1248 2839 tumores
1259 2776 1379 2857 magui,

280 2876 334 2957 qui
364 2877 535 2941 cavitatem
563 2878 725 2942 internam
747 2878 895 2942 intestini
918 2877 1102 2940 occludunt.
1148 2876 1285 2940 Interim
1306 2896 1382 2939 vero

278 2974 367 3042 haud
382 2980 568 3062 negandum
584 2982 669 3065 quod
686 2988 793 3045 motus
808 2980 987 3045 contrarius
1001 2979 1088 3041 hisce
1106 2977 1209 3041 causis
1224 2977 1381 3060 originem

279 3078 411 3160 debens,
426 3082 533 3165 potius
548 3083 758 3166 ingestorum,
775 3105 872 3167 quam
893 3081 1123 3145 intestinorum
1137 3085 1245 3143 motus
1259 3078 1380 3143 habeu-

280 3180 349 3261 dus,
366 3205 472 3267 neque
494 3184 573 3249 haec
590 3186 691 3249 totius
710 3185 939 3249 intestinorum
960 3184 1077 3248 duetus
1098 3182 1235 3246 inversio
1249 3188 1308 3261 est,
1324 3182 1381 3246 sed

278 3282 408 3348 illorum
431 3293 560 3351 tantum
584 3308 665 3371 quae
689 3309 786 3370 supra
810 3287 918 3351 sedem
940 3288 1033 3350 istius
1063 3285 1293 3351 obstructionis
1319 3284 1381 3349 sita

280 3394 367 3450 suut.
414 3386 522 3451 Quam
537 3389 577 3452 ob
596 3410 726 3453 causam
743 3390 884 3454 Affectio
904 3390 1006 3454 Iliaca
1019 3390 1096 3454 hinc
1113 3388 1266 3472 profecta,
1287 3410 1307 3453 a
1327 3409 1380 3451 me

279 3491 373 3552 notho
389 3490 576 3573 appellatur.

328 3592 410 3675 [55]
440 3592 587 3657 Secundo
607 3614 692 3672 vero,
708 3594 823 3677 opinor
844 3594 930 3678 qnod
951 3594 987 3659 in
1008 3596 1142 3659 Affectu
1163 3594 1263 3659 Iliaco
1284 3615 1382 3658 causa

279 3692 468 3759 inversionis
482 3696 669 3779 peristaltici
683 3698 910 3761 intestinorum
925 3705 1033 3762 motus
1047 3706 1085 3762 ut
1099 3698 1275 3781 plurimum
1285 3697 1332 3761 ita
1347 3718 1381 3761 se

280 3796 388 3862 habet.
433 3799 599 3863 Nimirum
620 3820 659 3863 ex
679 3800 901 3863 tumultuante
925 3800 1083 3882 sanguine
1101 3800 1137 3863 in
1155 3800 1258 3864 Febre
1277 3819 1381 3882 nuper

280 3906 444 3985 concepta,
468 3901 504 3964 iu
528 3902 743 3965 ventriculum
767 3909 800 3965 et
824 3903 970 3985 proxima
991 3903 1147 3968 intestina
1175 3902 1382 3986 deponuntur

279 4001 430 4067 humores
446 4024 533 4067 acres
548 4010 581 4067 ct
595 4004 740 4086 maligni,
750 4025 789 4068 cx
804 4004 919 4088 quibus
933 4006 1130 4069 ventriculus
1138 4004 1242 4087 primo
1256 4010 1382 4067 motum

280 4125 375 4169 suum
390 4106 559 4184 invertere,
576 4126 613 4170 ac
627 4106 768 4169 violento
787 4106 911 4189 impetu
926 4106 1095 4169 materiam
1110 4105 1279 4167 molestam
1293 4103 1329 4165 iu
1344 4123 1382 4165 eo

281 4214 468 4272 contentam
484 4230 542 4292 per
563 4230 599 4272 os
621 4210 752 4293 rejicere
767 4208 912 4290 cogitur:
935 4207 1106 4271 ventriculi
1127 4205 1260 4268 tandem
1278 4204 1382 4266 motui

280 4300 424 4375 validiori
438 4311 595 4375 intestina
608 4312 721 4375 tenuia
742 4310 802 4394 ipsi
818 4310 974 4374 continua
984 4309 1053 4392 jam
1068 4306 1236 4370 debilitata
1250 4304 1380 4383 cedunt,

281 4419 314 4477 et
328 4434 403 4477 cum
417 4413 470 4476 his
485 4413 616 4477 demum
637 4415 760 4497 majora
779 4413 814 4476 iu
829 4432 1020 4476 consensum
1043 4407 1228 4485 trahuntur,
1242 4406 1381 4472 vomitu-

280 4515 384 4579 riente
412 4516 591 4580 ventriculo
613 4516 703 4598 quasi
727 4517 876 4579 choream
905 4514 1054 4577 ducente.
1099 4506 1200 4573 Hunc
1229 4510 1381 4573 affectum
1393 4521 1498 4596 argona

281 4636 384 4680 uerum
398 4618 506 4680 neum
520 4638 606 4695 voco,
622 4626 656 4681 et
676 4618 729 4681 ille
744 4618 841 4700 hujus
856 4616 919 4679 loci
937 4620 996 4677 est.
1040 4612 1218 4676 Methodus
1233 4633 1308 4675 eum
1326 4632 1381 4674 cu·
1393 4594 1505 4711 3223}sp

281 4719 374 4782 randi
388 4718 546 4781 hactenus
563 4718 629 4781 fere
648 4718 814 4801 incognita
827 4717 899 4795 fuit,
916 4714 1068 4803 quicquid
1088 4714 1238 4778 nonnulli
1256 4716 1381 4797 jactent
1394 4724 1448 4759 “¹¹¹¹
1458 4726 1519 4760 ¹¹⁸⁰·

283 4818 321 4882 de
338 4842 400 4884 usu
421 4818 548 4897 argenti
569 4818 641 4896 vivi,
659 4826 692 4883 et
712 4820 925 4902 globulorum,
947 4837 1030 4902 qnae
1051 4823 1275 4898 praeterquam
1296 4812 1382 4894 quod
1394 4771 1535 4884 irldl‘e‘llf
