3825 5759
518 670 580 737 116
830 670 1025 737 ΤΗΟΜΑΕ
1049 672 1309 737 SYDENHAM

384 860 484 913 mm
565 832 647 917 [46.]
667 832 791 897 Verum
812 830 869 896 ubi
883 838 994 898 tumor
1003 833 1073 916 jam
1094 839 1210 897 enatus
1223 833 1331 912 fucrit,
1345 853 1462 897 venam
1481 833 1614 917 aperire,

367 927 495 1039 &Pffiq
516 935 614 1000 etiam
628 935 665 998 iu
679 955 810 1018 corpore
825 934 866 999 ad
881 935 1065 999 sudandum
1080 936 1285 1020 quantumvis
1299 934 1446 1015 inhabili,
1456 935 1615 1002 hactenns

362 1056 502 1105 Assorus
515 1060 583 1103 non
609 1038 747 1101 sustinui
758 1064 768 1117 ;
790 1038 909 1102 verius
930 1060 983 1117 ne,
998 1038 1134 1101 materia
1154 1038 1320 1101 morbifica
1339 1037 1376 1100 in
1398 1036 1525 1120 depleta
1539 1058 1616 1101 vasa

515 1139 685 1203 confertim
712 1148 886 1219 remeante,
913 1140 1101 1203 subitaneus
1129 1140 1218 1222 aegri
1242 1140 1393 1204 interitus
1421 1140 1616 1203 destinatam

358 1209 493 1335 ,fflffim
515 1241 719 1325 diaphoresin
754 1250 976 1306 anteverteret.
1019 1242 1240 1306 Nihilominus
1274 1242 1408 1306 fortasse
1441 1242 1518 1305 satis
1543 1249 1616 1307 tuto

379 1122 428 1175 ⁹65,
438 1122 485 1168 ¹66.

360 1352 507 1465 {gffiffi-
518 1344 734 1409 mmimsuari
750 1346 867 1429 poterit
887 1344 1115 1429 phlebotomia,
1129 1344 1226 1408 modo
1241 1344 1411 1409 confestim
1425 1344 1466 1408 ab
1487 1364 1527 1407 ea
1543 1364 1616 1427 per-

361 1466 472 1516 11111111
518 1455 590 1513 acta
603 1468 641 1513 ac
659 1448 750 1511 nulla
766 1469 858 1513 mora
878 1450 1047 1533 interjecta
1068 1448 1237 1512 eliciantur
1251 1447 1391 1524 sudores,
1408 1446 1473 1530 qui,
1488 1446 1529 1510 ad
1544 1468 1615 1529 spa-

362 1531 486 1582 'ffifflb
514 1550 599 1615 tium
624 1550 769 1635 superius
793 1551 984 1635 requisitum
1008 1551 1167 1635 producti,
1187 1570 1317 1615 omnem
1340 1548 1476 1613 tumoris
1497 1548 1616 1613 molem

360 1618 484 1733 iiiiii&
514 1654 669 1737 paulatim
689 1654 856 1719 absumere
872 1676 909 1719 ac
932 1654 1084 1738 dissipare
1106 1654 1231 1718 valeant
1239 1679 1249 1732 ς
1270 1653 1368 1736 idque
1380 1652 1478 1734 longe
1491 1651 1617 1715 minore

362 1750 450 1797 ΨΜ
515 1756 626 1820 salutis
640 1757 789 1841 periculo,
805 1778 902 1841 qnam
917 1757 944 1819 si
958 1757 1104 1840 legitima
1116 1754 1322 1839 apostematis
1335 1753 1518 1831 maturatio,
1534 1773 1617 1835 quae

359 1828 462 1927 tlon,
514 1860 550 1923 u
564 1861 729 1945 praecipiti
746 1860 864 1926 1111111
878 1861 1052 1926 umorum
1071 1860 1194 1925 uera
1212 1880 1249 1923 ac
1267 1858 1364 1923 11111
1381 1857 1616 1938 esuriturus

516 1972 746 2047 expectaretm.
1006 2011 1009 2019 .

363 2078 480 2155 ausuque
566 2066 649 2151 [41]
677 2068 825 2151 Denique
854 2070 902 2153 (ut
924 2068 966 2132 ad
988 2068 1107 2133 calcem
1127 2064 1261 2131 tandem
1285 2064 1491 2149 perveniam)
1514 2064 1617 2129 sicubi

360 2152 490 2196 sanemus
517 2168 601 2233 circa
619 2170 777 2234 theoriam
802 2193 853 2235 me
874 2171 1107 2236 hallucinatum
1131 2171 1230 2234 finisse
1252 2168 1369 2233 hector
1388 2167 1616 2253 deprehendat,

516 2272 616 2335 errori
630 2273 757 2337 veniam
770 2281 866 2357 pet03
888 2296 1000 2339 vemm
1020 2274 1107 2358 quod
1127 2273 1169 2337 ad
1188 2272 1308 2357 praxim
1323 2272 1450 2351 attinet,
1464 2271 1617 2355 profiteor

516 2395 570 2438 me
584 2376 694 2439 omnia
708 2396 747 2440 ex
761 2397 835 2441 vero
848 2376 1028 2455 tradidisse,
1038 2377 1184 2460 nihilque
1197 2376 1324 2459 uspiam
1337 2375 1538 2459 proposuisse
1551 2371 1616 2436 nisi

517 2478 604 2562 quod
617 2479 716 2563 probe
731 2479 930 2563 exploratum
948 2480 1095 2545 habeam.
1142 2480 1236 2558 Sane,
1252 2500 1327 2543 cum
1347 2499 1515 2561 supremus
1531 2478 1616 2541 vitae

517 2603 607 2646 meae
621 2583 754 2647 instabit
774 2583 992 2662 dica-confido
1008 2583 1090 2648 mihi
1109 2582 1297 2648 munuum
1319 2582 1455 2645 alacrem
1470 2581 1506 2643 in
1524 2601 1617 2664 prae·

514 2684 631 2748 cordiis
649 2692 775 2765 testem,
794 2706 934 2752 menon
953 2686 1058 2750 solum
1083 2707 1252 2769 aegrorum
1273 2685 1429 2762 omnium,
1444 2685 1616 2769 cujuscun-

515 2808 578 2871 que
592 2788 722 2851 demum
737 2788 840 2868 sortis,
857 2790 913 2873 qui
934 2810 1003 2853 sese
1017 2810 1112 2854 curae
1129 2809 1220 2853 meae
1242 2786 1514 2865 concrediderant,
1529 2808 1616 2851 sism-

513 2912 568 2954 ma
591 2891 653 2955 fide
677 2912 713 2955 ac
743 2891 911 2975 diligentia
932 2892 1068 2955 salntem
1089 2910 1284 2975 procurasse,
1311 2891 1460 2973 (qnorum
1484 2889 1615 2953 interim

513 3014 609 3058 nemo
624 3015 644 3057 a
657 3014 710 3059 me
725 2994 802 3057 alias
816 3002 973 3059 tractatus
988 3002 1046 3073 est,
1056 3016 1153 3078 quam
1168 3015 1228 3078 ego
1241 3000 1362 3057 memet
1375 2992 1507 3058 tractari
1520 3014 1616 3077 cupe-

513 3118 593 3176 rem,
614 3098 641 3159 si
658 3098 739 3160 mihi
758 3119 797 3160 11
813 3097 928 3161 iisdem
945 3096 1066 3162 morbis
1085 3105 1249 3180 aegrotare
1264 3097 1488 3180 contingeret)
1505 3117 1616 3160 verum

513 3199 612 3261 etiam
633 3220 690 3281 pro
709 3198 832 3281 ingenii
846 3199 978 3262 modulo
999 3220 1111 3263 omnes
1131 3198 1231 3263 animi
1244 3220 1358 3263 nervos
1376 3200 1413 3262 in
1433 3198 1496 3263 hoc
1509 3199 1616 3262 inten-

514 3300 608 3378 disse,
623 3308 661 3363 ut
684 3302 723 3381 (si
745 3322 808 3384 quo
827 3301 923 3365 modo
947 3302 1017 3365 fieri
1041 3302 1164 3386 possit)
1187 3301 1374 3366 morborum
1394 3301 1521 3366 medela
1543 3307 1616 3385 post

514 3402 637 3465 cineres
658 3422 746 3467 meos
766 3404 880 3485 majori
901 3425 977 3467 cum
998 3405 1191 3469 certitudine
1210 3403 1505 3483 administrarem
1526 3410 1616 3467 ratus

515 3503 830 3587 quantulamcumque
852 3506 887 3569 in
905 3506 967 3570 hoc
990 3507 1142 3571 scientiae
1168 3527 1284 3590 genere
1310 3506 1531 3584 accessionem,
1555 3504 1617 3569 etsi

514 3606 597 3669 nihil
611 3606 869 3689 magnificentius
892 3630 990 3691 quam
1009 3610 1212 3693 odontalgiae
1226 3617 1283 3673 aut
1301 3608 1464 3673 clavorum
1481 3605 1617 3691 pedibus

514 3708 753 3771 innascentium
774 3710 973 3774 curationem
998 3710 1139 3792 edoceat,
1162 3713 1259 3795 longe
1280 3711 1414 3775 maximi
1437 3708 1616 3773 faciendam

514 3830 594 3889 esse,
608 3830 685 3893 prae
705 3810 795 3875 inani
811 3812 979 3877 subtilium
1000 3814 1255 3897 speculationum
1273 3834 1391 3898 pompa
1410 3832 1448 3875 ac
1469 3810 1615 3874 levicula·

516 3934 590 3976 rum
609 3933 719 3977 rerum
740 3914 866 3994 notitia,
883 3938 965 3999 qnae
979 3917 1113 3982 fortasse
1135 3918 1266 3983 Medico
1283 3919 1324 3982 ad
1339 3914 1512 3999 abigendos
1530 3935 1615 3977 mor·

516 4016 574 4080 bos
588 4036 655 4079 non
668 4017 772 4100 magis
787 4038 826 4081 11
840 4040 904 4083 usu
917 4020 1027 4084 futura
1041 4028 1099 4101 est,
1116 4044 1213 4105 quam
1227 4022 1401 4087 architecto
1415 4019 1457 4083 ad
1470 4025 1615 4083 constru-

516 4119 615 4184 endas
631 4119 724 4184 aedes
738 4122 879 4186 musicae
894 4123 972 4187 11111
985 4124 1111 4207 peritia.

462 4261 488 4293 er
565 4223 648 4308 [411]
669 4224 821 4289 ¹Unicam
833 4225 918 4290 hanc
932 4228 1240 4308 annotatiunculam,
1252 4250 1295 4294 ne
1307 4229 1378 4313 quis
1391 4228 1475 4293 forte
1489 4226 1618 4291 sinistra

365 4328 474 4422 nffl‘.
494 4326 780 4413 ‘interpretatione
807 4337 952 4394 mentem
980 4352 1087 4394 meam
1113 4332 1310 4415 detorqueat,
1326 4340 1383 4396 aut
1407 4353 1480 4396 eam
1505 4330 1619 4395 saltem

376 4438 475 4513 ej'i·
518 4452 585 4494 non
607 4431 683 4494 satis
701 4440 896 4515 assequatur,
911 4440 1073 4518 postremo
1091 4434 1162 4499 loco
1178 4434 1383 4519 subjungam.
1427 4435 1471 4498 In
1492 4454 1618 4518 praece·

364 4518 429 4553 '⁰¹'
519 4532 608 4593 denti
633 4552 750 4615 nempe
774 4534 911 4601 diatriba
934 4537 1080 4602 Naturae
1103 4539 1236 4602 nomine
1257 4538 1384 4621 saepius
1405 4544 1490 4616 utor,
1509 4536 1620 4620 illique

518 4633 620 4696 varios
635 4632 767 4697 effectus
779 4638 928 4717 attribuo,
940 4640 1073 4723 perinde
1088 4640 1178 4723 quasi
1188 4661 1257 4704 rem
1272 4640 1412 4723 aliquam
1421 4640 1620 4723 singularem

519 4746 551 4805 et
567 4739 697 4804 seorsim
713 4740 949 4823 subsistentem,
959 4747 1015 4810 sed
1028 4768 1087 4830 per
1100 4755 1203 4811 totam
1217 4748 1301 4814 hanc
1311 4748 1427 4813 mundi
1436 4748 1620 4815 machinam

845 4866 1048 4933 ι1111111148111
1060 4872 1106 4921 fine
1118 4874 1170 4924 edd.
1184 4876 1231 4936 '66,
1244 4878 1291 4926 ⁹68.
