3825 5759
516 566 581 629 432
835 562 1031 628 'PHOMAE
1055 562 1314 629 SYDENHAM

372 743 414 793 nr
426 742 495 793 Poe.
514 722 645 788 Natura
672 722 708 785 in
737 722 873 787 materia
906 721 1055 788 morbum
1088 723 1315 787 committente
1342 722 1427 788 foras
1456 721 1642 807 pellenda.

363 822 504 891 ..Ἦ-
516 823 737 891 Quamobrem
759 846 888 909 operam
914 824 999 889 ludit
1023 825 1167 909 quisquis
1188 825 1251 889 hoc
1274 824 1369 889 illave
1390 824 1457 889 sive
1477 825 1641 891 mediea-

515 932 636 1006 mento,
652 927 717 992 sive
737 927 835 992 etiam
850 927 1017 1010 regimine,
1034 927 1170 993 subinde
1187 927 1224 991 iu
1239 949 1337 991 usum
1355 934 1515 1006 revoeato,
1530 928 1640 992 hunc

515 1029 667 1095 morbum
691 1030 850 1114 protelare
873 1030 1001 1113 satagit
1047 1030 1132 1094 Cum
1156 1051 1231 1095 vero
1253 1030 1308 1094 hic
1329 1029 1463 1095 habitin
1487 1037 1564 1093 tum
1585 1031 1636 1093 in

516 1131 734 1216 digestionum
755 1134 901 1197 omnium
916 1132 1173 1212 labefactatione,
1185 1141 1258 1197 tum
1273 1140 1307 1197 et
1327 1134 1362 1196 in
1377 1133 1553 1197 amissione
1568 1135 1633 1197 fir·

517 1234 685 1301 mitudinis
707 1234 864 1299 naturalis
883 1234 1026 1319 partium
1045 1234 1257 1317 singularum,
1272 1235 1442 1319 praecipue
1460 1235 1633 1299 fundetur

516 1360 554 1405 ao
568 1344 704 1417 constet,
716 1338 846 1420 utrique
860 1338 946 1403 malo
961 1335 1195 1402 occurrendum
1209 1344 1259 1401 est
1267 1363 1277 1416 3
1300 1344 1334 1402 et
1348 1344 1418 1401 tam
1431 1338 1626 1403 coctionum

515 1439 615 1505 robur
637 1460 734 1523 quam
754 1439 921 1504 firmitudo
942 1439 1084 1523 partium
1105 1438 1307 1523 pedetentim
1327 1438 1440 1503 reduci
1461 1440 1561 1504 debet
1581 1462 1627 1504 ac

516 1540 699 1621 restaurari,
714 1562 772 1626 pro
787 1541 918 1607 niodulo
933 1540 1054 1605 scilieet
1068 1540 1224 1625 pristinae
1239 1562 1276 1605 aa
1290 1548 1463 1605 consuetae
1477 1543 1624 1625 eorporis

516 1645 730 1711 oeconomiae.
787 1643 1037 1711 Quantumlibet
1065 1664 1141 1708 vero
1172 1643 1262 1708 istud
1290 1644 1385 1727 plene
1414 1644 1622 1728 perfecteque

517 1748 587 1813 fieri
604 1769 670 1813 nou
687 1768 780 1831 posse
794 1747 950 1829 videatur,
967 1768 1034 1811 non
1049 1767 1088 1812 eo
1105 1747 1210 1811 solum
1227 1747 1359 1812 nomine
1381 1747 1468 1831 quod
1486 1747 1620 1812 habitus

518 1850 701 1934 quicunque
725 1870 793 1914 non
818 1849 880 1913 nisi
907 1849 1083 1932 aegerrime
1107 1850 1144 1913 in
1167 1848 1230 1912 sibi
1255 1849 1431 1913 commanos
1455 1856 1621 1913 transmu-

516 1958 640 2029 tantur,
661 1950 719 2015 sed
744 1950 843 2015 etiam
869 1951 955 2035 quod
979 1959 1068 2016 aetas
1091 1951 1210 2033 senilis,
1234 1972 1317 2035 quae
1341 1951 1418 2015 huic
1442 1951 1557 2017 morbo
1581 1960 1622 2016 ut

516 2052 692 2136 plurimum
707 2072 812 2117 comes
827 2060 876 2117 est
894 2060 927 2117 et
943 2054 1038 2133 socia,
1054 2055 1261 2118 vehementer
1274 2054 1456 2135 refragatur
1463 2079 1474 2132 3
1496 2061 1623 2133 tamen,

517 2162 676 2237 quantum
690 2154 772 2218 vires
790 2154 932 2237 annique
953 2156 1072 2235 sinent,
1087 2156 1247 2221 tentanda
1261 2161 1310 2220 est
1325 2156 1458 2235 curatio,
1474 2162 1509 2220 et
1523 2164 1624 2240 prout

516 2276 612 2339 aeger
633 2255 763 2340 propius
786 2255 828 2320 ad
848 2255 933 2322 hanc
955 2264 1077 2322 metam
1099 2257 1240 2337 accedet,
1258 2258 1307 2321 vel
1328 2257 1458 2323 recedet
1478 2258 1623 2342 longius,

517 2357 682 2441 Podagrae
697 2358 904 2443 tyrannidem
919 2361 1024 2443 magis
1038 2356 1185 2425 minusve
1200 2362 1343 2445 effugiet.

365 2478 395 2527 1n
406 2478 505 2542 digere
562 2456 647 2547 [42]
674 2462 783 2545 Atque
813 2482 907 2545 porro
931 2462 1253 2528 animadvertendum
1278 2470 1337 2543 est,
1361 2462 1450 2549 quod
1478 2464 1625 2528 remedia

363 2558 448 2657 ’ἓξὲξ
454 2558 508 2657 2⁸:¹²
516 2560 659 2627 ammai
672 2564 722 2629 vel
737 2564 902 2648 digestiva,
919 2566 985 2630 sive
1002 2574 1128 2649 partem
1148 2567 1305 2631 medicam
1325 2588 1364 2630 ea
1381 2573 1538 2650 spectant,
1553 2566 1623 2629 sive

361 2623 487 2737 lap-rix·
516 2664 727 2746 diaeteticam,
746 2666 782 2731 iu
801 2688 1063 2753 paroxysmorum
1077 2670 1246 2753 praecipue
1264 2668 1452 2749 intervallis,
1466 2669 1501 2731 in
1521 2688 1617 2730 usum

362 2752 503 2864 ,lfflffi
515 2768 694 2834 revocanda
713 2777 790 2835 sunt
800 2796 811 2851 3
833 2770 931 2853 idque
951 2792 1050 2857 quam
1069 2771 1254 2855 longissime
1268 2772 1339 2837 fieri
1351 2778 1459 2855 potest
1470 2792 1491 2834 a
1502 2790 1616 2853 parox-

362 2882 474 2983 ffiffi
515 2892 607 2956 ysmo
621 2872 817 2939 insecuturo.
862 2873 981 2960 Neque
996 2874 1083 2939 enim
1098 2874 1168 2938 sine
1182 2896 1301 2959 magna
1314 2876 1468 2958 temporis
1482 2893 1571 2937 mora
1583 2880 1625 2937 et'

514 2974 673 3059 pertinaci
692 2976 909 3041 remediorum
923 2998 995 3057 usu,
1011 2977 1256 3042 concoctionum
1275 2977 1420 3041 omnium
1436 2975 1619 3041 corrobora-

514 3076 571 3157 tio,
587 3077 818 3143 fermentorum
835 3080 974 3163 corporis
985 3080 1054 3165 jam
1068 3079 1317 3143 imminutorum
1330 3080 1532 3158 restauratio,
1547 3085 1620 3142 tan-

514 3186 612 3263 taque
634 3181 769 3247 firmitas
791 3186 948 3266 quantam
969 3188 1127 3265 expetunt
1146 3189 1218 3247 tum
1237 3181 1380 3266 sanguis,
1398 3189 1471 3245 tum
1488 3181 1638 3264 viscera,-

515 3282 606 3346 senio
620 3282 808 3346 adversante
822 3288 959 3365 possunt
974 3284 1106 3368 acquiri.

564 3386 647 3469 [43]
675 3385 923 3451 Quantumlibet
937 3408 1012 3452 vero
1029 3388 1154 3473 prosint
1164 3388 1244 3455 haec
1255 3390 1381 3475 aliaque
1399 3388 1558 3473 ejusmodi
1570 3408 1622 3451 re·

515 3486 631 3567 media,
643 3494 788 3552 attamen
798 3488 886 3553 hisce
898 3490 973 3554 solis
987 3490 1067 3555 haec
1082 3492 1308 3557 corroborandi
1321 3491 1462 3556 intentio
1473 3489 1621 3554 satisfieri

515 3589 646 3673 nequit3
671 3590 727 3654 sed
748 3597 781 3656 et
804 3612 916 3655 earum
940 3593 1038 3658 etiam
1062 3616 1169 3659 rerum
1192 3594 1342 3659 habenda
1363 3601 1413 3659 est
1431 3594 1515 3658 ratio
1536 3612 1623 3679 quae

516 3691 558 3757 ad
573 3692 689 3756 Artem
703 3693 830 3777 proprie
846 3694 1011 3760 Medicam
1033 3719 1101 3762 non
1116 3706 1281 3781 spectant:
1304 3704 1338 3762 et
1355 3696 1532 3761 certissime
1544 3702 1618 3757 voto

514 3794 724 3859 frustrabitur
737 3795 834 3881 isqui
848 3797 883 3861 iu
897 3798 959 3863 hoc
971 3799 1071 3865 aliove
1082 3800 1196 3865 morbo
1211 3800 1371 3865 Chronico
1385 3821 1514 3864 omnem
1529 3818 1617 3862 cura·

515 3896 639 3962 tionem
658 3898 902 3965 medicamentis
923 3902 999 3967 solis
1019 3903 1141 3967 absolvi
1159 3925 1252 3987 posse
1270 3910 1429 3967 autumat.
1474 3902 1619 3966 Primum

408 4035 429 4067 e
515 4000 626 4086 itaque
652 4002 751 4066 eain
776 4002 848 4068 cibo
872 4012 1017 4089 potuque
1042 4006 1245 4071 mediocritas
1274 4014 1324 4070 est
1348 4004 1556 4081 observanda,
1582 4008 1622 4065 ut

515 4126 621 4189 neque
640 4105 713 4190 plus
735 4106 881 4171 alimenti
902 4107 1070 4191 ingeratur
1091 4130 1187 4193 quam
1201 4108 1399 4173 ventriculus
1421 4124 1624 4191 concoquere

515 4209 629 4288 valeat,
645 4230 682 4273 ao
696 4210 831 4294 proinde
846 4210 958 4275 morbo
972 4211 1074 4276 fomes
1089 4211 1366 4289 subministretur3
1387 4231 1496 4296 neque
1511 4230 1529 4273 e
1543 4230 1619 4273 cou-

515 4320 576 4393 tra,
589 4312 690 4377 nimia
704 4312 901 4379 abstinentia
914 4321 1022 4398 partes
1037 4336 1075 4379 ea
1087 4315 1296 4400 proportione
1310 4313 1544 4377 defraudentur
1557 4331 1621 4394 qua

515 4415 691 4481 earundem
705 4415 804 4481 robur
814 4423 847 4481 et
857 4417 947 4501 vigor
962 4417 1116 4482 debuerat
1127 4418 1289 4496 sustiueri,
1300 4416 1388 4481 unde
1403 4416 1503 4481 etiam
1516 4413 1620 4495 magis

516 4516 747 4582 debilitentur:
771 4540 908 4603 quorum
929 4527 1105 4604 utrumque
1126 4541 1166 4584 ex
1187 4541 1291 4606 aequo
1312 4526 1418 4598 nocet,
1436 4524 1534 4603 prout
1552 4524 1624 4580 tam

515 4620 553 4683 in
565 4620 688 4704 meipso
703 4642 799 4703 quam
814 4622 850 4685 in
865 4622 935 4687 aliis
950 4623 1040 4688 haud
1054 4624 1154 4687 semel
1168 4632 1319 4707 expertus
1333 4644 1417 4686 sum.
1461 4620 1517 4699 Ad
1530 4620 1624 4697 haec„

517 4721 659 4787 ciborum
679 4724 868 4807 qualitatem
890 4726 977 4807 quod
996 4734 1128 4811 spectat,
1143 4726 1220 4791 licet
1238 4724 1382 4793 edoma
1396 4747 1453 4811 per
1468 4746 1503 4789 se
1517 4723 1620 4801 consi-

1761 1113 1766 1216 l
