3825 5759
430 680 828 747 OBSERVA'PIONUM
851 680 1136 747 MEDICARUM
1160 690 1185 743 I.
1204 694 1229 743 e.
1334 680 1379 744 83

274 839 488 906 subducenda
510 848 560 907 est
583 842 737 906 materiae
761 838 895 906 febrilis
921 864 995 925 pars
1020 842 1137 925 aliqua,
1160 863 1225 926 quo
1245 840 1378 904 liberius
1407 850 1516 901 Perre·

271 952 386 1007 cortex
406 964 465 1009 suo
479 945 637 1027 fungatur
655 964 807 1009 munere:
831 964 906 1009 cum
926 945 1014 1009 enim
1034 944 1075 1007 ab
1089 954 1228 1027 utraque
1241 942 1379 1008 labefac-
1394 914 1533 1028 {11}ssssss

273 1052 367 1109 tetur
382 1047 608 1129 quadantenus
626 1047 812 1111 oeconomia
826 1047 976 1129 eorporis,
992 1066 1030 1110 eo
1048 1046 1226 1130 promptius
1245 1046 1378 1109 certius·
1389 1046 1528 1127 Q

274 1170 340 1230 que
362 1149 588 1213 recrudesceut
609 1149 801 1233 pasorysmi,
824 1157 1034 1214 evanescente
1055 1150 1153 1214 semel
1176 1149 1317 1233 pulveris
1337 1148 1378 1213 vi.

278 1252 365 1315 Mihi
380 1252 478 1317 etiam
493 1252 596 1334 magis
611 1273 629 1315 e
643 1272 679 1315 re
693 1252 761 1315 fore
775 1252 903 1316 videtur
917 1260 955 1317 ut
970 1253 1163 1335 sanguinem
1177 1252 1265 1317 dicto
1279 1251 1379 1316 medi·

278 1354 405 1417 camine
434 1354 554 1418 sensim
579 1354 787 1438 longioraque
811 1377 831 1418 a
853 1356 1051 1439 paroxysmis
1073 1354 1242 1420 intervallo
1267 1353 1381 1419 leviter

277 1456 469 1536 inficiamus,
486 1478 583 1539 quam
606 1464 644 1520 ut
666 1478 733 1521 uuo
754 1456 888 1521 omnino
906 1458 977 1521 ictu
995 1477 1223 1541 paroxysmum
1239 1458 1309 1541 jam
1329 1458 1380 1521 in·

276 1566 421 1623 stantem
435 1566 600 1624 tentemus
611 1558 799 1623 confodere:
822 1560 883 1623 hoc
895 1560 982 1623 euim
992 1568 1087 1644 pacto
1101 1566 1135 1623 et
1143 1562 1216 1644 plus
1226 1559 1381 1643 temporis

280 1661 421 1725 remedio
453 1661 641 1725 conceditur
672 1682 736 1745 quo
765 1682 860 1725 suum
890 1682 971 1745 opus
1005 1661 1134 1745 plenius
1162 1661 1317 1739 absolvet,
1347 1670 1382 1727 et

280 1764 420 1827 evitatur
439 1763 591 1846 quicquid
604 1762 639 1825 id
661 1770 710 1827 est
731 1764 865 1847 pericadi
887 1763 975 1846 quod
994 1782 1090 1845 aegro
1109 1763 1229 1847 poterit
1246 1762 1323 1826 oriri
1340 1782 1381 1826 ex

280 1865 390 1929 subito
403 1866 467 1929 isto
481 1872 578 1947 atque
592 1866 818 1949 intempestivo
833 1865 930 1929 nimis
945 1865 1135 1945 sufflamine,
1151 1886 1216 1949 quo
1230 1886 1380 1949 paroxys-

278 1988 369 2031 mum
401 1967 470 2050 jam
498 1967 748 2031 invalescentem
778 1974 876 2051 atque
909 1968 999 2033 omni
1034 1988 1069 2031 se
1098 1988 1160 2051 ope
1194 1974 1381 2031 exerentem

281 2090 436 2134 conamur
457 2071 645 2153 opprimere.
695 2070 874 2149 Postremo,
897 2070 1047 2135 brevibus
1063 2070 1135 2134 istis
1155 2070 1310 2153 temporis
1330 2070 1380 2133 iu·

279 2172 421 2235 tervallis
446 2172 639 2255 repetendus
663 2180 712 2236 est
741 2174 854 2255 pulvis,
881 2180 919 2237 ut
947 2194 1016 2237 non
1041 2172 1189 2256 protinus
1212 2180 1381 2237 evanescat

281 2275 396 2357 prioris
412 2274 496 2339 dosis
510 2274 611 2338 virtus
626 2282 800 2359 antequam
816 2276 918 2339 altera
935 2275 1143 2339 exhibeatur:
1167 2274 1279 2339 crebra
1293 2273 1382 2337 enim

280 2376 472 2460 repetitione
497 2377 561 2441 ista
586 2375 689 2459 εὐεξία
713 2378 847 2442 taudem
870 2376 1122 2463 recuperabitur,
1147 2376 1317 2461 profligato
1346 2376 1383 2439 in

281 2480 420 2544 solidum
441 2479 564 2545 morbo.
622 2480 705 2563 [35.]
739 2480 801 2543 His
824 2481 984 2545 adductus
1008 2480 1189 2545 rationibus
1210 2479 1296 2543 hanc
1321 2498 1382 2561 ego

282 2582 472 2647 methodum
494 2582 627 2646 caeteris
648 2590 827 2666 antepono:
858 2580 1031 2646 Peruviami
1053 2582 1180 2646 corticis
1199 2580 1297 2645 uncia
1315 2600 1383 2644 una

282 2706 359 2748 cum
385 2685 512 2769 syrupi²
535 2704 680 2748 rosarum
705 2684 878 2748 rubrarum
907 2685 1012 2749 unciis
1037 2684 1164 2749 duabus
1189 2682 1364 2745 misceatur
1371 2702 1382 2759 3

281 2808 377 2870 aeger
400 2808 474 2851 vero
500 2787 715 2870 quantitatem
740 2786 832 2850 nucis
854 2786 1039 2849 moechatae
1065 2784 1203 2869 majoris,
1229 2804 1323 2847 mane
1348 2790 1382 2846 et

282 2912 362 2969 sero,
386 2889 529 2973 quotidie
549 2890 689 2968 devoret,
710 2889 823 2953 diebus
845 2910 866 2951 1
889 2887 1032 2971 genuino
1054 2906 1247 2969 paroxysmo
1265 2882 1382 2961 vacuis,

281 2993 384 3056 donec
406 2992 640 3057 confectionem
659 3012 789 3056 omnem
811 2988 1032 3072 absumpserit.
1087 2988 1266 3070 Repetatur
1288 3004 1383 3068 porro

282 3097 324 3161 ad
338 3104 404 3160 tres
415 3096 493 3160 alias
507 3096 600 3175 vices,
616 3094 794 3180 interjectis
809 3114 935 3177 semper
949 3091 1063 3156 diebus
1078 3088 1331 3174 quatuordeeim.

330 3198 413 3283 [36]
445 3200 561 3283 Neque
586 3200 690 3264 fortey
715 3196 933 3263 comminori
956 3195 1065 3259 fructu
1089 3193 1236 3276 usurpari
1264 3190 1383 3276 poterit
1396 3210 1498 3260 memet
1510 3214 1536 3263 in

283 3309 393 3365 cortex
407 3301 460 3365 hie
474 3301 509 3364 in
524 3301 694 3379 Tertianis,
707 3322 771 3383 qua
785 3298 913 3377 Vernis,
927 3318 991 3381 qua
1004 3294 1268 3372 Autumnalibus,
1284 3316 1382 3377 quam
1393 3276 1537 3403 {ffiffik

283 3404 317 3466 in
334 3403 509 3468 Quartanis
527 3403 707 3467 adhibetur.
755 3402 820 3465 Sed
842 3402 891 3483 (ut
907 3421 984 3464 vera
1004 3400 1183 3483 loquamur,
1201 3418 1262 3462 neo
1279 3402 1382 3461 artem
1394 3420 1443 3467 qm
1454 3407 1509 3483 Aa.

284 3504 560 3593 temerantem*
572 3506 793 3587 ostentemus,)
807 3504 834 3567 si
849 3504 966 3566 harum
981 3501 1133 3566 Febrium
1144 3500 1300 3564 alterutra
1313 3520 1382 3563 cor.
1394 3470 1518 3592 {ffl'm

283 3615 393 3691 reptus
409 3628 504 3691 aeger
517 3608 567 3671 vel
581 3608 688 3671 infans
704 3608 755 3685 sit,
767 3606 817 3669 vel
832 3612 937 3669 aetate
952 3598 1530 3727 1101011,οο11101111011111111οῗὴξῃ“3ἕῖ

287 3712 456 3795 (quantum
471 3732 532 3795 ego
545 3710 702 3775 hactenus
718 3708 850 3773 edoctus
865 3708 960 3790 sum,)
976 3706 1058 3771 nihil
1073 3704 1383 3769 medicamentorum
1395 3734 1448 3777 mg

284 3814 466 3896 quorumvis
484 3835 553 3898 ope,
570 3820 626 3877 aut
644 3814 728 3879 aeris
748 3834 785 3876 ac
803 3811 928 3875 diaetae
948 3810 1129 3873 mutatione
1150 3808 1257 3871 moliri
1267 3834 1277 3886 ;
1299 3806 1383 3870 nihil
1393 3806 1448 3928 11¹3&
1434 3806 1535 3919 1¹13?ss

284 3918 370 3980 enim
384 3917 462 3981 hinc
476 3918 553 3981 mali
568 3922 682 3981 natum
697 3916 863 3997 hucusque
877 3912 1069 3991 intellexi,si
1084 3912 1181 3977 modo
1194 3918 1299 3975 totam
1312 3930 1382 3974 rem
1394 3935 1503 3983 rentibus

284 4019 430 4083 Naturae
451 4018 660 4102 permiserim.
714 4017 756 4082 Id
779 4016 864 4099 quod
887 4036 947 4098 ego
972 4036 1041 4079 uon
1065 4014 1136 4077 sine
1157 4011 1380 4089 admiratione,
1394 3998 1537 4111 {imm

283 4122 452 4205 praecipue
477 4122 512 4185 iu
534 4120 712 4199 infantulis,
737 4140 831 4203 saepe
853 4117 1035 4195 observavi;
1061 4114 1220 4198 sanguine
1240 4128 1536 4195 namquesiveouar-

284 4224 493 4307 depuratioue
507 4246 566 4287 sua
577 4224 738 4301 defuncto,
750 4222 868 4286 Febres
883 4220 956 4283 illae
972 4228 1087 4301 sponte
1101 4238 1160 4279 sua
1170 4222 1380 4279 evanuerunt.
1392 4191 1527 4311 ffiss‘s

286 4326 380 4391 Quod
395 4327 423 4389 si
438 4332 557 4404 autem,
570 4346 588 4389 0
602 4325 773 4403 contrario,
783 4324 834 4387 vel
849 4320 1001 4386 strictiori
1016 4319 1124 4401 aliquo
1137 4316 1296 4399 regimine
1310 4322 1381 4379 uta·
1394 4325 1503 4431 31⁸⁸ss

284 4426 340 4505 ris,
359 4430 410 4492 vel
431 4428 667 4492 medicamenta
686 4425 860 4511 purgantis
882 4421 1020 4487 subinde
1041 4418 1204 4496 adhibeas,
1224 4417 1382 4498 (adhiberi
1393 4447 1535 4510 mim.

286 4530 407 4599 tcilicet
436 4530 540 4594 solent
570 4551 608 4593 eo
630 4536 809 4613 praetextu,
836 4534 874 4591 ut
900 4521 1136 4590 obstructiones
1161 4518 1380 4603 expediantur,
1394 4512 1431 4559 ἃ*

319 4677 331 4701 ¹
349 4681 447 4745 Syrupt]
463 4684 587 4729 conservae
598 4682 635 4728 ed.
648 4682 670 4731 ’7
673 4682 695 4729 6.
855 4678 910 4741 quis
925 4689 953 4721 ea
967 4680 1073 4735 nugatur
1083 4687 1144 4735 quae
1160 4672 1252 4720 adrem
1269 4687 1382 4745 praesen·

319 4750 330 4782 ἵ
348 4746 426 4807 Neque
437 4744 501 4807 sorte
519 4744 572 4807 dc]
592 4748 617 4792 Si
636 4748 713 4805 itaque
731 4746 810 4791 hurum
855 4752 904 4791 tem
915 4736 978 4787 nihil
989 4738 1116 4785 attinent''
1150 4735 1247 4783 Erubui
1265 4740 1342 4799 Δάας.
1356 4735 1380 4782 ir.

288 4810 394 4856 febriam
405 4813 518 4857 alterutra
530 4810 567 4869 dfe.
580 4808 632 4855 edd.
645 4809 693 4863 '66‚
706 4808 753 4853 'fla
856 4810 877 4855 4.
889 4804 942 4855 57⁴
963 4801 1084 4859 G⁸l⁸s⁰rd‚
1096 4802 1197 4847 Pam·
1211 4802 1293 4848 Graec·

319 4878 328 4900 ¹
345 4870 420 4921 obab
436 4872 495 4935 orphe
511 4874 628 4919 Διόνυσον
645 4872 732 4917 dicitur
748 4874 761 4896 ‘⁸
771 4870 812 4916 ubi
