3825 5759
485 625 537 689 xvi
654 620 760 687 ruo.
785 619 1043 687 sunuuuuu
1066 618 1218 685 orosa
1239 617 1407 683 ouum.
1489 578 1496 587 ’

365 792 442 841 vm.
655 782 811 835 unusne
828 780 985 831 verume
1002 780 1210 833 saruacsuu
1227 780 1417 839 vusneus,

414 863 473 871 ”“
758 880 808 931 us
826 878 891 929 am
910 878 1087 929 nanuum
1103 877 1315 937 inruemur,

675 976 748 1027 uoc
766 975 929 1027 nsanos
945 974 1033 1025 pour
1049 974 1170 1025 suss1r
1187 975 1406 1027 coaaueiuu

634 1074 783 1125 seusun
802 1072 1030 1123 uumcoauu
1046 1072 1285 1124 LONDINENSE
1302 1074 1369 1125 au.
1383 1076 1452 1125 uro.

885 1171 1023 1221 errius
1041 1171 1193 1224 uamro.

336 1368 361 1417 1)
387 1367 408 1415 T
423 1366 454 1415 be
538 1304 622 1390 [19.]
649 1302 763 1369 Paullo
778 1310 854 1369 ante
868 1309 1007 1368 mortem
1020 1301 1140 1368 tabidis
1151 1324 1279 1388 quoque
1288 1304 1469 1388 prospicere
1484 1303 1591 1370 adhue

336 1383 448 1481 filistiim
489 1406 637 1492 cupiebat
645 1432 655 1487 ς
678 1406 801 1471 etenim
815 1406 901 1491 apud
920 1407 1068 1471 animum
1082 1408 1305 1485 constituerat,
1320 1429 1367 1485 ea,
1383 1428 1465 1489 quae
1483 1408 1591 1491 ipsum

337 1498 445 1609 ἓξὲξ
490 1511 597 1595 ampla
610 1509 807 1594 experientia
819 1509 859 1574 de
874 1509 1103 1594 praecavendo,
1114 1508 1276 1589 leniendo,
1287 1515 1321 1571 et
1335 1510 1479 1573 amando
1492 1509 1591 1573 hoeoe

336 1626 445 1690 peresis.
490 1615 612 1695 morbo,
627 1616 663 1679 in
677 1616 798 1699 Anglia
812 1615 987 1679 admodum
1005 1615 1177 1698 nequenti,
1193 1613 1356 1693 docuerat,
1370 1615 1406 1678 in
1424 1614 1532 1679 libello
1550 1616 1592 1679 de

490 1718 613 1803 phthisi
626 1716 746 1803 publici
755 1717 838 1801 juris
852 1717 968 1781 facere
1006 1715 1071 1778 Sed
1084 1736 1153 1779 nou
1162 1716 1226 1778 nisi
1237 1716 1422 1799 fragmenta
1435 1717 1593 1801 quaedam

491 1822 533 1887 ad
552 1842 605 1886 ess
625 1840 676 1884 res
695 1816 900 1902 pertinentia,
924 1837 1004 1899 quas
1024 1816 1061 1879 in
1081 1816 1186 1899 primo
1205 1816 1311 1883 morbi
1327 1818 1433 1884 stadio
1453 1820 1593 1902 aegrotis

491 1925 649 2009 proficuas
678 1927 850 2003 repererat,
875 1917 916 1983 ab
942 1918 1057 1983 eodem
1085 1920 1154 1984 viro
1182 1920 1310 1985 erudito
1339 1921 1396 2006 qui
1424 1924 1594 1987 Processus

492 2028 634 2107 Integra
648 2022 759 2101 edidit,
774 2021 925 2105 evulgata
938 2028 1027 2086 sunt.

342 2182 393 2240 Pio.
405 2182 478 2230 bens.
542 2124 627 2213 [eu]
651 2124 765 2193 Qualis
789 2124 1018 2209 Sydenhamio,
1036 2122 1177 2205 Medico,
1196 2125 1295 2191 fuerit
1313 2126 1448 2207 indoles,
1463 2144 1504 2192 er
1524 2128 1595 2212 ejus

209 2308 212 2313 Δ
341 2247 473 2373 mptu-
495 2229 621 2314 seriptis
631 2234 736 2313 pstet3
753 2248 833 2311 quae
844 2226 1097 2292 luculentissime
1106 2228 1256 2311 probant,
1266 2230 1354 2294 illius
1364 2231 1595 2314 experientiam

342 2382 394 2425 erat
405 2391 435 2425 sn

438 2376 458 2425 i·
493 2340 657 2406 Medicam
671 2360 739 2404 non
754 2339 854 2403 solam
876 2344 910 2403 et
931 2338 1061 2402 unioam
1079 2339 1178 2403 fuisse
1199 2340 1363 2419 virtutem,
1379 2362 1443 2425 qua
1456 2340 1595 2425 reliquos

343 2456 390 2489 ¹¹²⁰·
495 2464 572 2507 suae
595 2442 709 2507 aetatis
733 2440 879 2507 Medieos
903 2442 1046 2505 multum
1069 2442 1251 2526 superabat.
1296 2444 1459 2508 Benevolo
1486 2442 1596 2507 eandi-

495 2547 600 2630 doque
623 2544 732 2609 animo
751 2550 840 2622 erst3
863 2564 946 2627 quae
971 2544 1042 2608 aliis
1063 2545 1234 2628 profutura
1254 2566 1324 2609 esse
1343 2552 1449 2625 norat,
1469 2567 1509 2611 ea
1528 2566 1597 2611 non

495 2648 677 2713 invidorum
692 2667 782 2711 more
801 2646 862 2710 nbi
880 2652 1012 2711 tantum
1029 2648 1186 2727 servabat,
1202 2648 1259 2713 sed
1271 2648 1397 2713 liberali
1410 2650 1507 2715 modo
1521 2670 1597 2714 cum

497 2750 567 2815 aliis
588 2747 856 2814 eommunieabat.
902 2748 1064 2833 Religioso
1089 2750 1225 2815 DEUM
1250 2751 1386 2833 uolebat,
1401 2752 1504 2837 Cujus
1519 2774 1596 2836 quo·

496 2853 557 2917 ties
575 2852 775 2919 mentionem
796 2852 910 2937 injicit,
925 2874 1053 2917 summa
1072 2874 1147 2918 eum
1169 2855 1350 2920 reverentis
1365 2856 1459 2920 Illius
1473 2854 1598 2940 praedi·

496 2963 549 3022 eat
563 2978 701 3036 nomen;
723 2964 757 3022 et
772 2978 792 3020 a
807 2956 882 3022 Quo
899 2957 1022 3023 derivat
1037 2957 1190 3041 quiequid
1206 2957 1284 3023 boni
1299 2980 1318 3023 e
1332 2982 1391 3024 sua
1404 2960 1600 3044 experientia

497 3060 628 3127 Medios
648 3062 684 3126 in
707 3060 844 3125 aliorum
867 3061 1041 3125 sanitatem
1062 3060 1301 3125 redundaverit.
1345 3062 1438 3127 Nihil
1459 3063 1600 3145 praecla-

496 3166 564 3229 ¹ius
587 3165 815 3247 antiquiusque
843 3162 994 3240 habebat,
1017 3185 1115 3245 quam
1137 3164 1282 3227 humano
1311 3167 1423 3247 generi
1445 3188 1505 3229 sua
1526 3187 1598 3229 eru·

498 3265 621 3329 ditione
639 3284 760 3346 suoque
774 3262 864 3326 Artis
881 3263 1038 3346 Salutaris
1058 3285 1119 3327 usu
1138 3263 1313 3327 utilitatem
1328 3264 1462 3328 adferre.
1505 3266 1599 3329 Tune

499 3386 534 3429 se
556 3366 696 3429 maxime
718 3364 843 3427 ielioem
866 3363 1082 3447 praedicabat,
1108 3384 1183 3429 oum
1205 3364 1290 3427 viam
1308 3386 1346 3428 aa
1367 3366 1527 3430 rationem
1547 3366 1598 3430 in-

498 3468 623 3533 venisse
637 3468 698 3532 sibi
711 3466 882 3545 videretur,
892 3488 956 3549 qua
969 3465 1165 3544 morborum,
1176 3466 1233 3549 qui
1245 3467 1419 3532 maximam
1429 3468 1599 3533 hominum

499 3578 641 3655 stragem
662 3570 755 3635 edere
779 3569 935 3647 solebant,
959 3568 1123 3633 saevitiam
1145 3574 1301 3649 coercere,
1323 3572 1599 3655 plurimorumque

499 3674 668 3739 hominum
682 3673 782 3737 vitam
796 3672 1031 3756 sanitatemque
1044 3679 1170 3755 poterat
1185 3692 1382 3737 eonsersaie.
