3825 5759
508 615 517 632 '
546 657 767 722 sarsroua
790 658 817 722 1.
843 657 1170 722 anscousoam.
1343 659 1407 722 aas

305 816 367 882 bus
381 815 673 882 intermittentibus
685 818 880 904 quandoque
894 818 1123 903 supervenerit.
1152 819 1282 904 Nempe
1296 841 1407 884 aarum
1421 845 1462 893 n„
1471 847 1560 894 Mors.

305 920 488 1004 paroxysmi
503 941 571 983 non
592 941 668 984 cum
681 921 787 1003 rigore
805 928 838 985 et
852 922 994 1000 horrore,
1009 945 1090 1008 quas
1110 931 1224 1007 postea
1240 923 1338 988 febris
1353 945 1406 988 ex·
1433 911 1549 1026 {¹2⁰}J'

305 1021 393 1104 cipit,
408 1021 614 1101 invadebant,
631 1023 687 1086 sed
705 1044 800 1106 aeger
813 1023 928 1088 iisdem
942 1023 1039 1108 plane
1058 1025 1281 1110 symptomatis
1300 1032 1406 1090 tenta-

305 1122 403 1186 batur
418 1145 454 1188 ae
474 1123 501 1186 si
519 1123 685 1208 apoplexia
698 1146 773 1188 vera
790 1125 976 1205 laborasset,
992 1148 1076 1212 quae
1090 1135 1202 1193 tamen
1222 1129 1305 1192 nihil
1319 1129 1408 1192 aliud
1420 1073 1548 1180 mndi-

306 1231 391 1289 esset
413 1225 589 1313 (utcunque
608 1227 697 1292 hunc
719 1228 871 1292 affectum
892 1231 1130 1314 aemularetur,)
1153 1253 1253 1317 quam
1272 1231 1344 1315 ipsa
1361 1231 1407 1294 fe·
1420 1201 1562 1323 issfflff

307 1327 374 1392 bris
389 1335 486 1412 caput
500 1329 660 1413 impetens
669 1355 678 1408 ;
700 1337 740 1394 ut
760 1351 799 1395 ex
822 1332 891 1396 aliis
914 1333 1025 1416 signis,
1041 1334 1088 1398 ita
1109 1335 1269 1399 excolare
1282 1335 1407 1413 urinae,
1421 1339 1554 1437 ω’ῗῃζξὲω

308 1431 386 1494 satis
408 1431 563 1517 liquebat,
579 1454 663 1518 quae
682 1432 718 1496 in
735 1433 1029 1499 intermittentibus
1043 1444 1082 1500 ut
1097 1437 1272 1520 plurimum
1290 1437 1408 1502 rubore
1420 1453 1516 1502 sanan.

308 1539 453 1598 saturato
473 1541 570 1616 extat,
586 1535 690 1622 qualis
712 1535 855 1600 cernitur
869 1536 905 1600 in
919 1537 1016 1601 urina
1037 1557 1148 1602 eorum
1163 1539 1221 1624 qui
1242 1539 1342 1603 ictaro
1362 1539 1408 1602 la·
1422 1534 1564 1647 gudw-

308 1637 435 1718 borant,
459 1639 521 1703 etsi
540 1661 607 1704 non
626 1639 706 1704 adeo
725 1640 853 1703 intense
876 1639 982 1718 rubet,
1003 1647 1037 1704 et
1053 1640 1174 1724 pariter
1192 1640 1409 1704 sedimentum
1421 1615 1535 1712 “iffi
1547 1616 1564 1647 ¹'

308 1741 441 1826 deponit
455 1743 618 1826 pulverem
632 1743 771 1807 laterum
786 1743 853 1806 fere
867 1741 1020 1806 referens.
1066 1742 1140 1808 Hoc
1159 1748 1268 1806 autern
1281 1741 1318 1806 in
1333 1763 1409 1806 casu
1423 1753 1511 1801 enutio
1522 1755 1552 1801 aa

308 1845 547 1929 quantumlibet
569 1845 792 1910 evacuationes
814 1865 936 1925 omnes,
948 1835 1178 1929 'cujuscunque
1200 1844 1333 1908 demum
1354 1865 1408 1926 ge·
1421 1818 1542 1931 ffiffl}

307 1946 394 2010 neris
408 1947 484 2025 sint,
499 1947 634 2012 indicari
648 1948 808 2026 videntum,
821 1947 862 2012 ad
876 1947 1075 2011 revellendos
1090 1947 1211 2011 scilieet
1225 1968 1265 2012 ex
1278 1947 1410 2013 cerebro

307 2047 468 2129 humores,
483 2052 572 2116 utin
587 2039 920 2136 apoplexiaprimaria
938 2051 1010 2116 fieri
1029 2052 1111 2116 solet
1119 2077 1130 2130 3
1152 2052 1284 2117 eaedem
1297 2059 1410 2118 tamen

308 2153 439 2218 omnino
453 2154 652 2218 omittendae
672 2159 760 2233 sunt,
774 2161 889 2238 utpote
903 2176 988 2241 quae
1007 2155 1198 2238 originariae
1212 2154 1311 2240 hujus
1325 2178 1410 2239 sym-

308 2255 461 2338 ptomatis
485 2277 611 2334 causae,
634 2255 718 2320 febri
742 2276 859 2340 nempe
884 2255 1126 2335 intermittenti,
1148 2278 1278 2340 prorsus
1300 2258 1410 2322 adver-

309 2363 430 2434 sentur,
446 2379 483 2423 ae
498 2358 632 2443 proinde
647 2365 785 2424 mortem
801 2367 966 2424 accersant
974 2385 984 2437 ;
1007 2359 1096 2445 quod
1110 2366 1143 2423 et
1157 2360 1225 2444 ipse
1239 2360 1324 2425 novi.
1364 2361 1411 2427 At

309 2467 460 2540 econtra,
466 2461 700 2545 expectandum
710 2462 812 2526 donec
823 2483 1033 2547 paroxysmus
1042 2469 1157 2546 sponte
1168 2485 1227 2526 sua
1237 2465 1412 2544 evanuerit,

309 2585 375 2650 quo
396 2571 541 2648 tempore
564 2565 693 2644 Cortex,
715 2565 812 2630 modo
835 2565 931 2630 citius
953 2564 1042 2627 idern
1064 2565 1170 2646 ingeri
1192 2586 1259 2629 non
1283 2566 1412 2649 poterit,

309 2669 550 2754 quamprimum
570 2674 619 2732 est
636 2668 846 2746 exhibendus,
862 2674 896 2734 et
913 2667 949 2730 in
970 2666 1148 2732 intervallis
1167 2666 1207 2732 ab
1227 2667 1414 2752 hujusmodi

310 2771 544 2835 accessionibus
558 2770 668 2834 liberis
681 2771 768 2834 idem
784 2770 895 2836 sedulo
909 2768 1114 2853 repetendus,
1129 2789 1235 2857 usque
1249 2769 1328 2834 dum
1341 2791 1414 2855 per·

310 2873 394 2938 fecte
409 2873 606 2940 convaluerit
621 2893 725 2956 aeger.

360 2973 470 3058 [35.]¹¹¹
496 2975 743 3061 Nonnunquam
753 2975 870 3040 accidit
887 2975 961 3058 (etsi
975 2997 1132 3062 perquam
1146 2977 1241 3058 raro,)
1256 2983 1294 3041 ut
1308 2995 1412 3054 senes,
1426 3000 1500 3050 Sena
1511 3002 1560 3050 im-

310 3075 368 3162 qni
382 3075 440 3139 diu
453 3076 514 3140 hoc
532 3076 644 3142 morbo
662 3084 759 3142 antea
776 3078 975 3158 laborarunt,
992 3101 1029 3143 ac
1045 3080 1170 3144 interes
1182 3077 1411 3144 venae-sectio·
1424 3067 1567 3179 ffffffi·

310 3177 407 3243 nibus
422 3185 456 3243 et
470 3179 654 3244 catharticis
668 3180 816 3264 imperite
830 3181 953 3244 fireriut
967 3182 1172 3259 mulctatam
1186 3181 1347 3246 diabetem
1361 3181 1411 3244 in-
1423 3195 1502 3243 besem
1512 3196 1557 3244 ui-

310 3279 430 3358 cidant,
445 3279 544 3344 etiam
558 3280 647 3345 febre
658 3282 728 3364 jam
738 3282 879 3365 perfecte
889 3281 1012 3366 fugata.
1042 3283 1176 3348 Etenim
1189 3305 1264 3348 cum
1279 3282 1410 3366 sangnis
1422 3261 1564 3374 qpiqqqoin-

309 3403 431 3461 eorum,
448 3381 567 3447 abhinc
587 3382 783 3461 debilitatus,
800 3384 1014 3450 assimilandis
1037 3386 1140 3450 succis
1159 3386 1189 3449 ei
1207 3385 1305 3450 illatis
1322 3405 1411 3469 pror·

310 3505 365 3548 sus
384 3484 488 3569 impar
507 3484 673 3565 reddatur,
688 3485 786 3550 iidem
805 3508 862 3571 per
881 3485 947 3552 vias
966 3487 1125 3552 udnarias
1145 3487 1238 3552 crudi
1256 3488 1362 3552 adhuc
1379 3495 1413 3553 et

309 3583 490 3652 inconcocti
512 3588 635 3652 exitum
658 3588 720 3653 sibi
743 3595 925 3676 quaerunt3
958 3589 1160 3675 proindeque
1181 3611 1259 3674 prae
1285 3590 1414 3673 ingenti

310 3690 423 3755 urinae
437 3691 538 3775 copia,
550 3693 677 3779 quoties
692 3713 764 3757 eam
778 3693 930 3773 reddunt,
942 3701 1080 3773 excreta,
1096 3693 1217 3758 sensim
1231 3693 1312 3758 vires
1326 3694 1413 3758 labe·

309 3794 482 3874 faetantur,
512 3801 545 3859 et
574 3796 668 3881 quasi
698 3795 881 3862 substantia
909 3795 1051 3880 corporis
1079 3818 1138 3881 per
1159 3797 1245 3862 hanc
1272 3797 1413 3862 cloacam

310 3895 505 3961 exinanitur.
550 3897 593 3961 In
615 3897 676 3963 hoc
694 3899 822 3978 affectu,
838 3898 889 3963 uti
909 3905 942 3963 et
964 3899 1000 3962 in
1018 3899 1108 3963 omni
1126 3899 1536 3985 diabete,exqua·1„0„„,1

309 4019 438 4085 cunque
460 3998 623 4086 προφάσει
645 4001 803 4084 originem
825 4001 933 4081 ducat,
956 4001 1120 4066 emativae
1140 4002 1352 4068 indicationes
1371 4003 1413 4067 ad
1425 3993 1565 4120 effi&

311 4101 503 4184 sanguinem
524 4102 772 4185 invigorandum
799 4102 1145 4187 corroborandumque,
1168 4125 1206 4168 ac
1229 4104 1351 4187 pariter
1371 4104 1413 4168 ad
1426 4121 1472 4168 dus
1483 4132 1520 4171 est

292 4203 295 4208 ’
311 4203 433 4266 fluxum
447 4203 561 4268 cunae
575 4205 885 4289 praeternaturalem
900 4203 1174 4286 restringendum,
1189 4205 1322 4268 omnino
1337 4203 1413 4268 diri·
1426 4189 1533 4249 “m

1427 4263 1559 4318 Methodus

311 4303 436 4389 gendae
451 4313 545 4372 sunt:
567 4316 660 4386 ut,—
1426 4329 1555 4394 therapeu-

1426 4391 1481 4443 sica

313 4477 415 4545 [Form.
430 4477 509 4550 ὁτὲ]ΙΙ
528 4475 559 4558 R,
579 4479 723 4534 Theriacae
736 4477 913 4532 Andromacbl
926 4475 1131 4545 semiunciam,

576 4566 725 4618 conservae
738 4562 889 4616 llavadiuis
900 4561 1091 4616 dalmatiarum
1103 4561 1210 4613 uncum
1222 4579 1313 4627 unam,

575 4649 725 4704 Diascordii
736 4649 917 4712 semiunciam,

576 4735 729 4789 Zinziberis
741 4734 859 4798 Coudid,

376 4856 393 4878 “
411 4848 450 4898 cf.
464 4851 564 4898 Proceu.
578 4850 623 4897 lat.
636 4863 656 4894 c.
670 4849 708 4897 ³7.
1134 4845 1146 4869 ¹
1164 4843 1202 4892 Cf.
1213 4843 1281 4892 form
1294 4846 1349 4893 281.

841 4947 858 4987 P
874 4948 895 5007 Ρ
