3825 5759
508 647 552 707 92
822 640 1017 705 ΤΗΟΜΑΕ
1041 640 1298 711 sYDENHaM

368 803 411 914 FNe
397 816 479 913 epuns
507 800 628 873 t‚amen
645 800 678 861 et
692 800 774 881 potu
787 794 989 877 generosiore
1003 793 1195 863 reficiendus
1209 800 1278 873 est,
1301 793 1386 859 foras
1400 814 1443 864 ue
1458 795 1612 874 arentin

357 866 417 979 Am
384 945 473 978 NNNNN
439 878 592 978 lm'leeto,¹
608 896 715 961 sedin
736 897 939 981 multumque
962 896 1137 961 contineat.
1181 897 1285 961 Alvum
1298 897 1358 961 sub
1373 897 1435 962 hoc
1451 896 1612 981 regimine

378 998 429 1043 “⁶¹
432 998 480 1045 ’Μ
358 1002 595 1084 *justo
613 1001 674 1066 erit
697 1000 866 1078 astrictior,
881 999 969 1065 unde
984 1006 1022 1064 ut
1037 1000 1136 1065 etiam
1157 1021 1177 1062 a
1196 1000 1373 1065 calidorum
1394 1000 1611 1068 medicamen-

511 1112 618 1169 torum
633 1124 729 1167 nsua
744 1102 846 1167 Febre
861 1102 933 1189 quis
948 1101 1010 1165 sibi
1024 1109 1160 1180 metuat,
1172 1102 1321 1169 sedvano
1335 1124 1465 1187 prorsus
1479 1103 1612 1180 timore

510 1226 586 1271 cum
615 1204 755 1289 spiritus,
786 1206 998 1270 antecedente
1033 1205 1146 1271 morbo
1175 1227 1259 1291 pene
1295 1206 1455 1285 exhausti,
1489 1226 1613 1271 novum

511 1307 660 1393 deinceps
682 1328 750 1373 non
770 1307 897 1371 valeant
924 1307 1107 1373 accendere.
1153 1308 1232 1376 Post
1261 1308 1384 1392 aliquot
1414 1308 1614 1393 septimanus

509 1409 666 1497 pandatim
694 1409 731 1473 in
759 1409 875 1473 melius
903 1410 1058 1495 proficiet,
1086 1431 1150 1493 quo
1173 1416 1319 1495 tempore
1342 1410 1452 1474 omitti
1474 1416 1612 1493 possunt

510 1512 655 1577 cardiaca
670 1511 712 1579 ad
726 1512 795 1577 dies
813 1512 968 1599 pauculos
975 1539 987 1591 ;
1010 1512 1117 1577 diaeta
1135 1533 1212 1577 vero
1232 1512 1412 1597 analeptica
1422 1512 1546 1596 jugiter
1559 1512 1611 1575 in-

510 1616 684 1695 stituenda,
712 1622 745 1683 et
775 1622 847 1699 post
875 1615 1008 1682 brevem
1034 1614 1309 1679 intermissionem
1336 1614 1537 1698 repetendus
1561 1622 1611 1679 est

511 1717 616 1783 denuo
630 1717 850 1783 cardiacorum
864 1739 955 1797 ιιιιιιι,1
968 1724 1066 1800 atque
1079 1717 1116 1783 in
1130 1738 1169 1781 eo
1182 1716 1422 1801 persistendum
1443 1716 1547 1785 donec
1559 1716 1611 1783 iu-

510 1829 604 1907 tegra
617 1820 755 1885 sanitate
769 1820 905 1884 ιἰιιιιιιιι.

558 1922 641 2007 [56.]
668 1922 766 1986 Dicta
787 1921 959 1987 methodus
989 1919 1138 1986 Maniam
1166 1922 1266 1987 etiam
1295 1942 1378 2007 quae
1406 1920 1466 1985 has
1488 1920 1611 1987 recres

508 2022 642 2087 minime
659 2023 793 2105 excepit,
814 2024 1006 2107 quandoque
1032 2024 1167 2102 sanavit,
1188 2022 1347 2107 frigidiori
1369 2023 1490 2089 scilicet
1512 2030 1610 2106 atque

507 2124 677 2189 infirmiori
691 2130 948 2209 temperamento
961 2125 1125 2209 praeditia
1154 2126 1253 2190 Anno
1264 2145 1368 2209 nuper
1384 2126 1492 2212 elapso
1507 2124 1610 2193 Saris-

508 2226 636 2293 buriam
651 2226 842 2309 accersebat,
858 2236 896 2293 ut
912 2250 988 2296 cum
1002 2228 1133 2295 Medico
1148 2228 1276 2293 erudito
1291 2235 1325 2293 et
1343 2228 1450 2312 sagaci
1464 2227 1610 2313 mihique

508 2329 781 2413 conjunctissimo,
806 2330 866 2395 Ι)ιὶο
888 2330 1029 2395 Doctore
1051 2330 1200 2408 Thomas,
1222 2331 1384 2398 foeminae
1406 2329 1509 2396 nobili
1530 2350 1608 2395 con·

510 2432 658 2509 saletam,
685 2432 738 2495 cui
767 2432 959 2515 imaginatio
986 2432 1076 2498 baud
1097 2454 1213 2517 parum
1235 2433 1298 2497 fuit
1321 2433 1417 2497 laesa
1471 2432 1612 2495 Verum¹

508 2532 673 2619 adhibitis,
697 2533 795 2597 etiam
818 2554 893 2597 cum
915 2535 985 2619 jam
1007 2555 1191 2617 praegnans
1216 2541 1310 2612 esset,
1336 2533 1486 2601 remediis
1510 2532 1615 2600 modo.

509 2636 603 2701 dictis
618 2636 659 2703 ad
674 2658 788 2701 sanam
801 2636 934 2701 omnino
949 2643 1095 2701 mentem
1108 2636 1215 2701 rediit.

357 2766 442 2815 Mane
559 2738 663 2825 [52¹³]
672 2740 830 2805 Attamen
844 2738 961 2803 Mania
974 2738 1154 2803 communis
1154 2760 1259 2822 ,quae
1272 2738 1395 2822 vegetis
1409 2738 1605 2817 hominibus,

356 2847 403 2943 {fio
385 2846 529 2944 1111111ὲῗῆι
529 2848 606 2926 tque
621 2842 719 2907 etiam
734 2842 825 2907 nulla
844 2842 946 2907 Febre
961 2863 1158 2926 praegressa,
1173 2842 1316 2908 accidere
1328 2842 1419 2921 solet,
1435 2843 1517 2908 alius
1531 2863 1610 2907 sane

356 2962 480 3009 anunm
508 2944 672 3033 prosapiae
694 2951 753 3023 est,
773 2966 811 3009 ac
829 2945 966 3029 proinde
981 2946 1079 3027 longe
1101 2944 1234 3022 diversa,
1250 2943 1357 3058 quoad
1377 2944 1609 3023 evacuationes,

508 3046 661 3113 methodo
682 3047 869 3125 tractanda;
892 3047 1024 3111 tametsi
1043 3045 1124 3109 vel
1114 3067 1151 3109 m
1164 3046 1225 3111 hac
1240 3045 1344 3129 specie
1362 3066 1402 3108 ea
1421 3066 1503 3128 quae
1523 3066 1609 3111 cere-

508 3149 604 3217 brum
645 3156 742 3233 atque
780 3149 911 3231 spiritus
944 3147 1099 3213 animales
1136 3147 1344 3215 corroborant
1376 3147 1467 3211 haud
1501 3147 1612 3215 omitti

509 3249 637 3315 debent.
683 3250 892 3315 ouationem
922 3256 1032 3314 autem
1061 3251 1142 3333 ejus,
1166 3250 1228 3315 etsi
1250 3271 1318 3313 non
1348 3249 1391 3313 sit
1413 3250 1512 3334 hujus
1535 3250 1608 3329 loci,

509 3351 614 3414 obiter
635 3358 748 3415 tamen
770 3350 952 3435 praedictae
979 3352 1096 3434 speciei
1125 3351 1315 3417 subnectere
1344 3373 1413 3415 non
1442 3350 1609 3435 gravabor,

509 3472 552 3515 ne
585 3452 656 3537 quis
690 3452 773 3517 forte
809 3472 885 3536 prae
918 3452 1132 3519 similitudine
1169 3453 1356 3518 morborum
1393 3454 1432 3517 in
1465 3474 1610 3519 errorem

509 3552 671 3617 illabatur.

424 3684 438 3747 e
559 3654 641 3739 [58]
669 3655 711 3719 ln
722 3654 905 3739 junioribus
917 3676 953 3720 ao
969 3657 1148 3741 sanguineo
1161 3657 1277 3724 habitu
1291 3657 1443 3745 praeditis
1458 3657 1609 3721 mittatur

354 3744 453 3783 ΜΟ·
509 3757 640 3839 sangnis
655 3778 695 3821 ex
714 3756 842 3821 brachio
858 3757 900 3823 ad
914 3758 1026 3823 uncias
1045 3766 1118 3823 octo
1132 3759 1183 3823 vel
1196 3780 1313 3824 novem
1331 3758 1382 3823 bis
1398 3759 1449 3822 vel
1462 3764 1522 3834 ter,
1538 3756 1605 3819 die·

508 3859 569 3923 bus
584 3858 688 3923 tribus
703 3858 789 3923 inter
804 3859 946 3942 singulas
957 3861 1229 3925 venae-sectiones
1243 3861 1450 3945 interpositis.
1480 3857 1609 3923 Deinde

508 3961 608 4025 semel
623 3961 810 4025 extrahatur
830 3962 961 4045 sanguis
980 3984 1020 4026 ex
1037 3964 1126 4027 venis
1142 3964 1358 4048 jugularibus.
1403 3963 1502 4026 Ultra
1520 3960 1610 4025 hunc

507 4063 642 4129 modurn
656 4062 811 4147 repetitae
825 4064 1098 4131 venae-sectiones
1113 4086 1248 4151 aeguum
1261 4066 1370 4149 potius
1384 4065 1420 4127 in
1435 4064 1610 4129 stultitiam

508 4166 642 4245 ducunt,
673 4187 770 4249 quam
802 4167 1003 4231 curationem
1032 4168 1211 4233 absolvunt.
1257 4168 1374 4231 Postea
1403 4166 1610 4249 aggrediatur

507 4290 603 4333 usum
617 4268 791 4352 pilularum
806 4290 845 4331 ex
860 4268 997 4349 duobus,
1007 4292 1143 4353 quarum
1155 4270 1344 4334 drachmam
1355 4268 1452 4332 semis
1461 4268 1511 4331 vel
1522 4288 1609 4331 scru-

506 4372 599 4455 pulos
625 4372 715 4450 duos,
740 4393 798 4455 pro
826 4372 952 4437 ratione
983 4373 1187 4456 operationis,
1213 4373 1319 4457 capiat
1349 4372 1449 4437 semel
1473 4368 1610 4453 singulis

507 4473 703 4555 septimanis,
729 4481 814 4538 stato
838 4474 907 4553 die;
937 4476 985 4539 ita
1012 4482 1051 4539 ut
1081 4475 1109 4538 si
1140 4476 1241 4557 (verbi
1270 4474 1397 4558 gratia)
1430 4474 1483 4538 die
1511 4474 1610 4536 lunae

507 4574 611 4655 primo
629 4574 745 4655 pilulas
765 4578 982 4660 assumpserit,
998 4577 1138 4661 praecise
1158 4578 1271 4642 eodem
1290 4578 1361 4661 ipso
1383 4576 1445 4654 die,
1466 4595 1527 4640 nec
1545 4575 1608 4638 fre·

508 4673 671 4757 quentius,
704 4678 912 4760 sequentibus
946 4680 1133 4765 septimanis
1167 4679 1299 4747 eaedem
1328 4684 1519 4763 repetantur
1551 4698 1610 4761 per

573 4834 580 4864 Ι
597 4827 684 4891 verum]
697 4843 743 4875 orn.
755 4828 791 4875 ed.
805 4828 851 4879 ¹76.
1212 4828 1223 4850 ¹¹
1240 4835 1266 4893 ιι
1280 4831 1376 4883 ot-ta
1388 4847 1434 4879 orn.
1447 4830 1484 4877 ed
1495 4828 1543 4879 ⁹76.
1765 4841 1766 4904 p
