3825 5759
505 650 571 713 492
819 646 1014 712 THOMAE
1038 645 1297 712 SYDENHAM

354 828 493 877 usuum
507 816 562 873 tur
583 830 645 873 usu
670 807 809 892 pulveris
830 807 956 871 corticis
978 808 1169 885 Pcruviani;
1199 828 1316 891 nempe
1336 806 1434 871 uncia
1451 826 1521 870 nna
1541 826 1615 871 cor·

354 892 488 1010 ,Jo'fflu
507 912 579 976 ticio
608 932 684 975 cum
713 910 822 993 syrupi
852 910 1016 993 papaveris
1045 910 1201 975 rhoeados
1227 910 1409 992 quantitate
1432 909 1614 973 sufficiente

349 1007 486 1097 bum„
506 1014 542 1077 in
567 1014 670 1077 forma
695 1012 859 1076 electuarii
888 1013 938 1076 vel
963 1012 1138 1096 pilularum
1166 1011 1307 1088 redacta,
1330 1030 1432 1093 eaque
1456 1009 1614 1073 methodo

507 1124 672 1200 assumpta
697 1138 794 1199 quam
823 1116 901 1179 olim
930 1114 1099 1180 tradebam
1123 1115 1270 1196 Epistola
1292 1114 1336 1176 ad
1356 1112 1424 1175 D*
1445 1115 1614 1177 Ductorem

506 1218 617 1299 Brudy
638 1218 671 1304 [b
688 1217 767 1302 21.],
783 1216 1020 1301 superbibendo
1034 1218 1188 1282 haustum
1205 1217 1297 1281 lactis
1312 1216 1468 1282 deflorati.
1514 1217 1614 1283 Quod

505 1319 640 1383 remedii
665 1340 767 1401 genus
790 1320 1011 1404 experimento
1032 1320 1228 1403 deprehendi
1250 1320 1369 1384 certius
1393 1321 1429 1384 in
1450 1320 1513 1385 hoc
1534 1342 1614 1385 casu

506 1442 638 1505 scopum
650 1422 819 1505 attingere,
832 1444 929 1506 quam
944 1422 1032 1486 aliud
1047 1422 1179 1506 quodvis
1194 1422 1292 1485 etiam
1307 1442 1326 1486 e
1340 1421 1613 1500 celebratissimis,

505 1524 602 1588 modo
619 1546 687 1589 non
706 1526 904 1590 frustrentur
923 1527 992 1610 ejus
1011 1526 1094 1590 vires
1111 1526 1210 1611 (quod
1229 1527 1300 1590 fiori
1317 1525 1456 1610 assolet)
1480 1546 1520 1589 ex
1539 1525 1614 1609 jugi

506 1628 594 1711 aegri
607 1626 642 1691 in
657 1626 740 1692 lecto
756 1628 919 1692 decubitu.

554 1729 636 1813 [11.]
664 1730 787 1794 Diebus
806 1752 825 1793 a
839 1730 1032 1813 purgatione
1048 1728 1157 1793 liberis
1174 1729 1343 1812 sequentia
1356 1727 1475 1792 veihis
1493 1726 1616 1791 similia

505 1852 742 1915 nonuunquam
757 1832 940 1917 praescribo
951 1857 1004 1895 :-

506 1964 718 2029 [Form.106.]⁰
737 1962 768 2043 R,
789 1966 937 2019 Conservae
949 1964 1072 2033 Lujulae,

788 2052 965 2121 [Conscrvae]
979 2051 1133 2121 cynosbati,
1145 2068 1198 2104 aua
1209 2050 1318 2105 unciam
1329 2066 1422 2114 unam,

787 2138 935 2189 Consertae
948 2136 1072 2190 Berberis
1084 2138 1269 2201 semiunciam,

787 2222 921 2276 Cremoris
933 2222 1039 2276 Tartari
1050 2220 1205 2275 drachmam
1217 2236 1310 2285 uuam,
1322 2240 1325 2243 ⁴

787 2324 849 2361 cum
861 2308 1008 2362 sufficiente
1020 2309 1171 2377 quantitate
1184 2308 1280 2378 Syrupi
1293 2304 1326 2359 dc
1338 2305 1512 2369 Limonibus3

647 2394 709 2449 Fiat
728 2395 908 2460 electuarium,
927 2395 960 2449 de
981 2412 1034 2465 quo
1052 2396 1140 2464 capiat
1157 2394 1192 2447 ad
1212 2391 1427 2464 magnitudinem
1446 2394 1524 2446 nucis
1542 2411 1617 2448 mos·

645 2481 738 2535 chatae
750 2489 789 2535 ter
801 2482 830 2534 ia
842 2481 893 2547 dic,
902 2479 1096 2552 superbibendo
1107 2481 1241 2550 sequentis
1248 2479 1346 2550 julapii
1358 2478 1506 2533 cochlearia
1513 2496 1563 2533 sex
1570 2500 1618 2533 :-

506 2600 608 2664 [Form.
625 2600 716 2665 106.]o
735 2598 767 2681 R,
788 2604 879 2673 Aquae
891 2600 1058 2666 Portulacae,
1762 2593 1763 2648 i

788 2686 905 2758 [Aquae]
921 2688 1063 2751 Lactucae,

787 2772 906 2845 [Aquae]
920 2774 1084 2844 Paralyseos,
1096 2789 1150 2827 ana
1160 2773 1253 2827 uncias
1265 2780 1327 2838 tres,

787 2861 884 2933 Sympi
896 2860 931 2915 de
943 2861 1102 2915 Limonibus
1114 2861 1322 2929 sesquiuuciam,

786 2948 884 3021 Syrupi
895 2948 1033 3005 violarum
1045 2948 1153 3003 unciam
1166 2964 1264 3009 unam3

646 3036 747 3097 Miscc;
766 3036 813 3089 fiat
819 3036 964 3107 julapium.

540 3160 619 3239 ‘Vel,

506 3260 607 3323 [Form.
621 3262 717 3327 107.]s
736 3257 768 3341 R
788 3261 882 3329 Aquec
894 3258 1021 3313 sentence
1031 3260 1128 3313 utram
1141 3275 1234 3323 unam,

787 3346 880 3415 Aquae
892 3345 1033 3411 Rosarum,

788 3430 866 3483 Succi
879 3430 1034 3497 Limonum,

786 3516 910 3570 Sacchari
923 3518 1059 3583 albissimi,
1072 3536 1125 3572 aua
1136 3520 1229 3573 uncias
1240 3524 1370 3588 quatum

645 3604 738 3673 Coque
755 3603 828 3657 lento
844 3605 907 3674 igne
919 3602 985 3657 dum
997 3604 1225 3675 despumareriot:
1245 3605 1334 3675 capiat
1351 3604 1445 3657 uncias
1461 3609 1515 3656 tres
1533 3600 1568 3655 ed
1579 3600 1613 3655 li-

644 3690 741 3744 bitum.

504 3806 629 3869 Verum
649 3804 685 3868 in
707 3804 758 3869 his
781 3805 933 3871 omuibus
955 3807 1105 3891 spiritum
1128 3806 1257 3886 vitrioli,
1280 3804 1341 3869 etsi
1366 3824 1493 3868 summe
1517 3802 1609 3866 redi-

505 3914 683 3991 gerantem,
700 3930 825 3993 semper
845 3908 962 3991 devito,
980 3916 1094 3994 utpote
1117 3910 1182 3994 qui,
1203 3930 1279 3973 cum
1302 3906 1429 3991 egregie
1451 3904 1610 3990 stypticus

504 4010 556 4089 sit,
574 4009 682 4075 miuus
702 4012 852 4076 convenit
874 4012 996 4077 morbis
1016 4011 1168 4077 omnibus
1189 4031 1328 4094 quorum
1349 4007 1472 4073 curatio
1491 4027 1609 4090 purga-

502 4112 585 4178 tioni
599 4113 771 4193 innititur;
793 4114 878 4179 utin
893 4116 955 4179 hoc
969 4116 1041 4180 loco
1054 4114 1244 4179 mineralem
1259 4113 1357 4197 hujus
1368 4110 1499 4195 spiritus
1512 4114 1609 4172 natu·

502 4239 573 4283 ram
587 4217 677 4281 haud
690 4239 877 4283 memorem.

551 4321 634 4406 [itt]
664 4322 902 4406 Saepenumero
928 4320 982 4385 hic
1012 4319 1137 4399 accidit,
1171 4316 1322 4402 (maxime
1344 4314 1447 4381 Febre
1472 4313 1542 4398 jam
1567 4310 1610 4376 ad

502 4424 602 4486 finem
616 4425 791 4509 vergente)
809 4430 846 4487 ut
862 4443 966 4505 aeger,
983 4422 1062 4485 dum
1079 4422 1141 4486 hac
1158 4421 1312 4486 methodo
1329 4424 1497 4494 tractetur,
1512 4422 1610 4481 nocte

503 4524 640 4589 subinde
657 4526 773 4591 sudore
785 4532 898 4609 sponte
913 4530 1144 4609 prorumpente
1154 4523 1297 4599 diffluat;
1320 4543 1341 4584 a
1354 4540 1418 4603 quo
1433 4516 1610 4583 admodum

501 4624 694 4705 mitigantur
709 4626 858 4691 universa
877 4625 983 4689 morbi
1003 4633 1229 4710 symptomata.
1276 4624 1351 4691 Quo
1365 4644 1432 4687 non
1448 4621 1609 4698 obstante,

503 4744 576 4786 cum
593 4724 779 4806 hujusmodi
799 4726 978 4809 diaphoresi
996 4726 1162 4791 fidendum
1182 4748 1249 4793 nou
1270 4726 1322 4805 sit,
1338 4724 1522 4810 supradicta
1540 4744 1607 4793 me·

525 4865 537 4891 ⁰
556 4858 593 4905 Cf.
605 4858 674 4906 form.
689 4860 742 4910 157.
818 4868 831 4905 Ρ
850 4861 888 4909 Cs.
902 4861 998 4909 forrum.
1011 4863 1051 4920 22,
1065 4864 1118 4912 158.
1197 4872 1211 4908 ‘t
1228 4880 1276 4912 om.
1290 4864 1326 4912 ed.
1340 4864 1387 4913 ¹⁸6.
1400 4862 1439 4911 Cb
1449 4861 1520 4911 form.
1535 4862 1590 4909 lta.
