3825 5759
369 827 411 874 De
425 827 483 875 Lus

353 892 490 941 Veneres.

359 1537 425 1584 Lors
440 1536 490 1584 Vs-

406 1613 422 1648 a
441 1614 458 1648 a

351 1667 418 1714 Hrsr
421 1679 493 1713 οοοοο

350 1737 493 1806 Tano-

347 1821 467 1931 reu.

507 650 572 712 308
832 649 1027 714 THOMAE
1051 650 1309 717 SYDENHAM

507 816 696 882 sarciantur.
734 815 975 899 omnipotentis
990 816 1070 879 DEI
1084 823 1134 880 est
1149 823 1258 882 sontes
1272 816 1439 900 castigare,
1454 823 1605 882 nostrum

506 941 581 984 vero
602 919 726 984 miseris
747 940 806 1003 pro
828 919 910 984 virili
932 940 1127 998 succurrere,
1142 927 1240 1002 atque
1261 921 1366 1003 aegris
1384 941 1480 1004 opem
1500 920 1605 999 ferre,

506 1043 573 1088 non
589 1029 697 1087 autem
717 1023 842 1088 curiosa
856 1043 1027 1086 causarum
1047 1021 1255 1106 indagatione
1269 1023 1341 1086 illos
1358 1023 1463 1086 acrius
1476 1043 1604 1105 urgere,

505 1131 563 1192 sut
577 1125 721 1190 censorio
736 1145 849 1189 vexare
863 1123 959 1188 fastu.
992 1122 1132 1187 Tradam
1144 1123 1254 1207 itaque
1268 1145 1351 1207 quae
1365 1125 1400 1188 in
1414 1127 1476 1189 hoc
1490 1123 1605 1188 morbo

506 1226 671 1292 observavi
696 1233 793 1310 atque
818 1232 968 1309 expertus
993 1246 1087 1303 sum;
1109 1246 1177 1292 non
1202 1247 1266 1310 qno
1284 1226 1456 1290 hominum
1479 1227 1605 1290 animos

505 1329 678 1394 deteriores
700 1328 845 1407 efficiam,
861 1327 917 1394 sed
930 1333 970 1391 ut
991 1348 1124 1412 corpora
1140 1327 1238 1412 (quod
1251 1329 1332 1393 mihi
1352 1328 1476 1412 negotii
1489 1328 1604 1392 datum

505 1431 576 1514 est)
593 1430 727 1496 reddam
742 1429 877 1495 saniora.

554 1533 614 1618 [5.]
642 1533 728 1598 Lues
756 1533 905 1598 Veneres
927 1551 966 1596 ex
988 1532 1086 1598 India
1106 1534 1248 1617 primum
1269 1533 1480 1610 Occidentnti,
1503 1533 1605 1597 Anno

505 1634 638 1702 Domini
654 1637 749 1714 1493,
760 1634 924 1718 Europam
938 1634 1084 1718 appulit;
1106 1655 1181 1699 cum
1196 1641 1275 1700 ante
1286 1635 1320 1700 id
1334 1643 1463 1718 tempus
1477 1655 1520 1698 ne
1531 1634 1604 1717 qui·

505 1737 579 1802 dem
593 1737 835 1802 nominetenus
852 1736 1024 1820 (quantum
1043 1736 1123 1800 scire
1136 1737 1234 1820 licet)
1251 1745 1363 1803 nostru
1382 1737 1454 1802 orbi
1466 1737 1600 1801 innotu-

368 1899 390 1931 ,ο
402 1899 455 1930 mor
504 1841 576 1906 erit.
621 1839 720 1906 Unde
732 1839 831 1904 etiam
853 1838 986 1902 morbus
998 1839 1097 1922 vulgo
1110 1846 1261 1904 cansam
1276 1840 1317 1904 iis
1331 1839 1489 1904 tractibus
1502 1840 1602 1904 ΑΜ.

349 1948 395 1996 bus
408 1947 489 1996 Euro-

349 2027 406 2074 imn
418 2027 460 2074 ⁸1³·

349 2075 424 2138 pulit:

349 2159 421 2218 cujus

348 2221 427 2282 gionis
438 2237 468 2269 en

349 2285 450 2334 domiue

350 4505 443 4568 Magna

349 4569 473 4618 eeleritate

349 4634 474 4696 grumba-

503 1943 588 2008 ricae
602 1941 779 2020 eudemius,
791 1941 827 2004 in
838 1961 917 2023 quos
931 1961 991 2004 nos
1005 1939 1102 2023 primi
1116 1942 1256 2006 colonias
1267 1941 1468 2007 deduximus.
1514 1941 1602 2008 Mihi

503 2067 578 2110 vero
595 2045 702 2129 potius
722 2065 740 2108 e
757 2043 889 2127 regione
911 2043 1019 2125 aliqua
1035 2042 1239 2128 Nigritarum
1262 2045 1408 2108 Guineae
1428 2045 1602 2110 contermi-

431 2172 468 2204 τε·
503 2169 620 2214 norum
629 2147 786 2230 originem
801 2145 934 2209 traxisse
947 2144 1077 2209 videtur
1085 2171 1097 2224 ς
1118 2166 1192 2209 cum
1202 2167 1222 2210 a
1234 2146 1382 2229 plurimis
1396 2150 1602 2225 nostratium,

470 2249 481 2260 ’
502 2253 605 2336 iisque
618 2250 682 2316 fide
704 2249 820 2333 dignis,
836 2247 892 2332 qui
905 2247 1029 2311 insulas
1046 2248 1174 2312 Gor-ider
1187 2248 1289 2313 dictas
1308 2249 1467 2328 incolunt,
1482 2251 1601 2315 didice-

501 2355 574 2434 rim,
598 2351 758 2436 mancipia
779 2371 891 2416 recens
917 2371 937 2414 a
962 2351 1092 2414 Guinea
1116 2351 1223 2430 allata,
1245 2351 1345 2415 etiam
1368 2359 1543 2437 antequam
1564 2353 1601 2418 in

501 2465 622 2523 terram
648 2453 882 2531 descenderint,
904 2459 978 2516 tum
1001 2453 1065 2517 alia
1085 2452 1207 2517 ibidem
1228 2454 1389 2538 degentia,
1403 2455 1466 2520 hoc
1486 2457 1601 2521 morbo

501 2559 631 2637 tentari,
646 2555 737 2622 nulla
751 2556 863 2640 copula
877 2555 1006 2638 impura
1018 2575 1221 2638 praegressa3
1241 2555 1289 2620 ita
1302 2561 1341 2620 ut
1355 2577 1423 2621 non
1438 2578 1511 2621 raro
1524 2559 1598 2620 uui-

501 2683 626 2726 versum
654 2660 795 2744 aliquam
824 2678 936 2723 eorum
965 2656 1122 2754 famiiiam
1154 2657 1248 2740 (viros
1277 2659 1407 2738 scilieet,
1436 2659 1595 2738 muheres,

500 2765 703 2846 liberosque)
727 2762 811 2826 male
831 2760 980 2824 mulctet.
1024 2759 1140 2843 Neque
1161 2760 1224 2824 ista
1245 2761 1342 2840 Lues,
1358 2782 1440 2845 quae
1460 2761 1598 2825 afflictis-

502 2868 599 2932 simos
618 2866 714 2930 hosce
732 2883 825 2948 saepe
843 2862 969 2946 saepius
986 2860 1119 2941 invadit,
1132 2863 1184 2927 vel
1197 2863 1302 2928 hilum
1316 2887 1336 2928 a
1356 2865 1490 2928 Veneres
1503 2863 1597 2928 nobis

502 2970 597 3048 dicta,
622 2969 792 3052 (quantum
813 2985 874 3048 ego
897 2963 1027 3048 quidem
1047 2963 1216 3049 intelligo)
1240 2967 1347 3051 quoad
1370 2973 1596 3051 symptomata,

502 3072 626 3138 dolores
640 3071 770 3148 scilicet,
785 3068 903 3145 ulcera,
916 3071 989 3144 ete,
1007 3066 1131 3149 (habita
1144 3089 1261 3152 nempe
1275 3069 1473 3134 diversorum
1487 3070 1596 3134 clima·

501 3183 573 3238 tum
583 3174 730 3254 ratione)
742 3170 869 3236 videtur
880 3169 1070 3254 discrepare,
1081 3169 1157 3234 licet
1167 3172 1299 3236 nomine
1313 3193 1443 3256 prorsus
1454 3173 1599 3252 abludat,

502 3299 577 3342 cum
596 3279 648 3340 the
671 3276 760 3338 Yowr
781 3273 822 3338 ab
844 3272 907 3336 illis
929 3273 1064 3337 dicatur.
1107 3273 1155 3337 At
1172 3295 1233 3340 nec
1256 3274 1407 3340 medendi
1428 3276 1601 3341 methodus

503 3401 567 3462 qua
590 3383 730 3442 utuntur
752 3376 812 3456 illi,
841 3382 996 3440 anostra
1023 3375 1185 3456 abhorret,
1209 3377 1383 3461 utrobique
1409 3380 1495 3443 enim
1527 3379 1600 3443 soli·

502 3481 588 3544 vatio
602 3500 643 3543 ex
663 3477 862 3561 hydrargyro
880 3483 1052 3560 utramque
1068 3478 1145 3542 facit
1164 3479 1318 3562 paginam
1324 3506 1334 3558 3
1352 3502 1421 3546 non
1442 3481 1599 3546 obstante

503 3603 541 3645 eo
557 3580 642 3664 quod
663 3580 716 3644 hic
738 3578 824 3662 apud
843 3599 902 3643 nos
924 3579 1043 3644 dicitur
1064 3579 1105 3644 de
1123 3581 1242 3644 eximia
1258 3581 1384 3665 guaiaci
1402 3589 1437 3645 et
1456 3603 1599 3664 sarsapa-

502 3683 592 3746 rillae
614 3681 646 3745 vi
660 3701 759 3764 quam
776 3681 812 3744 in
832 3681 934 3744 natali
951 3681 1018 3745 solo
1035 3688 1178 3761 exerant,
1193 3705 1276 3767 quae
1298 3685 1455 3764 exlongo
1477 3682 1518 3744 ad
1539 3703 1599 3748 nos

503 3783 618 3846 itinere
633 3788 763 3847 tantum
777 3802 843 3844 non
858 3781 1014 3846 exharuta
1026 3789 1171 3866 putatur.
1221 3785 1282 3868 [6.]
1305 3782 1474 3846 Probabile
1487 3783 1597 3862 itaque

503 3885 583 3948 mihi
596 3883 724 3949 videtur
743 3881 914 3966 Hispanos,
931 3883 987 3967 qui
999 3883 1036 3947 in
1054 3885 1218 3968 Europam
1236 3884 1332 3968 primi
1346 3883 1433 3945 hunc
1447 3879 1596 3944 morbum

503 3984 811 4064 traduxere,·eodem
830 3985 966 4050 infectos
985 3986 1083 4051 irrisae
1105 4009 1144 4052 ex
1163 3984 1312 4067 contagio
1330 3983 1509 4065 Nigrorum
1530 4003 1598 4045 em·

502 4096 633 4172 ptorum
660 4087 697 4152 in
725 4086 844 4166 Africa,
869 4108 1007 4171 quorum
1029 4089 1121 4172 genti
1149 4087 1245 4154 alicui
1269 4086 1377 4170 (multi
1404 4084 1493 4150 enim
1520 4091 1599 4148 sunt

502 4192 611 4276 populi
627 4191 773 4256 Guineae
791 4191 943 4270 confines,
959 4191 1045 4275 apud
1067 4213 1147 4274 quos
1167 4191 1305 4256 invaluit
1323 4211 1393 4254 mos
1411 4188 1466 4252 ille
1484 4187 1600 4252 barba·

503 4316 559 4358 rus
587 4293 734 4358 homines
767 4293 942 4377 Europaeis
976 4293 1136 4357 mercibus
1167 4293 1397 4376 permutandi)
1432 4290 1601 4354 eudemius

503 4418 572 4460 esse
586 4403 701 4480 potest.
739 4395 788 4459 Ut
802 4402 840 4461 ut
855 4396 908 4476 sit,
922 4395 1109 4479 contagiosa
1121 4396 1185 4460 ista
1198 4396 1286 4460 Lues
1299 4394 1456 4480 paulatim
1470 4413 1601 4476 serpens

503 4499 562 4562 has
576 4498 662 4563 orbis
676 4505 836 4562 terrarum
852 4505 960 4581 partes
974 4519 1013 4562 eo
1026 4519 1129 4582 usque
1146 4498 1337 4583 inquinavit,
1351 4505 1400 4576 ut,
1415 4497 1444 4560 si
1462 4517 1502 4560 ea
1519 4496 1601 4559 cele·

503 4600 600 4664 ritate
623 4607 821 4682 grassaretur
843 4600 948 4664 adhuc
971 4622 1035 4683 qua
1055 4602 1197 4684 primum
1218 4601 1346 4678 invasit,
1366 4601 1455 4662 intra
1475 4598 1602 4662 saccula
