3825 5759
684 654 945 720 TRAC'I'ATUS
971 655 1017 719 Π.
1335 659 1400 723 467

299 815 329 879 ei
358 837 468 900 parem
494 836 662 899 nunquam
692 815 851 881 hactenus
874 816 1020 881 viderim.
1065 816 1137 899 Ego
1161 817 1399 903 sesquiunciam

298 919 468 984 infusionis
486 919 571 983 croci
590 919 795 983 metallorum
817 918 953 1002 singulis
976 918 1090 983 diebus
1115 919 1156 983 ad
1176 920 1322 983 triduum
1345 942 1397 985 ex-

297 1020 400 1099 hibui,
415 1044 490 1085 mox
512 1020 644 1085 alternis
665 1020 778 1084 diebus
795 1042 854 1104 pro
874 1022 990 1085 virium
1011 1042 1125 1105 aegrae
1145 1023 1279 1102 ratione,
1295 1045 1399 1109 usque

297 1121 376 1185 dum
401 1122 493 1187 doses
516 1123 649 1187 omnino
672 1144 727 1187 sex
750 1123 912 1187 hauserat.
959 1123 1077 1187 Primis
1101 1124 1225 1209 aliquot
1248 1126 1400 1189 vomendi

297 1224 419 1289 vicibus
434 1226 529 1289 urina
543 1226 672 1309 penitus
688 1224 957 1308 supprimebatur,
970 1246 1068 1310 quam
1083 1233 1196 1310 postea
1207 1227 1399 1310 quandoque

297 1346 355 1409 per
369 1326 537 1391 intervalla
550 1327 715 1405 reddebat,
732 1327 788 1391 sed
807 1348 880 1391 raro
899 1326 1073 1391 admodum
1082 1354 1093 1405 ;
1120 1350 1183 1411 quo
1197 1329 1399 1414 frequentius

298 1429 471 1493 emeticum
492 1430 667 1513 repetebat,
683 1451 721 1493 eo
743 1430 898 1515 majorem
919 1450 1022 1515 aquae
1042 1430 1168 1513 copiam
1188 1430 1311 1495 solebat
1325 1432 1399 1515 reji-

298 1550 379 1609 cere,
395 1530 493 1618 idque
516 1532 575 1595 sub
591 1533 690 1596 finem
709 1540 778 1596 tam
798 1553 856 1615 per
876 1554 912 1596 os
927 1554 1025 1615 quam
1040 1552 1097 1615 per
1111 1532 1229 1595 sedem.
1275 1534 1399 1597 Verum

297 1639 370 1716 post
384 1634 514 1699 tertiam
529 1634 622 1699 dosin
637 1642 747 1699 tumor
769 1634 933 1698 subsidere
953 1640 1051 1717 atque
1070 1634 1221 1697 imminui
1235 1634 1350 1717 coepit,
1366 1642 1400 1698 et

296 1744 369 1817 post
393 1737 637 1822 quatuordecim
661 1736 729 1801 dies
751 1737 825 1819 (filo,
845 1758 908 1819 quo
932 1737 1109 1800 crassitiem
1132 1736 1272 1819 corporis
1295 1736 1400 1800 infleti

292 1839 387 1921 jussu
402 1860 474 1905 mco
488 1840 593 1904 fuerat
608 1840 761 1918 dimensa,
770 1840 879 1924 jndice
894 1861 931 1903 ao
945 1840 1051 1922 teste)
1065 1840 1133 1923 jam
1148 1838 1253 1904 tribus
1263 1838 1399 1923 pedibus

296 1942 444 2023 gracilior
467 1943 655 2025 comparuit,
681 1948 779 2027 atque
802 1942 925 2025 aliquot
950 1962 1053 2024 aquae
1078 1941 1209 2024 congios
1234 1942 1399 2025 (supputa-

295 2043 385 2107 tione
400 2064 439 2107 ex
453 2044 492 2109 iis
508 2065 589 2127 quae
603 2044 684 2107 mihi
699 2045 770 2127 ipsa
783 2044 925 2108 narravit
940 2045 1047 2127 facta)
1061 2042 1126 2108 ἅνω
1141 2042 1195 2107 καὶ
1209 2043 1295 2107 κάτω
1310 2065 1399 2126 eges·

296 2152 399 2223 serat3
423 2147 469 2210 ita
483 2154 521 2211 ut
537 2168 618 2229 quae
633 2147 722 2230 prius
737 2147 772 2209 in
787 2147 870 2210 lecto
881 2168 949 2210 non
964 2146 1027 2209 nisi
1038 2155 1145 2211 erecta
1155 2146 1344 2225 dormiebat,
1356 2168 1399 2211 ne

296 2246 491 2313 decumbens
514 2248 554 2313 ab
574 2270 731 2332 aquarum
752 2248 893 2333 pondere
916 2248 1137 2327 suffocaretur,
1148 2250 1218 2333 jam
1240 2249 1344 2332 eapite
1363 2248 1400 2312 in

296 2349 444 2431 pulvinar
454 2350 609 2415 reclinato
621 2372 734 2415 secura
744 2352 877 2435 jaceret,
890 2359 923 2415 et
939 2352 979 2415 de
994 2352 1094 2416 latere
1104 2352 1140 2415 in
1154 2352 1239 2415 latus
1248 2374 1306 2437 pro
1315 2352 1399 2416 arbi-

295 2452 358 2516 trio
369 2474 403 2517 se
415 2474 540 2519 movere
554 2454 705 2539 potuerit.
741 2454 825 2519 Cum
836 2475 910 2519 vero
922 2454 1009 2518 dicta
1023 2455 1159 2518 emetioa
1169 2454 1323 2539 operandi
1333 2455 1398 2519 vio·

295 2554 396 2619 lentia
417 2576 546 2637 vapores
569 2557 659 2639 (quos
684 2556 819 2639 dicunt,)
844 2556 885 2619 ad
907 2578 984 2621 eum
1005 2556 1142 2639 gradum
1162 2557 1340 2620 excitarent
1361 2563 1399 2620 ut

294 2656 408 2721 iisdem
431 2658 552 2721 diutius
574 2658 723 2721 morbum
740 2658 894 2722 lacessere
913 2666 1024 2722 tutum
1041 2680 1110 2722 non
1130 2659 1224 2738 foret,
1240 2666 1399 2723 ettamen

297 2760 430 2848 (tam‘qx
445 2760 574 2823 residua
589 2759 693 2823 adhuc
708 2760 828 2823 ventris
843 2760 937 2839 mole,
954 2781 1051 2843 quam
1067 2781 1223 2843 aquarum
1237 2761 1398 2823 rotatione

295 2882 392 2943 quam
411 2862 507 2926 toties
528 2860 724 2947 percipiebat
745 2862 869 2944 quoties
892 2883 925 2926 se
947 2862 984 2925 in
1006 2862 1198 2925 alterutrum
1217 2862 1303 2926 latus
1323 2884 1399 2926 con-

293 2964 487 3043 vertebat,et
497 2965 637 3047 vestigiis
646 2965 778 3048 insuper
786 2964 833 3028 rei
842 2963 1013 3049 cujuslibet
1023 2964 1340 3048 prementisintibiis
1351 2973 1398 3029 et·

293 3067 357 3130 iarn
368 3088 456 3131 nuno
466 3066 695 3151 manentibus,)
710 3066 782 3149 plus
793 3066 871 3131 satis
882 3067 1019 3151 liqueret
1030 3066 1172 3130 multum
1182 3088 1284 3151 aquae
1293 3066 1398 3130 adhuc

293 3169 328 3232 in
348 3190 479 3254 corpore
493 3176 632 3247 restare;
656 3168 696 3233 ob
712 3190 841 3233 causam
859 3168 927 3253 jam
943 3168 1072 3246 dictam,
1088 3167 1245 3251 reliquam
1259 3168 1397 3231 curatio-

294 3292 369 3335 nem
378 3272 591 3355 purgantibus
603 3272 729 3355 proprie
741 3271 833 3335 dietia
845 3270 983 3355 cogebar
994 3270 1165 3335 absolvere.
1189 3270 1328 3333 Posthac
1337 3270 1396 3353 igi-

292 3381 348 3436 tur
367 3374 416 3437 vel
434 3375 599 3458 potionem
620 3382 815 3457 purgantem
835 3394 932 3457 supra
952 3373 986 3458 [d
1004 3372 1071 3457 15.]
1092 3371 1221 3451 dictam,
1236 3372 1287 3434 vel
1309 3371 1397 3435 aliud

293 3477 454 3559 quoddam
468 3478 701 3563 hydragogum,
717 3475 906 3561 praescripsi
914 3500 924 3553 5
947 3474 1045 3558 idque
1067 3474 1116 3537 vel
1134 3473 1238 3537 rarius
1259 3473 1310 3536 vel
1328 3494 1395 3537 sae·

292 3580 374 3661 pius,
389 3590 485 3663 prout
499 3582 581 3645 vires
600 3582 669 3665 ejus
689 3580 820 3658 ferrent,
837 3586 893 3643 aut
908 3598 1039 3661 vapores
1059 3577 1167 3640 minus
1185 3576 1394 3641 infestarent:

292 3681 413 3745 etenim
436 3690 469 3747 et
490 3684 645 3747 cathomis
664 3704 721 3769 per
742 3681 895 3746 inferiora
920 3680 1054 3745 affectus
1073 3681 1250 3765 hystericos
1274 3682 1394 3765 aliqua-

291 3795 388 3852 tenus
408 3788 575 3867 invitabat,
592 3790 667 3853 licet
682 3810 749 3852 non
765 3787 814 3851 ita
834 3808 945 3871 graves
967 3794 1000 3850 et
1014 3786 1172 3850 violentos
1190 3808 1227 3850 ao
1247 3786 1394 3851 solebant

292 3892 435 3956 emetiea.
480 3894 589 3975 Atque
609 3892 644 3955 in
664 3890 724 3955 hac
742 3890 894 3954 methodo
913 3888 1123 3973 persistebam
1141 3889 1243 3953 donec
1262 3911 1392 3973 prorsus

291 3991 488 4057 convaluisse
509 3994 680 4057 videretur.
732 3992 814 4077 [26]
844 3992 935 4056 Quae
962 3992 1042 4054 dum
1063 3992 1188 4069 fierent,
1208 3992 1287 4055 haec
1310 3993 1391 4056 mihi

290 4095 460 4177 praecipue
482 4095 679 4161 observanda
699 4094 928 4159 occurrebant:
960 4094 1079 4172 Primo,
1103 4095 1189 4177 quod
1212 4095 1251 4157 iis
1278 4096 1390 4160 diebus

292 4194 442 4275 quibusa
462 4198 653 4279 purgatione
670 4196 855 4271 feriebatur,
870 4216 1106 4277 nonnunquam
1123 4217 1276 4277 magnam
1294 4218 1391 4279 aqua·

289 4314 364 4357 rum
383 4294 447 4357 vim
469 4316 527 4377 per
546 4296 654 4359 sedem
674 4296 875 4373 excernebat,
897 4302 994 4377 atque
1016 4296 1114 4359 etiam
1136 4296 1196 4359 sub
1216 4297 1315 4360 finem
1334 4319 1392 4381 per

1430 836 1472 885 De
1486 838 1541 885 ux.

1440 916 1535 952 onore.

1404 4008 1462 4056 Tria
1474 4009 1515 4057 hie

1402 4074 1545 4148 notatudig-

1403 4151 1514 4184 mssrma.

291 4402 416 4458 meatus
445 4395 604 4459 urinarios
630 4397 679 4461 vel
705 4396 746 4460 ad
772 4395 879 4477 congii
904 4416 1099 4474 mensuram,
1123 4397 1299 4479 quamlibet
1324 4419 1403 4463 non·

290 4498 377 4561 ultra
399 4498 624 4582 sesquilibram¹
639 4499 689 4562 vel
708 4497 806 4560 libras
829 4496 908 4559 duas
929 4503 1024 4579 potus
1043 4518 1102 4581 pro
1124 4498 1259 4581 singulis
1279 4499 1392 4564 diebus

289 4598 498 4663 concederem
507 4625 516 4677 3
539 4598 585 4661 ita
604 4607 642 4662 ut
659 4605 770 4683 portae
790 4618 901 4661 omnes
920 4605 1018 4681 atque
1037 4600 1164 4664 canales
1182 4600 1392 4687 undicunque

289 4706 399 4783 patere
415 4701 607 4765 viderentur.
648 4700 797 4765 Secundo
812 4706 928 4764 notatu
943 4700 1079 4785 dignum
1094 4711 1172 4781 erat,
1189 4704 1285 4787 quod,
1301 4727 1391 4770 cura-

288 4804 377 4868 tione
400 4804 466 4869 fere
488 4803 644 4884 absoluta,
666 4803 823 4887 siquando
842 4824 973 4887 vapores
994 4828 1010 4868 a
1036 4806 1219 4871 catharticis
1240 4810 1392 4874 commoti
