<?xml version="1.0" encoding="UTF-8"?>
<!DOCTYPE html PUBLIC "-//W3C//DTD XHTML 1.0 Transitional//EN"
    "http://www.w3.org/TR/xhtml1/DTD/xhtml1-transitional.dtd">
<html xmlns="http://www.w3.org/1999/xhtml" xml:lang="en" lang="en">
 <head>
  <title>
</title>
<meta http-equiv="Content-Type" content="text/html;charset=utf-8" />
  <meta name='ocr-system' content='tesseract 3.04.00' />
  <meta name='ocr-capabilities' content='ocr_page ocr_carea ocr_par ocr_line ocrx_word'/>
</head>
<body>
  <div class='ocr_page' id='page_1' title='image "./thomaesydenhamm00greegoog_0098.png"; bbox 0 0 3825 5759; ppageno 0'>
   <div class='ocr_carea' id='block_1_1' title="bbox 504 618 1300 689">
    <p class='ocr_par' dir='ltr' id='par_1_1' title="bbox 504 618 1300 689">
     <span class='ocr_line' id='line_1_1' title="bbox 504 618 1300 689; baseline -0.008 0"><span class='ocrx_word' id='word_1_1' title='bbox 504 624 547 689; x_wconf 80' lang='lat'><strong>62</strong></span> <span class='ocrx_word' id='word_1_2' title='bbox 817 618 1012 683; x_wconf 82' lang='lat' dir='ltr'>THOMAE</span> <span class='ocrx_word' id='word_1_3' title='bbox 1041 618 1300 683; x_wconf 83' lang='lat' dir='ltr'><strong>SYDENHAM</strong></span> 
     </span>
    </p>
   </div>
   <div class='ocr_carea' id='block_1_2' title="bbox 373 776 1605 865">
    <p class='ocr_par' dir='ltr' id='par_1_2' title="bbox 373 776 1605 865">
     <span class='ocr_line' id='line_1_2' title="bbox 373 776 1605 865; baseline 0 -18"><span class='ocrx_word' id='word_1_4' title='bbox 373 800 471 847; x_wconf 73' lang='lat' dir='ltr'><strong>ream</strong></span> <span class='ocrx_word' id='word_1_5' title='bbox 504 790 538 848; x_wconf 90' lang='lat' dir='ltr'><strong>et</strong></span> <span class='ocrx_word' id='word_1_6' title='bbox 567 782 650 847; x_wconf 87' lang='lat' dir='ltr'><strong>ratio</strong></span> <span class='ocrx_word' id='word_1_7' title='bbox 678 780 743 858; x_wconf 90' lang='lat' dir='ltr'><strong>illa,</strong></span> <span class='ocrx_word' id='word_1_8' title='bbox 774 800 837 862; x_wconf 87' lang='lat' dir='ltr'><strong>qua</strong></span> <span class='ocrx_word' id='word_1_9' title='bbox 866 778 906 841; x_wconf 91' lang='lat' dir='ltr'><strong>de</strong></span> <span class='ocrx_word' id='word_1_10' title='bbox 936 777 1061 841; x_wconf 85' lang='lat' dir='ltr'><strong>medela</strong></span> <span class='ocrx_word' id='word_1_11' title='bbox 1090 776 1242 841; x_wconf 80' lang='lat' dir='ltr'><strong>Febrium</strong></span> <span class='ocrx_word' id='word_1_12' title='bbox 1270 779 1444 844; x_wconf 77' lang='lat' dir='ltr'>universim</span> <span class='ocrx_word' id='word_1_13' title='bbox 1477 782 1605 865; x_wconf 85' lang='lat' dir='ltr'>loquuti</span> 
     </span>
    </p>
   </div>
   <div class='ocr_carea' id='block_1_3' title="bbox 353 867 1604 977">
    <p class='ocr_par' dir='ltr' id='par_1_3' title="bbox 353 867 1604 977">
     <span class='ocr_line' id='line_1_3' title="bbox 353 867 1604 977; baseline 0.004 -33"><span class='ocrx_word' id='word_1_14' title='bbox 353 867 491 977; x_wconf 53' lang='lat' dir='ltr'><strong>ffffi„</strong></span> <span class='ocrx_word' id='word_1_15' title='bbox 504 887 610 949; x_wconf 85' lang='lat' dir='ltr'><strong>fluxus</strong></span> <span class='ocrx_word' id='word_1_16' title='bbox 624 884 758 967; x_wconf 88' lang='lat' dir='ltr'><strong>hujusce</strong></span> <span class='ocrx_word' id='word_1_17' title='bbox 776 880 911 945; x_wconf 84' lang='lat' dir='ltr'><strong>sistendi</strong></span> <span class='ocrx_word' id='word_1_18' title='bbox 930 880 1154 943; x_wconf 90' lang='lat' dir='ltr'><strong>necessitatem</strong></span> <span class='ocrx_word' id='word_1_19' title='bbox 1170 881 1340 945; x_wconf 80' lang='lat' dir='ltr'><strong>ostendere</strong></span> <span class='ocrx_word' id='word_1_20' title='bbox 1359 884 1467 947; x_wconf 90' lang='lat' dir='ltr'><strong>conati</strong></span> <span class='ocrx_word' id='word_1_21' title='bbox 1482 906 1604 963; x_wconf 92' lang='lat' dir='ltr'><strong>sumus,</strong></span> 
     </span>
    </p>
   </div>
   <div class='ocr_carea' id='block_1_4' title="bbox 371 982 1607 1052">
    <p class='ocr_par' dir='ltr' id='par_1_4' title="bbox 371 982 1607 1052">
     <span class='ocr_line' id='line_1_4' title="bbox 371 982 1607 1052; baseline 0.001 -2"><span class='ocrx_word' id='word_1_22' title='bbox 371 996 473 1041; x_wconf 83' lang='lat'><strong>&#39;61-’64·</strong></span> <span class='ocrx_word' id='word_1_23' title='bbox 506 989 602 1052; x_wconf 87' lang='lat' dir='ltr'><strong>etiam</strong></span> <span class='ocrx_word' id='word_1_24' title='bbox 618 986 670 1049; x_wconf 94' lang='lat' dir='ltr'><strong>hic</strong></span> <span class='ocrx_word' id='word_1_25' title='bbox 686 984 817 1050; x_wconf 91' lang='lat' dir='ltr'><strong>omnino</strong></span> <span class='ocrx_word' id='word_1_26' title='bbox 837 984 942 1047; x_wconf 90' lang='lat' dir='ltr'><strong>locum</strong></span> <span class='ocrx_word' id='word_1_27' title='bbox 960 982 1097 1046; x_wconf 89' lang='lat' dir='ltr'><strong>obtinet.</strong></span> <span class='ocrx_word' id='word_1_28' title='bbox 1142 982 1242 1047; x_wconf 92' lang='lat' dir='ltr'><strong>Nunc</strong></span> <span class='ocrx_word' id='word_1_29' title='bbox 1262 992 1369 1047; x_wconf 89' lang='lat' dir='ltr'><strong>autem</strong></span> <span class='ocrx_word' id='word_1_30' title='bbox 1385 986 1467 1049; x_wconf 92' lang='lat' dir='ltr'><strong>illud</strong></span> <span class='ocrx_word' id='word_1_31' title='bbox 1484 988 1607 1051; x_wconf 86' lang='lat' dir='ltr'><strong>adden·</strong></span> 
     </span>
    </p>
   </div>
   <div class='ocr_carea' id='block_1_5' title="bbox 350 1079 1608 1189">
    <p class='ocr_par' dir='ltr' id='par_1_5' title="bbox 350 1079 1608 1189">
     <span class='ocr_line' id='line_1_5' title="bbox 350 1079 1608 1189; baseline 0.004 -40"><span class='ocrx_word' id='word_1_32' title='bbox 350 1079 483 1189; x_wconf 35' lang='grc' dir='ltr'><strong>ἓξὲξ·</strong></span> <span class='ocrx_word' id='word_1_33' title='bbox 507 1091 584 1153; x_wconf 93' lang='lat' dir='ltr'><strong>dum</strong></span> <span class='ocrx_word' id='word_1_34' title='bbox 608 1096 667 1167; x_wconf 90' lang='lat' dir='ltr'><strong>est,</strong></span> <span class='ocrx_word' id='word_1_35' title='bbox 684 1090 768 1171; x_wconf 86' lang='lat' dir='ltr'><strong>(mea</strong></span> <span class='ocrx_word' id='word_1_36' title='bbox 786 1087 914 1171; x_wconf 91' lang='lat' dir='ltr'><strong>quidem</strong></span> <span class='ocrx_word' id='word_1_37' title='bbox 938 1085 1101 1149; x_wconf 89' lang='lat' dir='ltr'><strong>sententia</strong></span> <span class='ocrx_word' id='word_1_38' title='bbox 1123 1085 1398 1152; x_wconf 79' lang='lat' dir='ltr'><strong>animadversione</strong></span> <span class='ocrx_word' id='word_1_39' title='bbox 1415 1110 1483 1152; x_wconf 91' lang='lat' dir='ltr'><strong>non</strong></span> <span class='ocrx_word' id='word_1_40' title='bbox 1498 1090 1608 1173; x_wconf 88' lang='lat' dir='ltr'><strong>indig-</strong></span> 
     </span>
    </p>
   </div>
   <div class='ocr_carea' id='block_1_6' title="bbox 352 1188 1607 1279">
    <p class='ocr_par' dir='ltr' id='par_1_6' title="bbox 352 1188 1607 1279">
     <span class='ocr_line' id='line_1_6' title="bbox 352 1188 1607 1279; baseline 0.005 -28"><span class='ocrx_word' id='word_1_41' title='bbox 352 1206 488 1279; x_wconf 64' lang='lat' dir='ltr'><strong>guinisde-</strong></span> <span class='ocrx_word' id='word_1_42' title='bbox 506 1194 608 1273; x_wconf 74' lang='lat' dir='ltr'><strong>nnm,)</strong></span> <span class='ocrx_word' id='word_1_43' title='bbox 641 1211 758 1273; x_wconf 82' lang='lat' dir='ltr'>nempe</span> <span class='ocrx_word' id='word_1_44' title='bbox 787 1189 827 1252; x_wconf 87' lang='lat' dir='ltr'><strong>ad</strong></span> <span class='ocrx_word' id='word_1_45' title='bbox 865 1189 1039 1271; x_wconf 81' lang='lat' dir='ltr'><strong>genuinam</strong></span> <span class='ocrx_word' id='word_1_46' title='bbox 1070 1189 1237 1270; x_wconf 74' lang='lat' dir='ltr'><strong>sanguinis</strong></span> <span class='ocrx_word' id='word_1_47' title='bbox 1267 1188 1512 1272; x_wconf 89' lang='lat' dir='ltr'><strong>depurationem</strong></span> <span class='ocrx_word' id='word_1_48' title='bbox 1538 1214 1607 1257; x_wconf 92' lang='lat' dir='ltr'><strong>non</strong></span> 
     </span>
    </p>
   </div>
   <div class='ocr_carea' id='block_1_7' title="bbox 352 1277 1608 1381">
    <p class='ocr_par' dir='ltr' id='par_1_7' title="bbox 352 1277 1608 1381">
     <span class='ocr_line' id='line_1_7' title="bbox 352 1277 1608 1381; baseline -0.004 -20"><span class='ocrx_word' id='word_1_49' title='bbox 352 1277 469 1381; x_wconf 48' lang='lat' dir='ltr'><strong>{griffi</strong></span> <span class='ocrx_word' id='word_1_50' title='bbox 505 1301 635 1357; x_wconf 92' lang='lat' dir='ltr'><strong>tantum</strong></span> <span class='ocrx_word' id='word_1_51' title='bbox 658 1291 869 1357; x_wconf 87' lang='lat' dir='ltr'><strong>necessariam</strong></span> <span class='ocrx_word' id='word_1_52' title='bbox 899 1311 968 1353; x_wconf 89' lang='lat' dir='ltr'><strong>esse</strong></span> <span class='ocrx_word' id='word_1_53' title='bbox 989 1288 1078 1352; x_wconf 88' lang='lat' dir='ltr'><strong>illam</strong></span> <span class='ocrx_word' id='word_1_54' title='bbox 1101 1290 1303 1372; x_wconf 86' lang='lat' dir='ltr'><strong>quarundam</strong></span> <span class='ocrx_word' id='word_1_55' title='bbox 1332 1293 1473 1374; x_wconf 91' lang='lat' dir='ltr'><strong>partium</strong></span> <span class='ocrx_word' id='word_1_56' title='bbox 1503 1315 1608 1357; x_wconf 90' lang='lat' dir='ltr'><strong>secre-</strong></span> 
     </span>
    </p>
   </div>
   <div class='ocr_carea' id='block_1_8' title="bbox 352 1392 1607 1589">
    <p class='ocr_par' dir='ltr' id='par_1_8' title="bbox 352 1392 1607 1589">
     <span class='ocr_line' id='line_1_8' title="bbox 353 1392 1607 1479; baseline -0.006 -19"><span class='ocrx_word' id='word_1_57' title='bbox 353 1398 493 1475; x_wconf 57' lang='lat' dir='ltr'><strong>pleneus-</strong></span> <span class='ocrx_word' id='word_1_58' title='bbox 506 1396 626 1459; x_wconf 91' lang='lat' dir='ltr'><strong>tiouem</strong></span> <span class='ocrx_word' id='word_1_59' title='bbox 643 1415 725 1479; x_wconf 87' lang='lat' dir='ltr'><strong>quse</strong></span> <span class='ocrx_word' id='word_1_60' title='bbox 739 1414 796 1477; x_wconf 88' lang='lat' dir='ltr'><strong>per</strong></span> <span class='ocrx_word' id='word_1_61' title='bbox 815 1392 918 1455; x_wconf 84' lang='lat' dir='ltr'><strong>faeces</strong></span> <span class='ocrx_word' id='word_1_62' title='bbox 933 1393 980 1470; x_wconf 91' lang='lat' dir='ltr'><strong>fit,</strong></span> <span class='ocrx_word' id='word_1_63' title='bbox 997 1392 1054 1455; x_wconf 92' lang='lat' dir='ltr'><strong>sed</strong></span> <span class='ocrx_word' id='word_1_64' title='bbox 1070 1392 1245 1473; x_wconf 82' lang='lat' dir='ltr'><strong>requiritur</strong></span> <span class='ocrx_word' id='word_1_65' title='bbox 1264 1393 1361 1456; x_wconf 88' lang='lat' dir='ltr'><strong>etiam</strong></span> <span class='ocrx_word' id='word_1_66' title='bbox 1381 1402 1419 1457; x_wconf 93' lang='lat' dir='ltr'><strong>ut</strong></span> <span class='ocrx_word' id='word_1_67' title='bbox 1437 1416 1607 1459; x_wconf 74' lang='lat' dir='ltr'><strong>secernan-</strong></span> 
     </span>
     <span class='ocr_line' id='line_1_9' title="bbox 352 1472 1607 1589; baseline -0.001 -27"><span class='ocrx_word' id='word_1_68' title='bbox 352 1472 494 1589; x_wconf 54' lang='lat' dir='ltr'><strong>iffifilgffi}</strong></span> <span class='ocrx_word' id='word_1_69' title='bbox 506 1504 561 1561; x_wconf 90' lang='lat' dir='ltr'><strong>tur</strong></span> <span class='ocrx_word' id='word_1_70' title='bbox 582 1498 673 1575; x_wconf 86' lang='lat' dir='ltr'><strong>aliae,</strong></span> <span class='ocrx_word' id='word_1_71' title='bbox 689 1504 844 1579; x_wconf 90' lang='lat' dir='ltr'><strong>tanquam</strong></span> <span class='ocrx_word' id='word_1_72' title='bbox 863 1495 997 1570; x_wconf 81' lang='lat' dir='ltr'><strong>flores¹;</strong></span> <span class='ocrx_word' id='word_1_73' title='bbox 1030 1494 1063 1557; x_wconf 92' lang='lat' dir='ltr'><strong>id</strong></span> <span class='ocrx_word' id='word_1_74' title='bbox 1076 1494 1162 1575; x_wconf 93' lang='lat' dir='ltr'><strong>quod</strong></span> <span class='ocrx_word' id='word_1_75' title='bbox 1176 1494 1211 1557; x_wconf 92' lang='lat' dir='ltr'><strong>in</strong></span> <span class='ocrx_word' id='word_1_76' title='bbox 1227 1494 1297 1557; x_wconf 90' lang='lat' dir='ltr'><strong>aliis</strong></span> <span class='ocrx_word' id='word_1_77' title='bbox 1313 1496 1410 1559; x_wconf 87' lang='lat' dir='ltr'><strong>etiam</strong></span> <span class='ocrx_word' id='word_1_78' title='bbox 1428 1496 1607 1579; x_wconf 78' lang='lat' dir='ltr'><strong>liquoribus</strong></span> 
     </span>
    </p>
   </div>
   <div class='ocr_carea' id='block_1_9' title="bbox 341 1590 1607 1718">
    <p class='ocr_par' dir='ltr' id='par_1_9' title="bbox 341 1590 1607 1718">
     <span class='ocr_line' id='line_1_10' title="bbox 341 1590 1607 1718; baseline 0.002 -57"><span class='ocrx_word' id='word_1_79' title='bbox 341 1590 494 1718; x_wconf 39' lang='lat'><strong>&amp;¹332</strong></span> <span class='ocrx_word' id='word_1_80' title='bbox 506 1601 667 1684; x_wconf 92' lang='lat' dir='ltr'><strong>opulentis</strong></span> <span class='ocrx_word' id='word_1_81' title='bbox 691 1606 786 1682; x_wconf 91' lang='lat' dir='ltr'><strong>atque</strong></span> <span class='ocrx_word' id='word_1_82' title='bbox 808 1597 1032 1679; x_wconf 89' lang='lat' dir='ltr'><strong>heterogeneis</strong></span> <span class='ocrx_word' id='word_1_83' title='bbox 1058 1596 1201 1679; x_wconf 88' lang='lat' dir='ltr'><strong>quotidie</strong></span> <span class='ocrx_word' id='word_1_84' title='bbox 1222 1598 1393 1661; x_wconf 91' lang='lat' dir='ltr'><strong>cernimus.</strong></span> <span class='ocrx_word' id='word_1_85' title='bbox 1438 1600 1555 1683; x_wconf 88' lang='lat' dir='ltr'><strong>Itaque</strong></span> <span class='ocrx_word' id='word_1_86' title='bbox 1579 1602 1607 1663; x_wconf 92' lang='lat' dir='ltr'><strong>si</strong></span> 
     </span>
    </p>
   </div>
   <div class='ocr_carea' id='block_1_10' title="bbox 354 1698 1607 1992">
    <p class='ocr_par' dir='ltr' id='par_1_10' title="bbox 354 1698 1607 1992">
     <span class='ocr_line' id='line_1_11' title="bbox 354 1698 1607 1784; baseline -0.002 -17"><span class='ocrx_word' id='word_1_87' title='bbox 354 1734 397 1782; x_wconf 80' lang='lat' dir='ltr'><strong>per</strong></span> <span class='ocrx_word' id='word_1_88' title='bbox 408 1720 484 1769; x_wconf 72' lang='lat' dir='ltr'><strong>flores.</strong></span> <span class='ocrx_word' id='word_1_89' title='bbox 506 1703 691 1767; x_wconf 86' lang='lat' dir='ltr'><strong>diarrhoeae</strong></span> <span class='ocrx_word' id='word_1_90' title='bbox 713 1702 850 1765; x_wconf 92' lang='lat' dir='ltr'><strong>nimium</strong></span> <span class='ocrx_word' id='word_1_91' title='bbox 876 1699 1057 1776; x_wconf 86' lang='lat' dir='ltr'><strong>indulseris,</strong></span> <span class='ocrx_word' id='word_1_92' title='bbox 1080 1698 1219 1761; x_wconf 88' lang='lat' dir='ltr'><strong>mediam</strong></span> <span class='ocrx_word' id='word_1_93' title='bbox 1242 1698 1441 1764; x_wconf 88' lang='lat' dir='ltr'><strong>solummodo</strong></span> <span class='ocrx_word' id='word_1_94' title='bbox 1471 1702 1607 1784; x_wconf 85' lang='lat' dir='ltr'><strong>depura-</strong></span> 
     </span>
     <span class='ocr_line' id='line_1_12' title="bbox 505 1800 1605 1887; baseline -0.004 -17"><span class='ocrx_word' id='word_1_95' title='bbox 505 1806 637 1883; x_wconf 90' lang='lat' dir='ltr'><strong>tiouem,</strong></span> <span class='ocrx_word' id='word_1_96' title='bbox 656 1812 824 1887; x_wconf 80' lang='lat' dir='ltr'><strong>tantopere</strong></span> <span class='ocrx_word' id='word_1_97' title='bbox 844 1802 1028 1885; x_wconf 81' lang='lat' dir='ltr'><strong>expetitam,</strong></span> <span class='ocrx_word' id='word_1_98' title='bbox 1044 1800 1239 1883; x_wconf 85' lang='lat' dir='ltr'><strong>procurabis,</strong></span> <span class='ocrx_word' id='word_1_99' title='bbox 1255 1808 1351 1883; x_wconf 89' lang='lat' dir='ltr'><strong>atque</strong></span> <span class='ocrx_word' id='word_1_100' title='bbox 1369 1803 1467 1865; x_wconf 89' lang='lat' dir='ltr'><strong>etiam</strong></span> <span class='ocrx_word' id='word_1_101' title='bbox 1487 1804 1605 1881; x_wconf 85' lang='lat' dir='ltr'><strong>forsan,</strong></span> 
     </span>
     <span class='ocr_line' id='line_1_13' title="bbox 507 1903 1606 1992; baseline -0.001 -21"><span class='ocrx_word' id='word_1_102' title='bbox 507 1908 593 1991; x_wconf 91' lang='lat' dir='ltr'><strong>quod</strong></span> <span class='ocrx_word' id='word_1_103' title='bbox 614 1915 775 1992; x_wconf 88' lang='lat' dir='ltr'><strong>postremo</strong></span> <span class='ocrx_word' id='word_1_104' title='bbox 796 1906 832 1969; x_wconf 94' lang='lat' dir='ltr'><strong>in</strong></span> <span class='ocrx_word' id='word_1_105' title='bbox 854 1905 923 1969; x_wconf 91' lang='lat' dir='ltr'><strong>loco</strong></span> <span class='ocrx_word' id='word_1_106' title='bbox 945 1903 1155 1987; x_wconf 90' lang='lat' dir='ltr'><strong>rejiciendum</strong></span> <span class='ocrx_word' id='word_1_107' title='bbox 1178 1912 1257 1981; x_wconf 90' lang='lat' dir='ltr'><strong>erat,</strong></span> <span class='ocrx_word' id='word_1_108' title='bbox 1280 1905 1384 1983; x_wconf 90' lang='lat' dir='ltr'><strong>primo</strong></span> <span class='ocrx_word' id='word_1_109' title='bbox 1406 1914 1606 1970; x_wconf 78' lang='lat' dir='ltr'><strong>excernetur.</strong></span> 
     </span>
    </p>
   </div>
   <div class='ocr_carea' id='block_1_11' title="bbox 354 2006 1610 2203">
    <p class='ocr_par' dir='ltr' id='par_1_11' title="bbox 354 2006 1610 2203">
     <span class='ocr_line' id='line_1_14' title="bbox 356 2006 1606 2093; baseline -0.004 -16"><span class='ocrx_word' id='word_1_110' title='bbox 356 2012 485 2087; x_wconf 62' lang='lat' dir='ltr'><strong>llaecsen.</strong></span> <span class='ocrx_word' id='word_1_111' title='bbox 507 2014 623 2076; x_wconf 81' lang='lat' dir='ltr'><strong>Fateor</strong></span> <span class='ocrx_word' id='word_1_112' title='bbox 642 2009 800 2093; x_wconf 85' lang='lat' dir='ltr'><strong>equidem,</strong></span> <span class='ocrx_word' id='word_1_113' title='bbox 817 2008 1018 2090; x_wconf 86' lang='lat' dir='ltr'><strong>separatione</strong></span> <span class='ocrx_word' id='word_1_114' title='bbox 1035 2007 1091 2070; x_wconf 89' lang='lat' dir='ltr'><strong>illa</strong></span> <span class='ocrx_word' id='word_1_115' title='bbox 1110 2026 1167 2089; x_wconf 89' lang='lat' dir='ltr'><strong>per</strong></span> <span class='ocrx_word' id='word_1_116' title='bbox 1186 2006 1280 2069; x_wconf 89' lang='lat' dir='ltr'><strong>flores</strong></span> <span class='ocrx_word' id='word_1_117' title='bbox 1296 2008 1365 2090; x_wconf 87' lang='lat' dir='ltr'><strong>jam</strong></span> <span class='ocrx_word' id='word_1_118' title='bbox 1387 2008 1483 2086; x_wconf 86' lang='lat' dir='ltr'><strong>facta,</strong></span> <span class='ocrx_word' id='word_1_119' title='bbox 1502 2010 1606 2091; x_wconf 90' lang='lat' dir='ltr'><strong>(quac,</strong></span> 
     </span>
     <span class='ocr_line' id='line_1_15' title="bbox 354 2086 1610 2203; baseline -0.004 -23"><span class='ocrx_word' id='word_1_120' title='bbox 354 2086 487 2203; x_wconf 53' lang='lat' dir='ltr'><strong>ffiitpre.</strong></span> <span class='ocrx_word' id='word_1_121' title='bbox 506 2121 545 2177; x_wconf 90' lang='lat' dir='ltr'><strong>ut</strong></span> <span class='ocrx_word' id='word_1_122' title='bbox 560 2111 664 2177; x_wconf 88' lang='lat' dir='ltr'><strong>obiter</strong></span> <span class='ocrx_word' id='word_1_123' title='bbox 682 2111 717 2174; x_wconf 95' lang='lat' dir='ltr'><strong>id</strong></span> <span class='ocrx_word' id='word_1_124' title='bbox 737 2110 906 2192; x_wconf 78' lang='lat' dir='ltr'><strong>attingam,</strong></span> <span class='ocrx_word' id='word_1_125' title='bbox 922 2109 1041 2172; x_wconf 91' lang='lat' dir='ltr'><strong>sensim</strong></span> <span class='ocrx_word' id='word_1_126' title='bbox 1060 2116 1093 2172; x_wconf 93' lang='lat' dir='ltr'><strong>et</strong></span> <span class='ocrx_word' id='word_1_127' title='bbox 1111 2108 1180 2171; x_wconf 85' lang='lat' dir='ltr'><strong>sinc</strong></span> <span class='ocrx_word' id='word_1_128' title='bbox 1203 2129 1300 2172; x_wconf 90' lang='lat' dir='ltr'><strong>sensu</strong></span> <span class='ocrx_word' id='word_1_129' title='bbox 1319 2111 1430 2192; x_wconf 82' lang='lat' dir='ltr'><strong>peragi</strong></span> <span class='ocrx_word' id='word_1_130' title='bbox 1451 2112 1542 2189; x_wconf 89' lang='lat' dir='ltr'><strong>solet,</strong></span> <span class='ocrx_word' id='word_1_131' title='bbox 1558 2121 1610 2176; x_wconf 90' lang='lat' dir='ltr'><strong>at-</strong></span> 
     </span>
    </p>
   </div>
   <div class='ocr_carea' id='block_1_12' title="bbox 328 2205 1610 2399">
    <p class='ocr_par' dir='ltr' id='par_1_12' title="bbox 328 2205 1610 2399">
     <span class='ocr_line' id='line_1_16' title="bbox 355 2205 1609 2299; baseline -0.005 -15"><span class='ocrx_word' id='word_1_132' title='bbox 355 2205 477 2284; x_wconf 63' lang='lat' dir='ltr'><strong>¹¹³⁰¹l⁶‘⁶·</strong></span> <span class='ocrx_word' id='word_1_133' title='bbox 508 2238 570 2299; x_wconf 93' lang='lat' dir='ltr'><strong>que</strong></span> <span class='ocrx_word' id='word_1_134' title='bbox 599 2216 776 2299; x_wconf 88' lang='lat' dir='ltr'><strong>plerunque</strong></span> <span class='ocrx_word' id='word_1_135' title='bbox 806 2213 901 2296; x_wconf 90' lang='lat' dir='ltr'><strong>paulo</strong></span> <span class='ocrx_word' id='word_1_136' title='bbox 923 2211 1060 2294; x_wconf 90' lang='lat' dir='ltr'><strong>pleniori</strong></span> <span class='ocrx_word' id='word_1_137' title='bbox 1085 2208 1220 2293; x_wconf 81' lang='grc' dir='ltr'>διαπνοῃ</span> <span class='ocrx_word' id='word_1_138' title='bbox 1241 2212 1349 2295; x_wconf 89' lang='lat' dir='ltr'><strong>potius</strong></span> <span class='ocrx_word' id='word_1_139' title='bbox 1372 2236 1468 2297; x_wconf 86' lang='lat' dir='ltr'><strong>quam</strong></span> <span class='ocrx_word' id='word_1_140' title='bbox 1491 2214 1609 2279; x_wconf 87' lang='lat' dir='ltr'><strong>sudore</strong></span> 
     </span>
     <span class='ocr_line' id='line_1_17' title="bbox 328 2284 1610 2399; baseline 0 -18"><span class='ocrx_word' id='word_1_141' title='bbox 328 2284 485 2395; x_wconf 55' lang='lat' dir='ltr'><strong>-dlivqriim</strong></span> <span class='ocrx_word' id='word_1_142' title='bbox 509 2314 701 2399; x_wconf 58' lang='lat' dir='ltr'><strong>manifesto)</strong></span> <span class='ocrx_word' id='word_1_143' title='bbox 723 2314 931 2391; x_wconf 89' lang='lat' dir='ltr'><strong>diarrhoeam,</strong></span> <span class='ocrx_word' id='word_1_144' title='bbox 949 2314 975 2377; x_wconf 91' lang='lat' dir='ltr'><strong>si</strong></span> <span class='ocrx_word' id='word_1_145' title='bbox 1001 2313 1084 2377; x_wconf 87' lang='lat' dir='ltr'><strong>forte</strong></span> <span class='ocrx_word' id='word_1_146' title='bbox 1104 2314 1266 2392; x_wconf 88' lang='lat' dir='ltr'><strong>acciderit,</strong></span> <span class='ocrx_word' id='word_1_147' title='bbox 1282 2316 1415 2397; x_wconf 89' lang='lat' dir='ltr'><strong>periculi</strong></span> <span class='ocrx_word' id='word_1_148' title='bbox 1439 2339 1507 2381; x_wconf 89' lang='lat' dir='ltr'><strong>non</strong></span> <span class='ocrx_word' id='word_1_149' title='bbox 1525 2319 1610 2381; x_wconf 88' lang='lat' dir='ltr'><strong>mul·</strong></span> 
     </span>
    </p>
   </div>
   <div class='ocr_carea' id='block_1_13' title="bbox 354 2399 1610 2525">
    <p class='ocr_par' dir='ltr' id='par_1_13' title="bbox 354 2399 1610 2525">
     <span class='ocr_line' id='line_1_18' title="bbox 354 2399 1610 2525; baseline 0.002 -43"><span class='ocrx_word' id='word_1_150' title='bbox 354 2399 498 2525; x_wconf 42' lang='lat' dir='ltr'><strong>2¹¹¹&amp;ssssss</strong></span> <span class='ocrx_word' id='word_1_151' title='bbox 510 2428 579 2483; x_wconf 94' lang='lat' dir='ltr'><strong>tum</strong></span> <span class='ocrx_word' id='word_1_152' title='bbox 604 2417 815 2481; x_wconf 87' lang='lat' dir='ltr'><strong>interminari.</strong></span> <span class='ocrx_word' id='word_1_153' title='bbox 862 2414 1035 2478; x_wconf 89' lang='lat' dir='ltr'><strong>Sciendum</strong></span> <span class='ocrx_word' id='word_1_154' title='bbox 1050 2423 1162 2478; x_wconf 79' lang='lat' dir='ltr'><strong>tamen</strong></span> <span class='ocrx_word' id='word_1_155' title='bbox 1185 2424 1234 2478; x_wconf 91' lang='lat' dir='ltr'><strong>est</strong></span> <span class='ocrx_word' id='word_1_156' title='bbox 1256 2416 1344 2480; x_wconf 89' lang='lat' dir='ltr'><strong>illam</strong></span> <span class='ocrx_word' id='word_1_157' title='bbox 1366 2426 1437 2482; x_wconf 90' lang='lat' dir='ltr'><strong>tum</strong></span> <span class='ocrx_word' id='word_1_158' title='bbox 1459 2441 1527 2483; x_wconf 93' lang='lat' dir='ltr'><strong>non</strong></span> <span class='ocrx_word' id='word_1_159' title='bbox 1551 2421 1610 2483; x_wconf 91' lang='lat' dir='ltr'><strong>ali·</strong></span> 
     </span>
    </p>
   </div>
   <div class='ocr_carea' id='block_1_14' title="bbox 355 2515 1609 2601">
    <p class='ocr_par' dir='ltr' id='par_1_14' title="bbox 355 2515 1609 2601">
     <span class='ocr_line' id='line_1_19' title="bbox 355 2515 1609 2601; baseline 0.003 -18"><span class='ocrx_word' id='word_1_160' title='bbox 355 2527 489 2589; x_wconf 76' lang='lat' dir='ltr'><strong>nsiturut</strong></span> <span class='ocrx_word' id='word_1_161' title='bbox 511 2521 599 2585; x_wconf 89' lang='lat' dir='ltr'><strong>unde</strong></span> <span class='ocrx_word' id='word_1_162' title='bbox 625 2519 779 2596; x_wconf 84' lang='lat' dir='ltr'><strong>accidere,</strong></span> <span class='ocrx_word' id='word_1_163' title='bbox 806 2539 902 2601; x_wconf 89' lang='lat' dir='ltr'><strong>quam</strong></span> <span class='ocrx_word' id='word_1_164' title='bbox 928 2515 1014 2599; x_wconf 92' lang='lat' dir='ltr'><strong>quod</strong></span> <span class='ocrx_word' id='word_1_165' title='bbox 1037 2518 1196 2599; x_wconf 89' lang='lat' dir='ltr'><strong>purgatio,</strong></span> <span class='ocrx_word' id='word_1_166' title='bbox 1222 2518 1439 2584; x_wconf 85' lang='lat' dir='ltr'><strong>subducendis</strong></span> <span class='ocrx_word' id='word_1_167' title='bbox 1464 2523 1609 2587; x_wconf 83' lang='lat' dir='ltr'><strong>faecibus</strong></span> 
     </span>
    </p>
   </div>
   <div class='ocr_carea' id='block_1_15' title="bbox 353 2592 1606 2737">
    <p class='ocr_par' dir='ltr' id='par_1_15' title="bbox 353 2592 1606 2737">
     <span class='ocr_line' id='line_1_20' title="bbox 353 2592 1606 2737; baseline -0.002 -45"><span class='ocrx_word' id='word_1_168' title='bbox 353 2592 497 2737; x_wconf 59' lang='lat' dir='ltr'><strong>pieqqqqum</strong></span> <span class='ocrx_word' id='word_1_169' title='bbox 510 2624 625 2701; x_wconf 84' lang='lat' dir='ltr'><strong>dicata,</strong></span> <span class='ocrx_word' id='word_1_170' title='bbox 648 2644 715 2686; x_wconf 92' lang='lat' dir='ltr'><strong>non</strong></span> <span class='ocrx_word' id='word_1_171' title='bbox 737 2627 915 2704; x_wconf 87' lang='lat' dir='ltr'><strong>opportune</strong></span> <span class='ocrx_word' id='word_1_172' title='bbox 935 2619 1078 2683; x_wconf 81' lang='lat' dir='ltr'><strong>exhibita</strong></span> <span class='ocrx_word' id='word_1_173' title='bbox 1097 2620 1213 2698; x_wconf 78' lang='lat' dir='ltr'><strong>fuerit3</strong></span> <span class='ocrx_word' id='word_1_174' title='bbox 1236 2642 1318 2703; x_wconf 89' lang='lat' dir='ltr'><strong>quae</strong></span> <span class='ocrx_word' id='word_1_175' title='bbox 1342 2624 1470 2704; x_wconf 90' lang='lat' dir='ltr'><strong>quidem</strong></span> <span class='ocrx_word' id='word_1_176' title='bbox 1492 2625 1606 2704; x_wconf 88' lang='lat' dir='ltr'><strong>faeces,</strong></span> 
     </span>
    </p>
   </div>
   <div class='ocr_carea' id='block_1_16' title="bbox 356 2722 1607 2809">
    <p class='ocr_par' dir='ltr' id='par_1_16' title="bbox 356 2722 1607 2809">
     <span class='ocr_line' id='line_1_21' title="bbox 356 2722 1607 2809; baseline 0.003 -23"><span class='ocrx_word' id='word_1_177' title='bbox 356 2739 476 2787; x_wconf 75' lang='lat' dir='ltr'><strong>simelae</strong></span> <span class='ocrx_word' id='word_1_178' title='bbox 508 2748 597 2792; x_wconf 92' lang='lat' dir='ltr'><strong>mora</strong></span> <span class='ocrx_word' id='word_1_179' title='bbox 611 2723 827 2790; x_wconf 82' lang='lat' dir='ltr'><strong>sualermenti</strong></span> <span class='ocrx_word' id='word_1_180' title='bbox 842 2722 976 2805; x_wconf 87' lang='lat' dir='ltr'><strong>alicujus</strong></span> <span class='ocrx_word' id='word_1_181' title='bbox 992 2722 1125 2805; x_wconf 89' lang='lat' dir='ltr'><strong>maligni</strong></span> <span class='ocrx_word' id='word_1_182' title='bbox 1138 2722 1279 2786; x_wconf 90' lang='lat' dir='ltr'><strong>indolem</strong></span> <span class='ocrx_word' id='word_1_183' title='bbox 1295 2725 1439 2809; x_wconf 90' lang='lat' dir='ltr'><strong>adeptae,</strong></span> <span class='ocrx_word' id='word_1_184' title='bbox 1451 2728 1607 2791; x_wconf 90' lang='lat' dir='ltr'><strong>intestina</strong></span> 
     </span>
    </p>
   </div>
   <div class='ocr_carea' id='block_1_17' title="bbox 353 2804 1607 2932">
    <p class='ocr_par' dir='ltr' id='par_1_17' title="bbox 353 2804 1607 2932">
     <span class='ocr_line' id='line_1_22' title="bbox 353 2804 1607 2932; baseline 0.001 -40"><span class='ocrx_word' id='word_1_185' title='bbox 353 2804 489 2932; x_wconf 53' lang='lat' dir='ltr'><strong>ffiflsffi</strong></span> <span class='ocrx_word' id='word_1_186' title='bbox 504 2831 572 2915; x_wconf 87' lang='lat' dir='ltr'><strong>jam</strong></span> <span class='ocrx_word' id='word_1_187' title='bbox 587 2830 629 2895; x_wconf 80' lang='lat' dir='ltr'><strong>ed</strong></span> <span class='ocrx_word' id='word_1_188' title='bbox 643 2828 857 2893; x_wconf 84' lang='lat' dir='ltr'><strong>excretioncm</strong></span> <span class='ocrx_word' id='word_1_189' title='bbox 869 2824 998 2887; x_wconf 88' lang='lat' dir='ltr'><strong>irritant</strong></span> <span class='ocrx_word' id='word_1_190' title='bbox 1008 2824 1259 2908; x_wconf 87' lang='lat' dir='ltr'><strong>stimulantque;</strong></span> <span class='ocrx_word' id='word_1_191' title='bbox 1282 2833 1320 2889; x_wconf 93' lang='lat' dir='ltr'><strong>ut</strong></span> <span class='ocrx_word' id='word_1_192' title='bbox 1331 2828 1478 2892; x_wconf 82' lang='lat' dir='ltr'><strong>omittam</strong></span> <span class='ocrx_word' id='word_1_193' title='bbox 1491 2828 1607 2908; x_wconf 90' lang='lat' dir='ltr'><strong>dicere,</strong></span> 
     </span>
    </p>
   </div>
   <div class='ocr_carea' id='block_1_18' title="bbox 354 2928 1612 4448">
    <p class='ocr_par' dir='ltr' id='par_1_18' title="bbox 355 2928 1609 3017">
     <span class='ocr_line' id='line_1_23' title="bbox 355 2928 1609 3017; baseline 0.001 -23"><span class='ocrx_word' id='word_1_194' title='bbox 355 2935 488 3009; x_wconf 68' lang='lat' dir='ltr'><strong>minuspe-</strong></span> <span class='ocrx_word' id='word_1_195' title='bbox 508 2931 750 3017; x_wconf 87' lang='lat' dir='ltr'><strong>liquidissimam</strong></span> <span class='ocrx_word' id='word_1_196' title='bbox 765 2930 853 2993; x_wconf 89' lang='lat' dir='ltr'><strong>illam</strong></span> <span class='ocrx_word' id='word_1_197' title='bbox 873 2935 1149 2991; x_wconf 81' lang='lat' dir='ltr'><strong>excrementorum</strong></span> <span class='ocrx_word' id='word_1_198' title='bbox 1170 2928 1411 2993; x_wconf 87' lang='lat' dir='ltr'><strong>consistentiam</strong></span> <span class='ocrx_word' id='word_1_199' title='bbox 1431 2932 1500 3013; x_wconf 88' lang='lat' dir='ltr'><strong>(tali</strong></span> <span class='ocrx_word' id='word_1_200' title='bbox 1520 2932 1609 2995; x_wconf 91' lang='lat' dir='ltr'><strong>enim</strong></span> 
     </span>
    </p>

    <p class='ocr_par' dir='ltr' id='par_1_19' title="bbox 354 2998 1610 3118">
     <span class='ocr_line' id='line_1_24' title="bbox 354 2998 1610 3118; baseline -0.001 -19"><span class='ocrx_word' id='word_1_201' title='bbox 354 2998 473 3111; x_wconf 48' lang='lat' dir='ltr'><strong>31:11qu</strong></span> <span class='ocrx_word' id='word_1_202' title='bbox 510 3036 612 3099; x_wconf 85' lang='lat' dir='ltr'><strong>forma</strong></span> <span class='ocrx_word' id='word_1_203' title='bbox 625 3035 804 3118; x_wconf 90' lang='lat' dir='ltr'><strong>plerunque</strong></span> <span class='ocrx_word' id='word_1_204' title='bbox 818 3030 990 3112; x_wconf 86' lang='lat' dir='ltr'><strong>visuntur,)</strong></span> <span class='ocrx_word' id='word_1_205' title='bbox 1008 3030 1085 3093; x_wconf 88' lang='lat' dir='ltr'><strong>satis</strong></span> <span class='ocrx_word' id='word_1_206' title='bbox 1099 3030 1241 3094; x_wconf 88' lang='lat' dir='ltr'><strong>indicare</strong></span> <span class='ocrx_word' id='word_1_207' title='bbox 1256 3053 1294 3095; x_wconf 88' lang='lat' dir='ltr'><strong>ea</strong></span> <span class='ocrx_word' id='word_1_208' title='bbox 1307 3053 1364 3115; x_wconf 90' lang='lat' dir='ltr'><strong>pro</strong></span> <span class='ocrx_word' id='word_1_209' title='bbox 1379 3033 1491 3097; x_wconf 87' lang='lat' dir='ltr'><strong>critica</strong></span> <span class='ocrx_word' id='word_1_210' title='bbox 1504 3033 1610 3099; x_wconf 91' lang='lat' dir='ltr'><strong>morbi</strong></span> 
     </span>
    </p>

    <p class='ocr_par' dir='ltr' id='par_1_20' title="bbox 355 3126 1028 3201">
     <span class='ocr_line' id='line_1_25' title="bbox 355 3126 1028 3201; baseline -0.009 0"><span class='ocrx_word' id='word_1_211' title='bbox 355 3126 435 3177; x_wconf 56' lang='lat'><strong>‘¹¹⁰⁰‘</strong></span> <span class='ocrx_word' id='word_1_212' title='bbox 511 3138 670 3201; x_wconf 90' lang='lat' dir='ltr'><strong>solutione</strong></span> <span class='ocrx_word' id='word_1_213' title='bbox 684 3134 834 3199; x_wconf 84' lang='lat' dir='ltr'><strong>habenda</strong></span> <span class='ocrx_word' id='word_1_214' title='bbox 847 3154 915 3197; x_wconf 92' lang='lat' dir='ltr'><strong>non</strong></span> <span class='ocrx_word' id='word_1_215' title='bbox 930 3140 1028 3196; x_wconf 61' lang='lat' dir='ltr'><strong>essel.</strong></span> 
     </span>
    </p>

    <p class='ocr_par' dir='ltr' id='par_1_21' title="bbox 358 3235 1609 3629">
     <span class='ocr_line' id='line_1_26' title="bbox 358 3235 1609 3322; baseline 0.007 -29"><span class='ocrx_word' id='word_1_216' title='bbox 358 3245 464 3295; x_wconf 66' lang='lat' dir='ltr'><strong>name</strong></span> <span class='ocrx_word' id='word_1_217' title='bbox 559 3240 641 3322; x_wconf 88' lang='lat'>[53.]</span> <span class='ocrx_word' id='word_1_218' title='bbox 670 3239 791 3301; x_wconf 81' lang='lat' dir='ltr'><strong>Forsan</strong></span> <span class='ocrx_word' id='word_1_219' title='bbox 825 3236 923 3299; x_wconf 87' lang='lat' dir='ltr'><strong>etiam</strong></span> <span class='ocrx_word' id='word_1_220' title='bbox 952 3235 1040 3298; x_wconf 90' lang='lat' dir='ltr'><strong>inter</strong></span> <span class='ocrx_word' id='word_1_221' title='bbox 1069 3241 1284 3317; x_wconf 86' lang='lat' dir='ltr'><strong>symptomata</strong></span> <span class='ocrx_word' id='word_1_222' title='bbox 1313 3236 1470 3301; x_wconf 80' lang='lat' dir='ltr'><strong>Febribus</strong></span> <span class='ocrx_word' id='word_1_223' title='bbox 1499 3260 1609 3321; x_wconf 86' lang='lat' dir='ltr'><strong>super·</strong></span> 
     </span>
     <span class='ocr_line' id='line_1_27' title="bbox 511 3338 1609 3423; baseline 0.002 -19"><span class='ocrx_word' id='word_1_224' title='bbox 511 3341 673 3405; x_wconf 89' lang='lat' dir='ltr'><strong>venientia</strong></span> <span class='ocrx_word' id='word_1_225' title='bbox 701 3338 860 3404; x_wconf 88' lang='lat' dir='ltr'><strong>recenseri</strong></span> <span class='ocrx_word' id='word_1_226' title='bbox 885 3344 991 3420; x_wconf 86' lang='lat' dir='ltr'><strong>potest</strong></span> <span class='ocrx_word' id='word_1_227' title='bbox 1018 3338 1119 3401; x_wconf 89' lang='lat' dir='ltr'><strong>Iliaca</strong></span> <span class='ocrx_word' id='word_1_228' title='bbox 1147 3338 1267 3415; x_wconf 86' lang='lat' dir='ltr'><strong>Passio,</strong></span> <span class='ocrx_word' id='word_1_229' title='bbox 1292 3360 1331 3403; x_wconf 90' lang='lat' dir='ltr'><strong>eo</strong></span> <span class='ocrx_word' id='word_1_230' title='bbox 1357 3341 1443 3423; x_wconf 93' lang='lat' dir='ltr'><strong>quod</strong></span> <span class='ocrx_word' id='word_1_231' title='bbox 1471 3343 1609 3406; x_wconf 87' lang='lat' dir='ltr'><strong>vomitus</strong></span> 
     </span>
     <span class='ocr_line' id='line_1_28' title="bbox 511 3439 1609 3525; baseline 0.001 -18"><span class='ocrx_word' id='word_1_232' title='bbox 511 3464 666 3520; x_wconf 88' lang='lat' dir='ltr'><strong>enormes,</strong></span> <span class='ocrx_word' id='word_1_233' title='bbox 682 3442 738 3525; x_wconf 92' lang='lat' dir='ltr'><strong>qui</strong></span> <span class='ocrx_word' id='word_1_234' title='bbox 751 3441 845 3505; x_wconf 92' lang='lat' dir='ltr'><strong>initio</strong></span> <span class='ocrx_word' id='word_1_235' title='bbox 861 3439 1012 3503; x_wconf 85' lang='lat' dir='ltr'><strong>Febrium</strong></span> <span class='ocrx_word' id='word_1_236' title='bbox 1032 3440 1175 3505; x_wconf 86' lang='lat' dir='ltr'><strong>accidere</strong></span> <span class='ocrx_word' id='word_1_237' title='bbox 1191 3442 1305 3519; x_wconf 91' lang='lat' dir='ltr'><strong>solent,</strong></span> <span class='ocrx_word' id='word_1_238' title='bbox 1320 3442 1396 3505; x_wconf 93' lang='lat' dir='ltr'><strong>huic</strong></span> <span class='ocrx_word' id='word_1_239' title='bbox 1410 3444 1609 3508; x_wconf 87' lang='lat' dir='ltr'><strong>occasionem</strong></span> 
     </span>
     <span class='ocr_line' id='line_1_29' title="bbox 512 3542 976 3629; baseline -0.009 -20"><span class='ocrx_word' id='word_1_240' title='bbox 512 3544 703 3629; x_wconf 91' lang='lat' dir='ltr'><strong>quandoque</strong></span> <span class='ocrx_word' id='word_1_241' title='bbox 718 3542 976 3607; x_wconf 87' lang='lat' dir='ltr'><strong>subministrent.</strong></span> 
     </span>
    </p>

    <p class='ocr_par' dir='ltr' id='par_1_22' title="bbox 506 3644 1612 4448">
     <span class='ocr_line' id='line_1_30' title="bbox 556 3644 1608 3731; baseline 0.003 -22"><span class='ocrx_word' id='word_1_242' title='bbox 556 3646 728 3710; x_wconf 85' lang='lat' dir='ltr'><strong>Horrenda</strong></span> <span class='ocrx_word' id='word_1_243' title='bbox 752 3646 831 3709; x_wconf 91' lang='lat' dir='ltr'><strong>haec</strong></span> <span class='ocrx_word' id='word_1_244' title='bbox 856 3644 983 3708; x_wconf 87' lang='lat' dir='ltr'><strong>affectio</strong></span> <span class='ocrx_word' id='word_1_245' title='bbox 1008 3652 1068 3723; x_wconf 88' lang='lat' dir='ltr'><strong>est,</strong></span> <span class='ocrx_word' id='word_1_246' title='bbox 1095 3652 1129 3709; x_wconf 90' lang='lat' dir='ltr'><strong>et</strong></span> <span class='ocrx_word' id='word_1_247' title='bbox 1153 3646 1219 3711; x_wconf 89' lang='lat' dir='ltr'><strong>huc</strong></span> <span class='ocrx_word' id='word_1_248' title='bbox 1243 3668 1344 3731; x_wconf 89' lang='lat' dir='ltr'><strong>usque</strong></span> <span class='ocrx_word' id='word_1_249' title='bbox 1369 3647 1514 3711; x_wconf 92' lang='lat' dir='ltr'><strong>omnium</strong></span> <span class='ocrx_word' id='word_1_250' title='bbox 1540 3648 1608 3712; x_wconf 78' lang='lat' dir='ltr'><strong>fere</strong></span> 
     </span>
     <span class='ocr_line' id='line_1_31' title="bbox 506 3747 1609 3835; baseline 0.002 -22"><span class='ocrx_word' id='word_1_251' title='bbox 506 3748 628 3835; x_wconf 87' lang='lat' dir='ltr'><strong>judicio</strong></span> <span class='ocrx_word' id='word_1_252' title='bbox 648 3748 786 3826; x_wconf 81' lang='lat' dir='ltr'><strong>funesta,</strong></span> <span class='ocrx_word' id='word_1_253' title='bbox 802 3768 840 3811; x_wconf 87' lang='lat' dir='ltr'><strong>ex</strong></span> <span class='ocrx_word' id='word_1_254' title='bbox 855 3747 1083 3811; x_wconf 89' lang='lat' dir='ltr'><strong>intestinorum</strong></span> <span class='ocrx_word' id='word_1_255' title='bbox 1107 3755 1197 3811; x_wconf 90' lang='lat' dir='ltr'><strong>motu</strong></span> <span class='ocrx_word' id='word_1_256' title='bbox 1211 3748 1337 3813; x_wconf 90' lang='lat' dir='ltr'><strong>inverso</strong></span> <span class='ocrx_word' id='word_1_257' title='bbox 1355 3770 1391 3813; x_wconf 86' lang='lat' dir='ltr'><strong>ac</strong></span> <span class='ocrx_word' id='word_1_258' title='bbox 1405 3757 1609 3832; x_wconf 90' lang='lat' dir='ltr'><strong>praepostero</strong></span> 
     </span>
     <span class='ocr_line' id='line_1_32' title="bbox 509 3849 1611 3936; baseline 0 -19"><span class='ocrx_word' id='word_1_259' title='bbox 509 3853 667 3935; x_wconf 87' lang='lat' dir='ltr'><strong>originem</strong></span> <span class='ocrx_word' id='word_1_260' title='bbox 697 3851 827 3913; x_wconf 88' lang='lat' dir='ltr'><strong>ducens.</strong></span> <span class='ocrx_word' id='word_1_261' title='bbox 882 3849 1049 3913; x_wconf 91' lang='lat' dir='ltr'><strong>Nimirum</strong></span> <span class='ocrx_word' id='word_1_262' title='bbox 1081 3850 1311 3915; x_wconf 90' lang='lat' dir='ltr'><strong>intestinorum</strong></span> <span class='ocrx_word' id='word_1_263' title='bbox 1339 3852 1449 3930; x_wconf 87' lang='lat' dir='ltr'><strong>fibrae,</strong></span> <span class='ocrx_word' id='word_1_264' title='bbox 1479 3874 1561 3936; x_wconf 85' lang='lat' dir='ltr'><strong>quae</strong></span> <span class='ocrx_word' id='word_1_265' title='bbox 1590 3876 1611 3917; x_wconf 91' lang='lat' dir='ltr'><strong>a</strong></span> 
     </span>
     <span class='ocr_line' id='line_1_33' title="bbox 510 3952 1611 4040; baseline -0.004 -17"><span class='ocrx_word' id='word_1_266' title='bbox 510 3954 726 4040; x_wconf 88' lang='lat' dir='ltr'><strong>superioribus</strong></span> <span class='ocrx_word' id='word_1_267' title='bbox 748 3974 855 4017; x_wconf 88' lang='lat' dir='ltr'><strong>versus</strong></span> <span class='ocrx_word' id='word_1_268' title='bbox 879 3952 1031 4016; x_wconf 77' lang='lat' dir='ltr'><strong>inferiore</strong></span> <span class='ocrx_word' id='word_1_269' title='bbox 1052 3954 1200 4017; x_wconf 88' lang='lat' dir='ltr'><strong>contrahi</strong></span> <span class='ocrx_word' id='word_1_270' title='bbox 1221 3954 1351 4033; x_wconf 88' lang='lat' dir='ltr'><strong>debent,</strong></span> <span class='ocrx_word' id='word_1_271' title='bbox 1373 3956 1611 4020; x_wconf 88' lang='lat' dir='ltr'><strong>contrahuntur</strong></span> 
     </span>
     <span class='ocr_line' id='line_1_34' title="bbox 509 4056 1611 4143; baseline -0.001 -19"><span class='ocrx_word' id='word_1_272' title='bbox 509 4060 551 4124; x_wconf 88' lang='lat' dir='ltr'><strong>ad</strong></span> <span class='ocrx_word' id='word_1_273' title='bbox 581 4058 751 4143; x_wconf 86' lang='lat' dir='ltr'><strong>superiora,</strong></span> <span class='ocrx_word' id='word_1_274' title='bbox 775 4062 808 4119; x_wconf 90' lang='lat' dir='ltr'><strong>et</strong></span> <span class='ocrx_word' id='word_1_275' title='bbox 834 4076 1044 4138; x_wconf 87' lang='lat' dir='ltr'><strong>quaecunque</strong></span> <span class='ocrx_word' id='word_1_276' title='bbox 1066 4056 1103 4119; x_wconf 93' lang='lat' dir='ltr'><strong>in</strong></span> <span class='ocrx_word' id='word_1_277' title='bbox 1126 4056 1290 4121; x_wconf 89' lang='lat' dir='ltr'><strong>intestinis</strong></span> <span class='ocrx_word' id='word_1_278' title='bbox 1315 4060 1524 4122; x_wconf 89' lang='lat' dir='ltr'><strong>continentur</strong></span> <span class='ocrx_word' id='word_1_279' title='bbox 1542 4081 1611 4123; x_wconf 89' lang='lat' dir='ltr'><strong>non</strong></span> 
     </span>
     <span class='ocr_line' id='line_1_35' title="bbox 509 4159 1612 4243; baseline -0.005 -14"><span class='ocrx_word' id='word_1_280' title='bbox 509 4185 618 4229; x_wconf 87' lang='lat' dir='ltr'><strong>versus</strong></span> <span class='ocrx_word' id='word_1_281' title='bbox 633 4162 740 4225; x_wconf 89' lang='lat' dir='ltr'><strong>alvum</strong></span> <span class='ocrx_word' id='word_1_282' title='bbox 755 4159 811 4223; x_wconf 89' lang='lat' dir='ltr'><strong>sed</strong></span> <span class='ocrx_word' id='word_1_283' title='bbox 833 4159 1048 4222; x_wconf 86' lang='lat' dir='ltr'><strong>ventriculum</strong></span> <span class='ocrx_word' id='word_1_284' title='bbox 1066 4159 1312 4241; x_wconf 90' lang='lat' dir='ltr'><strong>protruduntur,</strong></span> <span class='ocrx_word' id='word_1_285' title='bbox 1328 4167 1361 4223; x_wconf 92' lang='lat' dir='ltr'><strong>et</strong></span> <span class='ocrx_word' id='word_1_286' title='bbox 1381 4160 1505 4243; x_wconf 89' lang='lat' dir='ltr'><strong>impetu</strong></span> <span class='ocrx_word' id='word_1_287' title='bbox 1524 4160 1612 4225; x_wconf 85' lang='lat' dir='ltr'><strong>facto</strong></span> 
     </span>
     <span class='ocr_line' id='line_1_36' title="bbox 510 4260 1610 4347; baseline -0.004 -16"><span class='ocrx_word' id='word_1_288' title='bbox 510 4266 551 4331; x_wconf 87' lang='lat' dir='ltr'><strong>ad</strong></span> <span class='ocrx_word' id='word_1_289' title='bbox 571 4288 606 4329; x_wconf 88' lang='lat' dir='ltr'><strong>os</strong></span> <span class='ocrx_word' id='word_1_290' title='bbox 625 4263 849 4347; x_wconf 80' lang='lat' dir='ltr'><strong>regurgitant3</strong></span> <span class='ocrx_word' id='word_1_291' title='bbox 873 4260 952 4325; x_wconf 84' lang='lat' dir='ltr'><strong>adeo</strong></span> <span class='ocrx_word' id='word_1_292' title='bbox 970 4268 1009 4323; x_wconf 90' lang='lat' dir='ltr'><strong>ut</strong></span> <span class='ocrx_word' id='word_1_293' title='bbox 1030 4268 1187 4340; x_wconf 88' lang='lat' dir='ltr'><strong>enemata,</strong></span> <span class='ocrx_word' id='word_1_294' title='bbox 1204 4269 1491 4345; x_wconf 80' lang='lat' dir='ltr'><strong>quantumcunque</strong></span> <span class='ocrx_word' id='word_1_295' title='bbox 1515 4264 1610 4343; x_wconf 87' lang='lat' dir='ltr'><strong>acria,</strong></span> 
     </span>
     <span class='ocr_line' id='line_1_37' title="bbox 510 4362 1611 4448; baseline -0.001 -17"><span class='ocrx_word' id='word_1_296' title='bbox 510 4368 646 4431; x_wconf 87' lang='lat' dir='ltr'><strong>emetiea</strong></span> <span class='ocrx_word' id='word_1_297' title='bbox 669 4366 817 4443; x_wconf 84' lang='lat' dir='ltr'><strong>evadant,</strong></span> <span class='ocrx_word' id='word_1_298' title='bbox 838 4363 888 4427; x_wconf 91' lang='lat' dir='ltr'><strong>uti</strong></span> <span class='ocrx_word' id='word_1_299' title='bbox 912 4364 1011 4426; x_wconf 87' lang='lat' dir='ltr'><strong>etiam</strong></span> <span class='ocrx_word' id='word_1_300' title='bbox 1032 4362 1210 4427; x_wconf 82' lang='lat' dir='ltr'><strong>cathartica</strong></span> <span class='ocrx_word' id='word_1_301' title='bbox 1231 4385 1288 4447; x_wconf 91' lang='lat' dir='ltr'><strong>per</strong></span> <span class='ocrx_word' id='word_1_302' title='bbox 1309 4386 1344 4427; x_wconf 96' lang='lat' dir='ltr'><strong>os</strong></span> <span class='ocrx_word' id='word_1_303' title='bbox 1365 4372 1531 4448; x_wconf 85' lang='lat' dir='ltr'><strong>assumpta</strong></span> <span class='ocrx_word' id='word_1_304' title='bbox 1552 4387 1611 4448; x_wconf 91' lang='lat' dir='ltr'><strong>per</strong></span> 
     </span>
    </p>
   </div>
   <div class='ocr_carea' id='block_1_19' title="bbox 509 4465 1610 4549">
    <p class='ocr_par' dir='ltr' id='par_1_23' title="bbox 509 4465 1610 4549">
     <span class='ocr_line' id='line_1_38' title="bbox 509 4465 1610 4549; baseline -0.002 -16"><span class='ocrx_word' id='word_1_305' title='bbox 509 4471 667 4533; x_wconf 88' lang='lat' dir='ltr'><strong>vomitum</strong></span> <span class='ocrx_word' id='word_1_306' title='bbox 689 4468 796 4531; x_wconf 88' lang='lat' dir='ltr'><strong>subito</strong></span> <span class='ocrx_word' id='word_1_307' title='bbox 826 4472 1054 4529; x_wconf 86' lang='lat' dir='ltr'><strong>excernuntur.</strong></span> <span class='ocrx_word' id='word_1_308' title='bbox 1099 4465 1153 4544; x_wconf 82' lang='lat' dir='ltr'><strong>Et,</strong></span> <span class='ocrx_word' id='word_1_309' title='bbox 1180 4487 1253 4529; x_wconf 86' lang='lat' dir='ltr'><strong>mea</strong></span> <span class='ocrx_word' id='word_1_310' title='bbox 1282 4466 1413 4549; x_wconf 91' lang='lat' dir='ltr'><strong>quidem</strong></span> <span class='ocrx_word' id='word_1_311' title='bbox 1436 4469 1610 4549; x_wconf 90' lang='lat' dir='ltr'><strong>sententia,</strong></span> 
     </span>
    </p>
   </div>
   <div class='ocr_carea' id='block_1_20' title="bbox 510 4657 1609 4849">
    <p class='ocr_par' dir='ltr' id='par_1_24' title="bbox 510 4657 1609 4849">
     <span class='ocr_line' id='line_1_39' title="bbox 541 4657 1609 4722; baseline 0.001 -15"><span class='ocrx_word' id='word_1_312' title='bbox 541 4660 607 4707; x_wconf 73' lang='lat' dir='ltr'><strong>&#39;ct</strong></span> <span class='ocrx_word' id='word_1_313' title='bbox 621 4659 695 4706; x_wconf 80' lang='lat' dir='ltr'><strong>into.</strong></span> <span class='ocrx_word' id='word_1_314' title='bbox 708 4661 730 4705; x_wconf 79' lang='lat'><strong>5.</strong></span> <span class='ocrx_word' id='word_1_315' title='bbox 744 4662 756 4718; x_wconf 67' lang='lat' dir='ltr'><strong>t</strong></span> <span class='ocrx_word' id='word_1_316' title='bbox 769 4660 791 4705; x_wconf 80' lang='lat'><strong>³.</strong></span> <span class='ocrx_word' id='word_1_317' title='bbox 1078 4658 1121 4705; x_wconf 80' lang='lat' dir='ltr'><strong>inf.</strong></span> <span class='ocrx_word' id='word_1_318' title='bbox 1138 4657 1165 4704; x_wconf 91' lang='lat' dir='ltr'><strong>in</strong></span> <span class='ocrx_word' id='word_1_319' title='bbox 1183 4658 1246 4705; x_wconf 80' lang='lat' dir='ltr'><strong>Sect.</strong></span> <span class='ocrx_word' id='word_1_320' title='bbox 1266 4659 1298 4707; x_wconf 82' lang='lat' dir='ltr'><strong>iv.</strong></span> <span class='ocrx_word' id='word_1_321' title='bbox 1320 4675 1342 4707; x_wconf 83' lang='lat' dir='ltr'><strong>a.</strong></span> <span class='ocrx_word' id='word_1_322' title='bbox 1368 4661 1390 4708; x_wconf 82' lang='lat'><strong>2.</strong></span> <span class='ocrx_word' id='word_1_323' title='bbox 1409 4658 1554 4722; x_wconf 81' lang='lat' dir='ltr'><strong>plerumque</strong></span> <span class='ocrx_word' id='word_1_324' title='bbox 1571 4675 1609 4708; x_wconf 85' lang='lat' dir='ltr'><strong>re·</strong></span> 
     </span>
     <span class='ocr_line' id='line_1_40' title="bbox 542 4721 1567 4785; baseline -0.001 -13"><span class='ocrx_word' id='word_1_325' title='bbox 542 4734 553 4764; x_wconf 81' lang='lat'><strong><em>⁷</em></strong></span> <span class='ocrx_word' id='word_1_326' title='bbox 572 4723 656 4772; x_wconf 85' lang='lat' dir='ltr'><strong>Hicin</strong></span> <span class='ocrx_word' id='word_1_327' title='bbox 670 4722 706 4771; x_wconf 84' lang='lat' dir='ltr'><strong>ed.</strong></span> <span class='ocrx_word' id='word_1_328' title='bbox 724 4724 763 4770; x_wconf 82' lang='grc'><strong>’68</strong></span> <span class='ocrx_word' id='word_1_329' title='bbox 776 4726 912 4783; x_wconf 86' lang='lat' dir='ltr'><strong>sequuntur</strong></span> <span class='ocrx_word' id='word_1_330' title='bbox 929 4721 1035 4783; x_wconf 81' lang='lat' dir='ltr'><strong>plurima</strong></span> <span class='ocrx_word' id='word_1_331' title='bbox 1079 4722 1198 4785; x_wconf 82' lang='lat' dir='ltr'><strong>spondere</strong></span> <span class='ocrx_word' id='word_1_332' title='bbox 1213 4723 1348 4781; x_wconf 76' lang='lat' dir='ltr'><strong>videantur,</strong></span> <span class='ocrx_word' id='word_1_333' title='bbox 1361 4724 1396 4771; x_wconf 89' lang='lat' dir='ltr'><strong>ibi</strong></span> <span class='ocrx_word' id='word_1_334' title='bbox 1407 4724 1567 4772; x_wconf 82' lang='lat' dir='ltr'><strong>invenientur.</strong></span> 
     </span>
     <span class='ocr_line' id='line_1_41' title="bbox 510 4784 1442 4849; baseline -0.003 -11"><span class='ocrx_word' id='word_1_335' title='bbox 510 4792 539 4838; x_wconf 84' lang='lat' dir='ltr'><strong>de</strong></span> <span class='ocrx_word' id='word_1_336' title='bbox 558 4791 653 4837; x_wconf 79' lang='lat' dir='ltr'><strong>Clsolera</strong></span> <span class='ocrx_word' id='word_1_337' title='bbox 671 4788 758 4842; x_wconf 80' lang='lat' dir='ltr'><strong>Morbo,</strong></span> <span class='ocrx_word' id='word_1_338' title='bbox 777 4800 847 4849; x_wconf 83' lang='lat' dir='ltr'><strong>quae,</strong></span> <span class='ocrx_word' id='word_1_339' title='bbox 869 4800 945 4847; x_wconf 87' lang='lat' dir='ltr'><strong>quum</strong></span> <span class='ocrx_word' id='word_1_340' title='bbox 964 4786 1035 4833; x_wconf 88' lang='lat' dir='ltr'><strong>dictis</strong></span> <span class='ocrx_word' id='word_1_341' title='bbox 1112 4784 1124 4807; x_wconf 81' lang='lat'><strong>¹</strong></span> <span class='ocrx_word' id='word_1_342' title='bbox 1143 4786 1356 4838; x_wconf 73' lang='lat' dir='ltr'><strong>CtPrccm.1nt.</strong></span> <span class='ocrx_word' id='word_1_343' title='bbox 1370 4788 1442 4836; x_wconf 57' lang='grc' dir='ltr'><strong>ολδ.</strong></span> 
     </span>
    </p>
   </div>
   <div class='ocr_carea' id='block_1_21' title="bbox 0 0 1928 5759">
    <p class='ocr_par' dir='ltr' id='par_1_25' title="bbox 0 0 1928 5759">
     <span class='ocr_line' id='line_1_42' title="bbox 0 0 1928 5759; baseline 0 0"><span class='ocrx_word' id='word_1_344' title='bbox 0 0 1928 5759; x_wconf 95' lang='lat' dir='ltr'><strong> </strong></span> 
     </span>
    </p>
   </div>
  </div>
 </body>
</html>
