3825 5759
505 618 570 681 470
609 575 614 583 ’
814 613 1009 678 ruourn
1033 608 1291 677 srnnurrru

368 790 410 839 Da
424 789 479 837 Hv·
505 774 675 857 spirituum
697 774 884 837 animalium
904 772 1080 837 admodum
1101 770 1249 849 obnoxia,
1265 769 1335 833 fieri
1356 789 1424 833 non
1445 774 1552 852 potest
1566 776 1608 832 ut

352 868 490 935 ,⁰⁸9¹'K
504 875 697 955 catbarticis,
725 883 758 939 et
776 876 879 939 multo
900 875 1010 938 minus
1031 880 1070 937 ut
1096 872 1250 951 emeticis,
1273 894 1326 937 res
1351 879 1492 955 geratur.
1539 874 1607 937 Hie

349 951 473 1057 {32⁰0ssss
502 976 611 1059 itaque
640 998 796 1061 aquarum
825 976 990 1041 evacuatio
1022 975 1187 1039 diureticis
1216 974 1450 1039 committenda
1478 983 1547 1054 est3
1585 998 1605 1039 e

349 1080 420 1121 runt:
504 1100 641 1163 quorum
663 1080 794 1157 familia,
814 1079 890 1144 licet
913 1078 1168 1162 quamplurima
1188 1078 1225 1141 in
1247 1077 1451 1141 Medicorum
1476 1078 1605 1161 scriptis

348 1160 483 1274 {fflfffi
502 1182 613 1265 magni
627 1182 692 1247 sint
707 1182 856 1261 nominis,
873 1180 1090 1246 efficacissima
1104 1188 1216 1244 tamen
1233 1181 1286 1263 (ne
1300 1180 1405 1243 dicam
1419 1181 1508 1263 sola)
1521 1181 1604 1244 mibi

347 1289 413 1337 libus
425 1290 481 1339 lixi·
500 1284 651 1349 videntur
665 1306 704 1349 ea
718 1306 799 1368 quae
814 1306 832 1349 e
848 1284 967 1349 salibus
981 1282 1174 1347 lixivialibus
1188 1284 1273 1347 fiunt
1281 1308 1292 1361 ;
1314 1303 1420 1365 neque
1431 1284 1602 1366 quicquam

347 1354 452 1466 {iiim
500 1390 598 1453 refert
610 1411 627 1453 e
639 1411 775 1473 quorum
787 1388 1015 1471 vegetabilium
1027 1408 1145 1471 genere
1155 1388 1279 1451 eineres
1289 1395 1453 1471 petantur.
1488 1388 1603 1456 Quen.

348 1497 457 1548 Melies·
501 1492 672 1577 doquidem
686 1515 761 1557 vero
783 1492 835 1557 vix
857 1491 945 1557 aliud
964 1490 1144 1574 vegetabile
1165 1490 1293 1573 genista
1307 1491 1349 1554 sit
1366 1491 1552 1574 parabilius‚
1567 1501 1602 1556 et

345 1572 487 1678 posgplprum
499 1594 535 1659 in
558 1594 619 1660 hoc
644 1595 757 1661 morbo
779 1594 863 1659 bene
883 1594 1003 1672 audiat,
1027 1614 1087 1675 080
1104 1602 1142 1657 ut
1164 1592 1341 1676 Plurimum
1363 1593 1509 1657 merum
1530 1596 1601 1679 eim

347 1708 468 1786 eineres·
499 1696 614 1763 libram
636 1720 737 1763 unam
758 1699 794 1762 in
813 1698 879 1761 vini
895 1696 1046 1761 Rhenani
1067 1695 1157 1759 libris
1180 1702 1319 1778 quatuor
1340 1696 1456 1779 frigide
1470 1696 1600 1761 infundi

346 1781 487 1887 fflffln
495 1800 604 1885 jubae,
629 1802 777 1866 addendo
798 1802 948 1866 loliorum
971 1798 1126 1863 absinthii
1147 1798 1288 1881 vulgaris
1310 1800 1468 1883 pugillum
1494 1822 1600 1863 unum

344 1915 415 1961 ⁰⁸⁰⁰»
499 1903 695 1969 alterumve:
718 1904 850 1987 liquoris
875 1924 933 1986 per
961 1900 1170 1965 filtrationem
1198 1900 1295 1964 colati
1323 1902 1436 1965 uncias
1462 1913 1601 1984 quatuor

498 2026 603 2083 mane,
626 2006 707 2069 hora
727 2006 840 2088 quinta
861 2003 1093 2088 pomeridiana,
1109 2010 1142 2067 et
1162 2024 1243 2081 sero,
1263 2024 1360 2087 aegro
1375 2004 1499 2087 jugiter
1520 2005 1601 2069 bau·

497 2106 624 2171 riendas
646 2108 896 2190 imperansque
919 2106 999 2169 dum
1019 2113 1129 2169 tumor
1150 2107 1326 2169 evanuerit,
1372 2106 1447 2171 Quo
1467 2108 1535 2171 solo
1548 2129 1600 2171 re·

342 2232 369 2265 ιο
382 2232 458 2280 qusn-
497 2206 604 2271 medio
628 2207 799 2292 Hydropes
818 2230 877 2291 pro
903 2207 1076 2291 deploratis
1097 2206 1235 2286 habitos,
1257 2214 1386 2272 curatos
1403 2208 1479 2287 vidi,
1501 2210 1537 2272 in
1558 2210 1600 2273 iis

341 2283 448 2397 ffiff‘
498 2329 636 2391 quorum
651 2310 748 2373 erasis
763 2309 899 2375 debilior
912 2308 1128 2393 purgantibus
1141 2309 1283 2373 ferendis
1297 2330 1365 2373 non
1378 2310 1452 2374 fuit.

341 2421 483 2485 aquism-
542 2411 624 2498 [33.]
652 2414 755 2497 Aquis
770 2420 889 2492 autern,
909 2416 957 2496 (ut
973 2412 1013 2476 ad
1029 2411 1204 2476 secundam
1218 2412 1434 2476 intentionenr
1448 2432 1598 2495 propere·

341 2486 426 2545 curtis,
439 2488 481 2537 ds-
879 2516 885 2529 ·
1162 2514 1170 2527 ·
1200 2516 1207 2529 .
1349 2514 1356 2527 .
1562 2514 1569 2527 .

339 2550 482 2601 bunum,
497 2518 591 2599 mua)
610 2538 690 2601 quae
706 2524 783 2581 sunt
797 2538 943 2600 proxrma
956 2536 1053 2579 eausa
1067 2514 1182 2593 morbi,
1194 2535 1264 2598 Jam
1282 2521 1413 2598 penrtus
1428 2522 1598 2593 evacuatrs,

339 2630 484 2729 {mpe-
496 2640 563 2683 non
582 2620 646 2685 nisi
668 2620 707 2683 ad
732 2620 899 2685 dimidiam
922 2617 1097 2683 curationis
1119 2623 1246 2700 partem
1267 2623 1306 2679 ut
1327 2616 1504 2699 plurimum
1525 2638 1598 2699 per-

339 2744 371 2791 a.
382 2745 446 2794 care·
495 2730 628 2787 ventum
644 2730 703 2803 est,
718 2724 781 2787 nisi
797 2722 964 2807 sanguinis
979 2720 1078 2786 etiarn
1093 2719 1262 2798 debilitati,
1278 2741 1361 2803 quae
1374 2720 1480 2803 prima
1492 2720 1598 2784 morbi

339 2808 478 2923 ἱξζξῖῑὲοτ
495 2826 585 2911 origo
599 2827 672 2908 fuit,
688 2834 875 2893 occurratur
889 2826 987 2909 longo
998 2831 1031 2889 et
1047 2822 1174 2887 assiduo
1188 2822 1497 2886 medicamentorum
1513 2822 1596 2885 cale·

338 2936 470 2987 roboranti-
495 2929 684 2995 facientium
699 2938 732 2995 et
747 2928 1025 2997 corroborantium
1039 2946 1111 3005 usu,
1127 2924 1215 2989 unde
1235 2946 1338 2989 novus
1352 2945 1510 3008 aquarum
1523 2946 1596 3007 pro-

338 3000 469 3115 mis„
495 3039 612 3096 ventus
627 3034 807 3117 praecaveri
821 3032 941 3117 possit:
965 3028 1110 3113 quamvis
1132 3028 1220 3091 enim
1241 3028 1277 3090 in
1295 3026 1480 3111 junioribus
1501 3048 1596 3109 saepe

338 3130 466 3207 beaprae-
494 3136 672 3219 contingat,
687 3144 736 3215 ut,
752 3136 843 3219 aquis
858 3136 920 3198 rite
936 3133 1132 3217 expurgatis,
1148 3132 1217 3195 sine
1232 3132 1296 3195 alio
1311 3131 1422 3214 quovis
1437 3130 1596 3215 praesidio

337 3202 478 3323 :312¹stss
495 3239 728 3317 convalescant,
752 3258 827 3301 eum
852 3256 965 3300 eorum
989 3235 1075 3299 calor
1099 3232 1256 3297 naturalis
1278 3234 1348 3317 jam
1372 3233 1413 3297 ab
1437 3252 1597 3318 aquarum

337 3324 449 3438 ffififfl·
495 3360 590 3403 onere
606 3360 642 3401 ae
656 3360 805 3421 pressura
825 3337 981 3401 liberatus
1003 3336 1163 3399 dictorum
1184 3335 1403 3399 remediorum
1417 3334 1501 3397 vices
1520 3354 1595 3417 sup-

494 3441 582 3523 plere
597 3441 718 3518 valeat3
741 3448 852 3503 tamen
866 3440 901 3503 in
917 3445 1024 3503 aetate
1038 3437 1299 3522 provectioribus,
1315 3446 1372 3501 aut
1391 3437 1432 3500 iis
1446 3436 1503 3520 qui
1517 3436 1596 3499 alias

493 3542 601 3604 minus
617 3562 694 3604 sano
710 3541 849 3624 corporis
864 3540 980 3605 babitu
995 3549 1072 3604 sunt
1087 3540 1236 3623 praediti,
1251 3540 1386 3604 omnino
1399 3558 1531 3602 necesse
1545 3546 1596 3602 ost

337 3658 409 3709 Quae
420 3661 446 3710 in
492 3650 531 3707 ut
547 3642 656 3705 statim
672 3642 711 3706 ab
727 3664 884 3726 aquarum
899 3642 1070 3707 eductione
1081 3644 1151 3727 jam
1165 3643 1314 3707 absoluta
1327 3642 1370 3705 ad
1389 3662 1504 3705 eorum
1519 3641 1594 3704 sirn-

335 3724 467 3837 fflffi,
493 3745 624 3829 plicium
644 3766 738 3809 usum
766 3767 848 3829 quae
871 3746 1063 3828 sanguinem
1085 3746 1316 3810 excalefaciunt
1337 3745 1594 3828 invigorantque,

336 3852 376 3899 hic
388 3852 469 3901 locum
493 3844 640 3929 protinus
655 3846 854 3929 confugiant.
891 3847 974 3931 [34.]
994 3847 1087 3911 Inter
1102 3869 1184 3930 quae
1199 3868 1334 3931 eaquae
1345 3868 1406 3930 ego
1417 3848 1486 3930 jam
1500 3866 1594 3928 supe·

336 3916 437 4044 iiiiii}
493 3948 559 4011 rius
574 3947 609 4010 in
624 3948 773 4031 Podupro
793 3948 827 4035 [b
841 3952 884 4013 29
899 3949 961 4032 sq.]
978 3950 1122 4014 curanda
1135 3951 1273 4030 laudavi,
1290 3952 1355 4015 sive
1369 3951 1440 4034 ipsa
1452 3948 1593 4013 remedia

336 4068 464 4128 Vinunm
494 4056 649 4133 spectent,
666 4050 731 4114 sive
746 4073 801 4115 sex
815 4072 865 4115 res
880 4053 1135 4133 non-natinalcs,
1151 4062 1280 4136 praeter
1293 4054 1351 4117 illa
1363 4073 1448 4138 quae
1461 4054 1529 4136 jam
1543 4048 1592 4112 di-

335 4133 476 4259 fflffl'
492 4160 617 4232 centur,
629 4154 735 4219 locum
746 4153 865 4219 habere
876 4155 1020 4239 possint;
1038 4156 1113 4237 (nisi
1123 4156 1210 4239 quod
1220 4156 1342 4234 vinum,
1354 4178 1374 4219 a
1387 4177 1452 4239 quo
1465 4156 1502 4217 in
1515 4152 1593 4237 pod.

335 4262 458 4389 iiiiii'pro
493 4277 571 4339 ΨΒ
592 4278 721 4340 prorsus
744 4264 792 4321 est
815 4256 1055 4336 abstinendum,
1071 4279 1139 4321 nou
1158 4264 1288 4321 tantum
1302 4280 1371 4321 non
1390 4264 1507 4321 noceat
1522 4254 1593 4338 Hy·
1677 4268 1683 4277 '

335 4398 394 4453 potu
406 4391 470 4439 oror-
492 4358 638 4442 dropicis,
657 4360 713 4425 sed
731 4368 764 4425 et
783 4362 884 4443 prosit
901 4360 1086 4438 admodum,
1101 4360 1129 4423 si
1145 4382 1204 4444 pro
1226 4368 1307 4444 potu
1320 4359 1482 4424 ordinario
1499 4378 1593 4421 usur·

336 4454 453 4582 'pgffiolge
492 4467 587 4544 petur
595 4464 617 4575 p)
635 4484 710 4527 eum
725 4462 759 4526 bi
775 4463 839 4527 duo
854 4464 960 4529 morbi
973 4464 1007 4528 id
1021 4464 1164 4529 babeant
1179 4484 1362 4542 commune,
1378 4462 1465 4545 quod
1480 4461 1593 4526 eadem

339 4592 477 4646 usurpetur.
492 4562 633 4626 remedia
646 4564 885 4631 corroborantia
898 4567 1068 4655 utriusque
1083 4588 1197 4632 causae
1208 4566 1358 4649 originali
1373 4566 1593 4629 adversentur.

338 4672 476 4785 rrorbipre-
493 4666 672 4731 Fatendum
688 4678 736 4733 est
751 4670 891 4749 interim,
907 4671 1005 4757 quod,
1021 4694 1097 4736 cum
1116 4679 1184 4735 tarn
1203 4692 1243 4735 ex
1257 4670 1437 4734 manifestis
1451 4668 1594 4752 phaeno-

336 4752 476 4851 iifliissii'f'
490 4768 593 4833 monis
617 4792 710 4852 quam
738 4794 756 4835 a
777 4774 964 4856 juvantibus
987 4785 1019 4839 et
1042 4773 1245 4839 laedentibus
1267 4772 1373 4837 edocti
1397 4772 1498 4835 simus
1519 4778 1592 4832 tum
