3825 5759
722 651 988 718 TRACTATUS
1011 655 1039 717 1.
1366 658 1429 717 411

330 818 428 895 atque
446 812 561 876 horror
579 811 756 895 recedunt)
780 813 878 896 idque
898 814 934 877 in
953 812 1097 895 singulas
1116 813 1221 892 horas,
1236 813 1339 878 donec
1357 822 1430 878 tan-
1452 834 1494 882 ne
1507 835 1575 885 roo-

330 914 404 979 dem
430 915 489 977 sub
520 922 649 978 noctem
674 914 715 977 ad
745 916 867 997 apicem
893 916 1083 999 pervenerit,
1111 937 1145 979 sc
1174 916 1215 979 ad
1241 916 1430 981 varietatem
1477 914 1556 948 ΛΜ

329 1018 540 1081 ossiculorum
565 1017 644 1081 tarsi
669 1024 702 1079 et
727 1018 903 1095 metatersi,
930 1039 1068 1101 quorum
1092 1017 1270 1100 ligamenta
1293 1018 1428 1098 obsidet,

328 1120 468 1203 perbelle
491 1119 753 1197 accommodens3
776 1140 864 1184 nunc
883 1120 1063 1185 tensionem
1084 1120 1259 1185 violentam
1276 1122 1328 1185 vel
1348 1121 1429 1204 liga·

328 1230 514 1286 mentorum
535 1222 671 1285 istorum
694 1222 964 1301 dilacerationem,
986 1244 1076 1287 nunc
1100 1245 1244 1287 morsum
1267 1224 1356 1288 canis
1377 1246 1428 1289 ro·

243 1354 246 1361 ·
331 1325 448 1403 dentis,
473 1324 664 1407 quandoque
690 1346 871 1408 pressuram
887 1332 920 1389 et
935 1326 1197 1405 coarctationem,
1224 1328 1426 1411 exprimens:

329 1426 372 1490 ad
386 1426 475 1503 haec,
490 1426 538 1489 ita
551 1426 659 1489 vivum
674 1426 933 1509 exquisitumque
950 1426 1050 1491 babet
1069 1448 1201 1491 sensum
1215 1450 1289 1511 pars
1304 1430 1429 1508 affecta,

328 1535 368 1592 ut
382 1549 443 1591 nec
457 1529 632 1593 linteorum
642 1529 1014 1612 super-incumbentium
1028 1530 1164 1613 pondua,
1179 1551 1241 1593 nec
1260 1531 1431 1595 cubiculia

329 1631 454 1695 fortiori
474 1630 692 1697 ambulatione
707 1632 961 1711 concussionem,
976 1632 1058 1696 ferre
1071 1633 1186 1697 valeat.
1229 1632 1340 1715 Atque
1354 1634 1431 1697 hinc

329 1734 377 1811 fit,
400 1740 438 1797 ut
462 1754 526 1798 nox
549 1754 616 1797 non
637 1740 768 1798 tantum
791 1734 827 1797 in
853 1734 999 1798 cruciatu
1019 1734 1228 1817 transigatur,
1251 1734 1309 1798 sed
1332 1735 1430 1799 etiam

328 1856 406 1899 cum
426 1835 600 1919 irrequieta
620 1837 721 1919 partis
743 1837 877 1900 affectae
898 1836 960 1900 hac
981 1837 1055 1901 illac
1076 1837 1247 1916 rotatione,
1269 1844 1303 1901 et
1324 1846 1430 1901 muta-

329 1938 419 2002 tione
438 1939 519 2003 situs
535 1940 625 2022 quasi
640 1946 803 2023 perpetua
848 1940 966 2023 Neque
984 1939 1092 2003 minor
1106 1947 1155 2003 est
1169 1940 1272 2006 totius
1290 1941 1430 2024 corporis

326 2041 461 2124 jactatio
486 2042 658 2120 imeesane,
682 2062 763 2125 quae
789 2062 915 2125 semper
936 2062 1173 2125 paroxysmum,
1196 2042 1335 2106 maxime
1356 2064 1430 2106 vero

330 2144 546 2223 accedentem,
562 2144 744 2223 comitatur,
761 2166 858 2228 quam
872 2144 951 2209 torti
972 2144 1110 2209 membri
1130 2144 1264 2227 agitatio
1281 2152 1315 2208 et
1330 2146 1429 2209 dolor.

332 2246 421 2309 Hinc
443 2246 541 2310 etiam
563 2246 651 2311 mille
673 2247 852 2326 conamine,
874 2247 1051 2311 situatum
1073 2246 1174 2331 ipsius
1196 2247 1336 2329 corporis
1358 2255 1431 2311 tum

330 2349 467 2413 membri
486 2350 593 2413 affecti
612 2350 792 2415 mutatione
815 2350 952 2429 assidua,
968 2350 1086 2414 doloris
1108 2350 1308 2414 sedationem
1327 2350 1431 2414 incas·

331 2470 403 2514 sum
423 2452 629 2516 exambiunt:
653 2474 734 2535 quae
749 2458 860 2516 tamen
882 2474 949 2516 non
971 2453 1133 2535 contingit
1151 2460 1228 2516 ante
1247 2452 1361 2516 horam
1383 2472 1431 2517 so-

331 2554 471 2617 cundam
497 2555 665 2618 tertiamve
687 2555 893 2633 matutinam,
921 2555 1067 2637 (decurso
1087 2554 1209 2619 scilicet
1229 2554 1432 2638 nycthemeri

330 2657 434 2739 spatio
454 2678 474 2719 a
494 2656 598 2739 primo
620 2657 756 2739 appulsu
777 2657 982 2739 paroxysmi)
1001 2678 1064 2740 quo
1078 2663 1222 2739 tempore
1244 2677 1341 2739 aeger
1358 2664 1432 2739 post

329 2758 484 2822 materiae
505 2759 667 2841 peccantis
688 2758 848 2822 modicam
863 2758 1077 2840 digestionem
1097 2765 1130 2821 et
1151 2758 1360 2822 difflationem
1375 2758 1431 2821 ali·

331 2862 459 2943 qualem
474 2860 581 2923 subito
596 2882 616 2923 a
631 2860 739 2925 dolore
758 2860 894 2943 respirat
902 2884 912 2938 3
935 2860 1012 2924 licet
1030 2860 1115 2923 hanc
1134 2860 1189 2923 illo
1208 2859 1432 2923 liberationem

330 2963 386 3025 isti
411 2962 549 3026 membri
575 2962 682 3026 affecti
706 2962 869 3045 positurae
892 2984 956 3045 qua
980 2969 1143 3045 postremo
1165 2982 1244 3025 usus
1269 2969 1348 3040 erat,
1371 2962 1431 3025 im-

330 3065 446 3129 merito
464 3072 628 3148 acceptam
647 3064 774 3129 referat.
821 3064 896 3127 lam
916 3064 983 3128 leni
1002 3064 1134 3128 madore
1150 3064 1299 3147 perfusus
1318 3085 1431 3129 somno

331 3166 489 3246 concedit,
505 3188 525 3231 a
540 3186 603 3250 quo
625 3166 789 3250 evigilans,
810 3167 919 3231 dolore
940 3168 1083 3231 multum
1104 3166 1287 3244 imminuto,
1304 3173 1431 3249 partem

323 3270 480 3334 affectam
509 3276 637 3333 tumore
666 3276 812 3333 recenter
840 3277 1030 3353 occupatam
1059 3268 1183 3344 cernit3
1220 3289 1296 3333 cum
1325 3268 1431 3331 solum

331 3373 468 3436 antehac
485 3372 583 3455 (quod
597 3372 633 3435 in
648 3371 797 3436 omnibus
812 3370 1063 3454 Podagricomm
1083 3370 1281 3455 paroxysmis
1298 3371 1430 3435 solenne

331 3476 402 3557 est)
420 3474 577 3557 insignior
596 3473 846 3537 intumescentia
860 3494 1015 3562 venarum
1034 3472 1181 3537 membro
1194 3480 1309 3536 vexato
1329 3474 1429 3536 inter-

330 3584 493 3641 textarum
519 3598 553 3640 se
577 3576 613 3639 in
639 3583 845 3659 conspectum
872 3565 1019 3639 dederat}
1069 3574 1232 3658 Sequente
1258 3574 1320 3654 die,
1345 3574 1429 3639 forte

331 3680 428 3744 etiam
445 3679 485 3743 ad
500 3679 636 3743 biduum
650 3678 843 3757 triduumve,
856 3678 883 3741 si
897 3678 1034 3742 materia
1047 3678 1213 3759 Podagrae
1227 3676 1431 3760 generandae

332 3788 408 3865 apta
421 3781 519 3845 iirerit
534 3781 698 3864 copiosior,
714 3780 802 3845 dolet
818 3781 970 3845 nonnihil
988 3802 1062 3864 pars
1082 3780 1206 3858 affecta,
1221 3780 1319 3863 idque
1335 3780 1430 3844 vebe·
1458 3806 1462 3813 ·

331 3884 473 3947 mentius
499 3883 550 3946 die
572 3884 641 3967 jam
666 3882 957 3966 advesperascente,
981 3884 1106 3947 levatur
1131 3889 1240 3946 autem
1266 3881 1327 3946 sub
1353 3882 1431 3965 galli

331 3993 440 4050 canui.
486 3986 581 4049 Intra
598 4006 716 4068 paucos
735 3986 812 4064 dies,
828 3986 910 4051 alter
927 4006 984 4070 pes
1002 3985 1116 4049 eodem
1133 3984 1243 4049 doloro
1261 3974 1431 4066 torquetur
1443 4001 1572 4059 uenenis.

332 4108 396 4171 quo
411 4088 438 4151 a
453 4088 509 4172 qui
523 4088 610 4171 prior
625 4087 747 4165 romu
769 4088 829 4166 vel,
846 4088 873 4151 i
894 4089 982 4171 paor
995 4087 1057 4151 aa
1075 4088 1145 4171 jam
1159 4087 1267 4151 ‹1010oe
1289 4086 1428 4163 eareat,
1441 4068 1575 4195 ἓὲἓὲξ

332 4190 481 4254 debilitas
503 4211 585 4273 quae
607 4210 682 4254 euru
703 4190 931 4266 infirmaverat,
946 4209 1023 4253 mox
1042 4187 1212 4265 evanescit,
1226 4194 1295 4250 tam
1308 4185 1429 4249 viribus
1441 4199 1536 4245 excitat

332 4312 429 4375 quam
444 4292 571 4375 integra
591 4291 729 4355 sanitate
750 4292 805 4355 isti
826 4292 901 4374 pedi
923 4291 1033 4353 statim
1055 4288 1223 4365 restitutis,
1238 4287 1371 4371 perinde
1392 4306 1430 4351 ac

331 4396 501 4477 uunquam
522 4392 730 4470 laboraverat,
746 4392 773 4454 si
793 4391 888 4455 modo
908 4390 1000 4455 dolor
1017 4389 1132 4473 pedem
1148 4408 1252 4471 nuper
1266 4392 1431 4451 tentatum

331 4496 468 4560 ferocius
490 4496 643 4559 lancinet.
689 4492 911 4557 Nihilominus
934 4491 1063 4555 easdem
1085 4490 1139 4554 hic
1162 4488 1281 4553 excitat
1303 4494 1430 4571 tragoe-

333 4596 402 4662 dias
421 4620 500 4681 quas
519 4598 608 4682 prius
627 4598 663 4661 in
682 4596 782 4661 altero
802 4594 892 4678 pede,
910 4602 979 4657 tam
999 4593 1104 4676 quoad
1122 4591 1239 4656 doloris
1260 4590 1430 4657 vehemen-

332 4700 423 4779 tiam,
450 4722 547 4784 quam
573 4700 785 4763 durationem.
840 4696 1044 4780 Quandoque
1069 4696 1166 4759 etiam
1190 4692 1302 4777 primis
1327 4692 1432 4757 morbi

334 4802 459 4881 diebus,
475 4824 550 4867 cum
564 4802 700 4867 materia
720 4821 856 4885 peccans
879 4800 959 4865 adeo
978 4797 1134 4863 exuberat
1152 4803 1191 4861 ut
1209 4797 1240 4861 ci
1258 4795 1432 4882 capiendae
