3825 5759
517 664 580 725 144
823 660 1018 727 'I'HOMAE
1042 660 1299 727 SYDENHAM

361 833 503 881 vinosus
517 822 684 905 sanguinis
695 818 861 908 ὀργασμόν
871 822 948 886 velis
956 819 1136 904 remisqueb
1145 821 1315 899 contendo,
1324 822 1546 905 paregoricum
1556 823 1615 886 ali·

362 898 503 1009 Ξξζξζῇξ,
516 924 602 1007 quod
621 924 895 988 medicamentum
913 946 930 987 e
948 924 1082 1005 vestigio
1096 924 1312 987 hauriendum
1328 925 1489 1007 praecipio
1496 951 1506 1003 ς
1529 925 1616 1007 quod

384 1026 486 1077 'fil-'⁶2
518 1027 648 1109 quidem
659 1048 807 1090 somnum
818 1027 937 1090 blande
952 1026 1151 1090 conciliando
1165 1026 1238 1107 (nisi
1253 1026 1325 1109 plus
1335 1027 1437 1089 nimio
1447 1026 1617 1089 cerebrum

516 1128 707 1211 incaluerit)
720 1136 753 1192 et
764 1130 942 1213 mitigando
950 1128 1084 1211 proinde
1093 1128 1265 1191 effraenem
1277 1129 1443 1211 sanguinis
1453 1129 1616 1207 ferociam,

517 1232 708 1314 sanguinem
726 1253 793 1295 una
806 1252 881 1295 cum
895 1232 999 1295 calore
1013 1230 1055 1293 ad
1071 1230 1185 1293 faciem
1203 1233 1310 1313 (prout
1324 1230 1429 1294 morbi
1444 1231 1526 1295 ratio
1543 1252 1615 1315 pos·

516 1334 622 1417 tulat,)
640 1334 827 1418 tempestive
842 1334 1045 1398 determinat.
1096 1333 1178 1415 [58.]
1207 1333 1345 1398 Quodsi
1363 1356 1401 1397 eo
1420 1355 1523 1416 usquo
1542 1355 1615 1416 pro·

517 1436 612 1499 cessit
631 1437 754 1499 malum
772 1436 833 1501 hac
852 1434 1016 1522 προφάσει
1036 1441 1145 1497 ortum
1166 1442 1204 1497 ut
1224 1435 1330 1512 sudor,
1350 1435 1406 1517 qui
1426 1436 1491 1497 huc
1512 1456 1616 1517 usque

365 1563 483 1611 Nonnus-
518 1537 641 1620 copiose
658 1539 810 1617 manavit,
826 1546 938 1621 sponte
956 1537 1191 1614 madefecerit,
1207 1558 1303 1620 aeger
1320 1536 1503 1619 phrenitide
1518 1536 1616 1599 oorri-

364 1628 506 1754 diffugiis
516 1639 634 1721 piatur,
647 1640 686 1703 de
701 1640 883 1704 vehementi
898 1649 1051 1722 queratur
1065 1639 1277 1721 aegritudine,
1289 1639 1417 1701 urinam
1431 1658 1567 1721 paucam
1581 1646 1616 1703 at

364 1756 485 1803 ebrachio
517 1741 702 1824 frequenter
716 1743 830 1807 reddat
838 1768 848 1821 3
868 1744 936 1826 jam
954 1763 1022 1806 non
1037 1742 1106 1805 aliis
1121 1742 1265 1805 auxiliise
1282 1743 1368 1824 (cum
1387 1742 1422 1803 in
1436 1743 1616 1824 propinquo

364 1835 492 1933 ffiffiff
518 1866 603 1908 mors
623 1845 687 1927 sit,)
709 1866 805 1927 aegro
820 1844 982 1908 subveniri
1001 1864 1093 1927 posse
1108 1850 1251 1921 autumo,
1268 1864 1365 1926 quam
1383 1842 1434 1904 vel
1453 1843 1617 1906 narcotica

364 1948 417 2059 qus
518 1946 641 2009 affatim
653 1946 842 2025 exhibendo,
853 1944 920 2009 veld
932 1946 1123 2029 sanguinem
1131 1944 1321 2008 liberaliter‘
1329 1944 1536 2021 extrahendo,
1546 1965 1615 2007 cor-

366 2026 447 2123 013⁹
450 2078 476 2125 li·
518 2070 642 2131 pusque
661 2070 757 2112 aurae
773 2048 983 2131 exponendos.
1027 2050 1071 2111 Et
1085 2048 1228 2131 profecto
1242 2048 1330 2111 hand
1344 2048 1391 2111 ita
1407 2048 1616 2111 temerarium

364 2140 484 2266 ἷζῗὲξμ
518 2160 615 2235 atque
630 2150 750 2216 ἄτοπον
761 2152 920 2215 videbitur
935 2153 1020 2235 quod
1031 2153 1100 2235 jam
1115 2152 1274 2235 proposui,
1286 2153 1314 2215 si
1329 2151 1369 2215 ad
1384 2151 1455 2215 illos
1470 2152 1616 2215 animum

365 2283 487 2331 exponen·
519 2254 731 2333 advertamus,
754 2253 810 2337 qui
835 2254 875 2317 ob
901 2256 1043 2337 copiosas
1069 2255 1197 2318 narium
1222 2254 1481 2336 haemorrhagiae
1507 2253 1615 2319 subito

365 2332 419 2380 ‘¹¹¹⁸'
518 2354 706 2437 ingruentes
720 2355 838 2419 ferreas
850 2356 1048 2419 imminentis
1059 2356 1139 2419 lethi
1150 2378 1265 2419 manus
1276 2356 1354 2419 salvi
1368 2377 1503 2419 evasere.
1527 2357 1616 2420 Illud

367 2468 424 2517 Non
436 2471 502 2533 quod
519 2457 650 2539 insuper
667 2464 716 2521 est
735 2458 1010 2541 perpendendum,
1026 2458 1110 2541 quod
1128 2459 1164 2521 in
1183 2467 1326 2522 extremo
1345 2459 1407 2522 hoe
1426 2478 1529 2541 egone
1547 2479 1616 2521 non

365 2534 479 2647 {2022}ssss
519 2558 637 2623 ideirco
648 2560 748 2623 instat
758 2582 854 2639 mors,
864 2560 950 2644 quod
961 2562 1109 2644 pustulae
1120 2561 1207 2624 intro
1217 2561 1379 2640 recedant,
1392 2563 1516 2643 (extant
1527 2563 1615 2625 enim

362 2663 507 2775 qulffio
519 2660 581 2725 hae
602 2662 809 2746 eminentque
831 2686 907 2728 cum
928 2665 1049 2747 insigni
1070 2666 1196 2744 rubore,
1216 2666 1314 2729 etiam
1336 2666 1476 2729 animam
1498 2674 1615 2749 agente

366 2742 497 2841 residuos
520 2766 637 2847 aegro,)
655 2765 712 2828 sed
727 2766 813 2849 quod
826 2766 922 2830 facies
938 2788 1005 2831 non
1015 2774 1197 2849 turgescat;
1227 2767 1268 2829 ad
1280 2766 1527 2849 promovendam
1540 2788 1615 2831 vero

365 2862 494 2917 turgescat
516 2866 600 2930 hanc
614 2867 707 2932 faciei
721 2868 1014 2948 intumescentium,
1031 2869 1184 2952 quicquid
1202 2869 1236 2931 id
1255 2869 1386 2932 demum
1404 2870 1555 2951 estquod
1573 2869 1616 2932 ad

517 2972 707 3053 sanguinem
722 2973 1031 3055 contemperandum
1044 2972 1131 3046 facit,
1145 2970 1445 3053 (venae-sectionem
1458 2978 1567 3035 autem
1581 2979 1615 3034 et

516 3073 675 3137 modicam
700 3074 977 3157 refrigerationem
1006 3094 1079 3137 eam
1108 3072 1173 3135 vim
1198 3070 1343 3136 obtinere
1362 3094 1468 3150 nemo,
1491 3074 1614 3157 opinor,

516 3176 701 3257 negaverit)
718 3177 896 3239 necessario
912 3196 1013 3257 aeque
1030 3195 1068 3237 ac
1088 3174 1345 3256 paregoricorum
1358 3198 1446 3256 usus,
1462 3184 1558 3258 atque
1573 3176 1614 3239 ob

517 3273 644 3337 easdem
658 3276 753 3357 plane
767 3277 918 3355 rationes,
934 3274 1030 3339 debet
1045 3276 1198 3339 conferre.

366 3384 395 3432 ln
404 3384 505 3447 quove·
563 3375 648 3459 [59.]
675 3378 752 3440 Non
770 3378 849 3441 haec
867 3378 915 3440 ita
932 3378 1028 3440 velim
1047 3376 1186 3460 intelligi
1200 3398 1238 3441 ao
1257 3377 1339 3441 siin
1358 3379 1502 3462 qualibet
1520 3379 1614 3462 phre-

364 3448 494 3573 ἒξέᾞῑ
516 3477 618 3541 nitide
634 3480 771 3542 Variolis
786 3479 1031 3562 superveniente
1048 3481 1134 3561 (eum
1147 3480 1275 3543 nullum
1290 3481 1343 3544 hic
1357 3489 1539 3565 symptoma
1551 3482 1614 3546 sm.

365 3576 506 3702 {isseissfflu
518 3579 669 3660 quentius
684 3583 851 3663 occurrat)
868 3582 1157 3646 venae-sectionem
1172 3584 1282 3646 statim
1297 3584 1483 3663 suaderem,
1507 3587 1563 3649 sed
1579 3588 1614 3649 in

366 3718 499 3753 venisses
517 3682 572 3745 dle
597 3688 726 3745 tantum
748 3705 829 3766 quae
854 3684 926 3748 ideo
948 3684 1065 3748 accidit
1087 3686 1163 3768 quia
1186 3686 1283 3750 facies
1304 3710 1372 3751 non
1397 3690 1563 3771 turgescit,
1578 3690 1615 3753 in

364 3768 497 3881 ‘qqqqmin-
517 3786 680 3851 Distinoto
700 3788 819 3850 sedicet
835 3808 962 3870 genere,
981 3796 1014 3852 et
1032 3788 1171 3871 pustulis
1186 3790 1277 3871 copia
1297 3790 1374 3853 satis
1391 3812 1511 3872 magna
1528 3811 1613 3854 com-

516 3888 722 3972 perentibus;
746 3889 796 3952 vel
817 3890 883 3967 ubi,
903 3890 943 3953 ob
966 3890 1110 3972 regimen
1133 3890 1307 3953 admodum
1328 3890 1470 3953 calidum
1491 3899 1524 3955 et
1547 3911 1614 3953 car-

518 3988 681 4053 diacorum
705 4011 811 4068 usum,
834 3992 966 4073 sanguis
990 3992 1069 4055 adeo
1094 3993 1211 4055 efferus
1235 4000 1293 4071 est,
1317 4000 1415 4075 atque
1438 3994 1526 4056 ultra
1547 4014 1614 4056 om·

517 4113 593 4157 nem
615 4092 747 4157 modum
769 4102 907 4174 evectus,
928 4102 967 4159 ut
988 4095 1133 4159 inducias
1158 4095 1241 4158 ferre
1263 4104 1403 4179 nequeat
1424 4096 1526 4159 donec
1548 4116 1615 4158 me·

517 4198 706 4263 dicamentis
740 4196 942 4281 paregoricis,
973 4204 1007 4261 et
1038 4196 1169 4279 reliquis
1198 4196 1311 4260 eodem
1340 4196 1543 4274 facientibus,
1574 4196 1616 4259 ad

517 4300 659 4365 debitam
687 4299 876 4384 temperiem
898 4299 1010 4363 reduci
1037 4299 1148 4383 possit.
1192 4298 1277 4361 Cum
1300 4295 1407 4361 enimh
1432 4297 1481 4361 ita
1504 4318 1539 4360 se
1564 4317 1615 4360 res

549 4434 559 4465 '³
576 4440 631 4484 velis
642 4436 764 4501 remisque]
782 4436 797 4486 i.
811 4452 830 4485 e.
848 4454 935 4486 ummo
951 4441 992 4485 oi:
1010 4437 1041 4485 cl.
1119 4438 1213 4483 ‘surae
1225 4432 1368 4496 exponendo]
1382 4448 1461 4494 capos.
1472 4448 1543 4481 uaros
1556 4435 1614 4480 llbe-

517 4498 615 4549 Emmi
626 4504 704 4564 Adng.
714 4502 731 4548 i.
744 4505 766 4551 4.
781 4504 819 4549 18.
1085 4504 1143 4549 rs'on'
1152 4501 1187 4546 ed.
1201 4500 1248 4549 ⁵76.

548 4568 558 4591 ‘
568 4563 761 4627 jam—auxiliis]
774 4566 891 4628 nrtllojum
901 4568 1042 4614 olioaswils'o
1117 4570 1130 4603 Ι
1147 4562 1241 4626 [aeger]
1255 4578 1303 4609 om.
1316 4561 1368 4609 edd.
1381 4560 1429 4618 ¹76,
1442 4563 1489 4608 '85.

515 4625 551 4673 ed.
565 4629 611 4677 'ld
1118 4632 1130 4665 ¹¹
1149 4632 1204 4675 Cam
1223 4632 1282 4675 eslim
1293 4624 1345 4689 dfe]
1369 4626 1437 4674 Haec
1453 4626 1545 4673 habent
1560 4625 1615 4672 edd.

547 4692 559 4725 'l
575 4689 689 4753 ool-vel]
702 4706 749 4739 om.
762 4692 797 4741 ed.
810 4693 857 4743 '76.
1087 4693 1136 4750 '66,
1147 4695 1187 4740 ’68
1203 4700 1258 4754 post
1271 4694 1346 4738 rolant
1359 4692 1384 4737 iu
1400 4695 1412 4752 l
1426 4693 1464 4747 40,
1477 4689 1617 4752 praemissis

547 4758 557 4782 ·
575 4753 653 4817 libra]
670 4772 681 4802 e
698 4756 789 4802 &achia
808 4761 865 4803 sotis
883 4759 950 4818 largo
970 4775 1042 4818 qaan-
1085 4772 1147 4818 quae
1159 4757 1390 4818 sequundum-Sed
1400 4763 1426 4801 ut
1437 4758 1522 4802 adrem
1532 4757 1613 4800 redea-

515 4821 583 4865 tllale
595 4819 630 4867 ed.
644 4820 691 4870 ¹76.
1084 4838 1149 4868 nur.-
1166 4825 1187 4867 ri
1203 4822 1355 4867 resumatis
1367 4823 1496 4879 prudenter
1509 4820 1616 4866 eddilam
