3825 5759
426 671 826 738 OBSERVATIONUM
850 673 1136 740 hOEDICARUM
1155 685 1204 739 lv.
1223 692 1249 740 7.
1326 680 1391 744 197

290 833 516 914 Quamobrem,
541 835 658 900 doloris
687 833 843 898 indicium
872 842 1013 915 secutus,
1042 837 1241 902 narcoticum
1268 846 1390 923 repeto,
1424 851 1525 899 couci

287 936 383 1000 donec
405 937 457 1000 vel
480 937 650 1001 cessaverit
672 937 737 1015 ille,
759 937 810 1001 vol
832 937 1008 1002 admodum
1029 939 1125 1002 fuerit
1145 941 1330 1024 mitigatus;
1353 963 1391 1006 eo
1405 916 1544 1028 ,ξ’ζᾙ,

286 1040 517 1104 nihilominus
507 1041 678 1124 interjecto
692 1041 845 1124 temporis
860 1041 974 1154 spatio,
988 1049 1027 1106 ut
1041 1053 1241 1126 compertum
1256 1045 1336 1108 mihi
1350 1046 1392 1108 sit
1422 1046 1485 1096 '·7⁰
1488 1047 1527 1095 72

287 1142 401 1224 quida
426 1142 499 1207 dosi
528 1142 741 1226 praecedente
764 1142 884 1226 sperari
909 1143 1036 1222 debeat,
1058 1153 1235 1228 antequam
1256 1148 1394 1212 alteram

286 1245 509 1328 superaddam.
554 1245 750 1328 Plerumque
771 1266 856 1324 vero,
871 1245 934 1310 nisi
955 1245 1013 1310 uhi
1034 1268 1160 1312 summe
1180 1249 1268 1332 viget
1290 1250 1391 1330 dolor,

285 1347 505 1430 paregoricum
527 1367 625 1410 mane
650 1355 684 1412 et
708 1368 778 1410 sero
800 1346 980 1412 exhibitum
1001 1349 1147 1414 sufficiet.
1190 1351 1392 1437 Anodynnm

285 1449 359 1512 mihi
369 1449 530 1514 familiare
544 1449 722 1514 laudunum
735 1449 824 1514 istud
838 1449 998 1532 liquidum
1012 1457 1061 1514 est
1075 1473 1173 1535 supra
1192 1454 1234 1536 [c.
1244 1457 1277 1517 3.
1289 1457 1307 1540 q
1319 1455 1386 1539 14.]

285 1551 491 1636 descriptum,
507 1552 601 1635 cujus
622 1557 735 1635 guttae
756 1551 894 1616 sedecim
908 1552 944 1616 in
963 1574 1049 1636 aqua
1069 1553 1215 1618 cardiace
1235 1555 1393 1622 stillatitia

284 1654 472 1734 solvimtur5
495 1655 546 1718 vel
560 1661 698 1736 augetur
713 1653 798 1719 dosis
812 1675 871 1738 pro
886 1655 1004 1718 doloris
1017 1655 1253 1739 magnitudine.

329 1757 389 1840 [8.]
420 1755 668 1839 Simplicissima
695 1756 776 1820 haec
805 1755 987 1836 methodus,
1014 1777 1078 1840 qna
1105 1756 1247 1841 primum
1274 1757 1393 1824 humor

284 1879 415 1940 peccans
430 1858 690 1922 venae-sectione
704 1865 738 1922 et
752 1858 944 1941 purgatione
953 1867 1136 1939 evacuatum,
1148 1859 1264 1926 deinde
1277 1881 1392 1925 narco-

283 1961 418 2027 ticorum
441 1983 505 2046 ope
527 1961 717 2026 conciliatur
734 1961 833 2044 quies,
851 1983 976 2045 semper
995 1963 1075 2026 mihi
1093 1963 1273 2028 felicissime
1295 1965 1391 2030 cessit

283 2085 355 2146 prae
372 2065 446 2129 aliis
462 2085 546 2147 quae
560 2062 641 2177 mihi
662 2063 821 2127 hactenus
842 2064 1015 2128 innotuere
1032 2065 1201 2145 omuibus3
1223 2086 1299 2131 cum
1313 2088 1389 2183 ene·
1403 2079 1526 2132 aemath

283 2275 369 2348 nent,
379 2266 574 2332 crabrones
564 2214 839 2346 rrritenttantum‚
849 2269 1053 2334 etconcitato
1060 2269 1234 2335 humorum
1242 2211 1467 2336 tumntadlre

283 2369 519 2435 diuturniorem
544 2368 683 2433 reddant
711 2370 872 2434 morbum.
919 2371 984 2436 Hic
1007 2373 1149 2436 autem'
1140 2374 1297 2457 1mprimis
1319 2397 1389 2439 am·
1400 2341 1512 2452 ‚affl

284 2473 440 2538 madverti
457 2473 541 2552 volo,
558 2471 653 2554 quod,
669 2472 745 2535 licet
764 2479 834 2536 tam
848 2472 1099 2556 phlebotomiam
1114 2499 1211 2560 quam
1226 2477 1390 2542 catharain

282 2573 354 2640 huic
369 2573 508 2641 sedandi
521 2574 674 2638 methodo
689 2575 866 2639 necessario
880 2595 949 2640 esse
966 2577 1236 2658 praemittendam
1252 2580 1390 2644 affirma·

282 2699 353 2745 vem
352 2699 608 2762 ‚nonnunquam
617 2685 728 2742 tamen
728 2679 792 2760 ,(re
801 2677 848 2742 ita
855 2679 1049 2762 postulante,
1051 2682 1253 2763 leautraque
1261 2683 1388 2762 omissa,

283 2782 510 2867 aparegoricis
525 2781 680 2845 ordienda
693 2783 759 2845 tela
773 2789 832 2846 cst.
877 2782 1026 2864 Exempli
1041 2783 1154 2865 gratia,
1169 2783 1227 2846 ubi
1240 2784 1282 2847 ob
1297 2805 1388 2866 prae-
1401 2808 1465 2857 cum

283 2909 427 2970 gressam
448 2886 684 2971 aegritudinem
706 2886 846 2969 aliquam
868 2884 1090 2949 evacuationem
1111 2885 1300 2968 copiosiores
1319 2909 1387 2951 ιιοιι
1399 2875 1524 2999 pt
1454 2941 1544 2990 oiom

283 2988 328 3053 ita
349 2991 411 3054 din
428 2995 504 3054 ante
527 2989 655 3053 Colicae
678 2988 853 3052 adventum
875 2987 1046 3050 institutae
1064 2986 1197 3065 fuerint,
1219 2987 1297 3068 (non
1315 3010 1447 3054 raronon
1459 3004 1502 3051 diu

284 3093 370 3156 enim
402 3092 444 3156 ob
473 3091 632 3156 ascerum
662 3089 873 3167 debilitatem,
902 3087 1042 3152 maxime
1072 3089 1099 3152 si
1124 3089 1256 3154 accedat
1284 3073 1455 3177 majorfflf,e
1449 3067 1540 3179 ἔξω

284 3195 398 3262 caloris
421 3194 539 3278 gradm
564 3215 584 3258 a
605 3193 681 3260 vino
706 3194 757 3257 vel
782 3192 954 3276 spirituoso
979 3191 1103 3275 liquore
1128 3191 1191 3256 alio
1215 3193 1453 3270 immodicetum
1427 3196 1517 3242 mirer.

284 3295 412 3374 hausto,
425 3297 480 3380 qui
495 3316 599 3380 nuper
614 3295 654 3360 ab
670 3295 733 3360 alio
748 3293 937 3359 convaluere
953 3293 1089 3358 morbo'
1079 3317 1116 3358 ιιι
1130 3295 1218 3359 huuc
1232 3296 1386 3412 praecipi·
1398 3257 1500 3378 wilm
1458 3259 1528 3307 inm

285 3399 422 3480 tantur,)
444 3397 506 3461 hoc
524 3397 718 3482 (inquamf)
709 3419 744 3460 111
767 3417 844 3461 casu
862 3417 930 3460 non
951 3397 1049 3462 modo
1069 3419 1138 3463 non
1159 3398 1385 3478 necessarium,
1397 3387 1529 3500 mdiu
1507 3404 1544 3436 ⁰¹⁸

285 3499 340 3564 sed
355 3507 390 3564 et
405 3499 539 3564 noxium
554 3520 623 3564 esse
643 3519 768 3578 censeo,
785 3499 873 3562 alia'
864 3520 997 3583 insuper
1016 3499 1196 3584 adjiciendo
1210 3467 1447 3566 catharticaiib
1398 3468 1478 3580 apion
1447 3467 1541 3565 diiii

285 3623 384 3668 novos
414 3601 554 3666 excitare
582 3602 754 3680 tumultus,
782 3607 880 3684 atque
909 3601 1020 3666 omnia
1048 3603 1155 3668 denuo
1187 3589 1450 3688 perturbare.⁰‘⁸²

285 3703 398 3768 Illud
384 3726 455 3788 Jam
469 3712 570 3782 taceo,
583 3704 692 3788 quod
683 3727 719 3767 ιιι
734 3703 795 3768 hoc
809 3705 928 3768 affectu
943 3725 1039 3787 aeger
1048 3713 1087 3769 ut
1101 3707 1288 3790 plurimum,
1299 3707 1389 3791 prius

285 3827 384 3890 quam
404 3807 592 3871 consulatur
611 3805 771 3885 Medicus,
787 3807 924 3890 repetito
944 3814 1131 3872 enematum
1151 3830 1214 3873 usu
1232 3809 1390 3874 intestina

285 3907 363 3972 satis
386 3909 506 3992 proluit
515 3933 525 3988 ;
547 3909 595 3972 ita
609 3915 646 3972 ut
669 3908 787 3991 partim
801 3909 863 3972 hac
883 3909 924 3972 de
946 3929 1052 3988 causa,
1068 3911 1187 3993 partim
1201 3911 1243 3975 ob
1263 3910 1389 3975 diutur-

285 4009 411 4075 niorem
425 4011 531 4075 morbi
553 4031 687 4090 moram,
703 4009 867 4076 narcotica
880 4009 947 4073 fere
969 4011 1038 4075 sola
1054 4011 1091 4074 in
1108 4033 1205 4076 usum
1220 4011 1390 4076 videantur

287 4112 477 4177 revocanda.

336 4214 397 4298 [9.]
425 4215 542 4280 Mense
569 4215 729 4297 Augusto,
753 4216 849 4293 1671,
871 4211 1091 4278 nobilissimus
1117 4213 1278 4278 Dominus
1303 4213 1389 4276 Baro
1401 4223 1455 4285 ejus
1465 4223 1500 4270 rei

287 4317 444 4402 Annesly,
460 4317 570 4382 Colica
584 4317 705 4382 Biliosa
721 4316 871 4381 laborans
891 4337 966 4380 cum
986 4315 1132 4380 cruciatu
1145 4314 1340 4379 intolerabili
1355 4323 1389 4380 et
1400 4287 1541 4414 {papium

287 4419 449 4504 frequenti
464 4419 714 4499 vomituritione,
727 4422 797 4504 jam
812 4420 853 4484 ab
870 4419 993 4502 aliquot
1011 4419 1134 4497 diebus,
1150 4418 1192 4482 ad
1208 4417 1389 4483 Castellum
1400 4423 1448 4465 ²¹¹¹·

288 4521 328 4586 de
343 4523 471 4587 Belvoir
486 4522 634 4586 accersiri
648 4543 701 4586 me
713 4522 830 4606 jussit:
853 4521 982 4586 nullum
999 4543 1065 4585 non
1074 4529 1261 4586 enematum
1276 4543 1389 4605 genus,

287 4631 385 4708 atquc
401 4626 464 4689 alia
478 4625 612 4708 insuper
626 4626 778 4704 remedia,
795 4647 815 4690 a
829 4624 968 4688 Medicis
980 4624 1173 4688 doctissimis
1184 4625 1392 4709 experientis·

288 4724 440 4810 simisque
460 4749 498 4791 eo
517 4729 662 4790 locorum
684 4727 877 4811 degentibus
896 4726 1094 4810 praescripta
1111 4727 1180 4811 jam
1201 4733 1392 4792 tentaverat.

290 4827 369 4912 Ego,
382 4829 480 4892 nullis
497 4851 573 4892 usus
589 4829 791 4922 ambagibus,
807 4831 982 4915 repetitum
997 4831 1232 4897 mareoticorum
1246 4852 1343 4894 usum
1353 4827 1396 4892 ad
