3825 5759
516 662 580 727 428
828 660 1306 727 THOMAE'SYDENHAM

369 838 411 886 nr,
423 838 492 887 Pon·
515 823 582 887 fere
595 822 757 889 habentur
772 826 827 909 qui
841 825 906 891 cito
916 826 968 890 vel
982 826 1156 911 perimunt,
1166 824 1219 890 rel
1233 824 1275 889 ad
1289 823 1537 889 concoctionem
1552 844 1646 905 per·

363 918 504 985 Q
515 926 699 999 ducuntur3
723 926 769 989 ita
786 928 931 993 Chroaioi
946 930 1151 1013 appellantur
1166 929 1233 1007 isti,
1248 928 1304 1013 qni
1320 928 1372 991 rel
1388 948 1457 990 non
1476 926 1644 1004 omnino,

515 1028 564 1092 vel
586 1028 678 1091 tarde
697 1028 873 1093 admodum
888 1038 921 1095 et
940 1030 1040 1114 longa
1057 1031 1212 1115 temporis
1226 1052 1326 1108 mora,
1340 1029 1383 1093 ad
1397 1029 1539 1093 eandem
1553 1050 1642 1092 coc·

514 1132 637 1196 tionem
652 1132 853 1216 pertingunt.
898 1134 1010 1217 Atque
1023 1135 1086 1199 hoc
1104 1134 1236 1218 quidem
1254 1140 1325 1197 tom
1341 1132 1413 1215 ipsa
1429 1130 1478 1193 rei
1491 1137 1639 1208 natura,

514 1256 612 1318 quam
624 1234 721 1299 rerba
735 1235 853 1321 quibus
867 1236 923 1301 illa
937 1236 1137 1319 exprimitur,
1152 1243 1262 1319 aperte
1275 1236 1456 1319 loquuntur
1463 1258 1474 1311 3
1496 1241 1534 1296 at
1546 1254 1638 1297 reru

389 1340 428 1417 ’ψ
443 1356 502 1389 sau.
514 1357 612 1401 causa
639 1335 737 1421 hujus
766 1337 968 1403 differentiae
997 1360 1081 1422 quae
1111 1338 1199 1402 inter
1231 1336 1311 1401 baec
1339 1337 1405 1400 duo
1432 1335 1636 1399 morborum

362 1420 389 1452 ⁸⁸
401 1420 469 1518 'dg'
515 1460 635 1521 genera
656 1438 918 1523 deprehenditur,
934 1441 1031 1505 altius
1052 1441 1143 1519 latet,
1161 1439 1252 1503 haud
1272 1439 1320 1503 ita
1339 1438 1433 1503 facile
1454 1438 1632 1502 eruenda:

514 1543 607 1627 cujus
635 1542 838 1627 indagationi
863 1544 891 1607 si
919 1544 1150 1628 aliquantisper
1176 1543 1396 1621 immoremur,
1421 1563 1538 1625 operae
1569 1544 1631 1624 (nt

514 1644 617 1729 puto,)
633 1646 686 1709 vix
699 1666 759 1710 nos
774 1645 952 1729 poenitebit
960 1672 971 1724 ;
993 1667 1069 1711 cum
1087 1645 1204 1710 barum
1221 1666 1332 1710 rernm
1349 1644 1468 1708 notitia
1480 1645 1568 1708 clara
1584 1666 1630 1709 ac

515 1747 667 1813 distincta
681 1748 723 1813 nd
737 1747 945 1813 inveniendos
959 1770 1049 1812 veras
1065 1748 1279 1812 indicationes
1296 1747 1413 1811 horum
1430 1746 1628 1811 morborum

514 1851 674 1915 curationi
689 1850 910 1916 accommodas
925 1873 1082 1935 magnum
1097 1858 1297 1916 momentum
1311 1850 1436 1913 adferre
1451 1856 1559 1933 queat.

563 1952 646 2037 [35.]
675 1953 748 2016 Sive
772 1954 922 2017 interiora
947 1959 1051 2017 ter-roe
1075 1950 1206 2017 uiscera¹
1230 1953 1271 2035 (si
1291 1952 1340 2016 ita
1362 1950 1451 2035 loqui
1471 1951 1521 2014 sas
1543 1954 1624 2034 est,)

514 2056 617 2118 varias
631 2053 769 2119 subeant
783 2055 990 2135 mutationes,
1001 2055 1090 2120 unde
1104 2077 1125 2120 a
1137 2075 1290 2139 vaporum
1304 2053 1382 2118 inde
1396 2053 1625 2117 exhalantium

514 2156 699 2219 interventu
715 2162 772 2220 aer
786 2156 986 2240 inquinetur,
1000 2158 1099 2242 (quod
1113 2158 1194 2222 mihi
1207 2158 1346 2221 maxime
1360 2156 1537 2240 probatur,)
1552 2156 1624 2219 sire

513 2258 676 2321 inficiatum
697 2260 920 2342 atmosphaera
940 2261 1046 2324 omnis
1067 2260 1109 2325 ab
1129 2260 1319 2325 alteratione
1337 2279 1433 2341 quam
1447 2256 1553 2321 eidem
1567 2257 1623 2320 in-

512 2360 604 2424 ducit
618 2360 788 2446 peeuliaris
803 2361 911 2445 aliqua
924 2382 1094 2446 corporum
1108 2362 1296 2427 coelestium
1310 2360 1526 2445 quorumlibet
1540 2380 1622 2424 con-

509 2464 657 2549 junctio;
680 2486 731 2530 res
745 2465 793 2530 ita
807 2487 841 2530 se
855 2465 964 2546 habet,
979 2473 1018 2531 ut
1032 2466 1075 2531 ad
1088 2466 1150 2531 hoc
1168 2465 1288 2529 illudve
1303 2471 1432 2548 tempus
1446 2469 1504 2529 aer
1516 2464 1621 2547 parti-

512 2567 594 2632 endis
604 2566 882 2653 referciahrrquae
890 2568 1026 2633 humani
1034 2568 1174 2653 corporis
1182 2566 1387 2633 oeconomiae
1397 2566 1617 2643 adversentur,

513 2670 564 2735 uti
588 2670 686 2735 etiam
712 2671 775 2736 ulio
800 2678 945 2755 tempore
970 2670 1152 2735 istiusmodi
1180 2670 1346 2755 particulis
1373 2668 1616 2753 impraegnatur

511 2795 683 2859 quaecum
699 2774 884 2858 corporibus
899 2774 1016 2858 speciei
1034 2773 1169 2857 alicujus
1187 2772 1357 2837 brutorum
1374 2771 1610 2835 minusconve·

363 2892 414 2945 Qui
423 2892 501 2941 morbi
512 2877 620 2941 niunt.
667 2876 729 2940 His
742 2877 812 2961 jam
827 2876 1035 2960 temporibus,
1051 2874 1176 2959 quoties
1193 2896 1253 2938 nos
1269 2874 1456 2957 hujusmodi
1471 2872 1565 2937 noxia
1577 2879 1611 2936 et

359 2960 490 3082 3333&
512 2980 659 3046 Naum
674 2980 805 3044 inimica
817 2978 988 3062 „nomm
1000 2978 1037 3042 in
1051 2977 1177 3041 nusum
1194 2976 1386 3060 sanguinem
1405 2975 1613 3059 inspiratione

511 3083 716 3161 attrahimus,
731 3090 764 3147 et
779 3082 816 3146 in
834 3082 906 3147 illos
921 3080 1049 3146 morbos
1063 3078 1255 3164 epidemicos
1269 3078 1443 3142 incidimus
1461 3098 1542 3159 quos
1558 3077 1615 3140 illa

511 3204 623 3269 parere
647 3192 723 3267 apta
751 3193 829 3248 nata
858 3190 945 3262 sunt,
972 3183 1102 3247 Natura
1129 3181 1246 3245 febrim
1274 3180 1418 3258 accersit,
1448 3180 1613 3243 solennem

511 3307 628 3371 nempe
643 3285 704 3349 sibi
721 3286 903 3349 machinam
924 3283 966 3348 ad
985 3284 1176 3367 sanguinem
1191 3305 1212 3347 a
1225 3284 1361 3347 materia
1379 3282 1488 3365 aliqua
1504 3282 1614 3345 hostili

511 3397 544 3452 et
569 3387 732 3453 contraria
757 3388 846 3450 intus
869 3386 1054 3451 stabulante
1077 3387 1325 3451 vindicandum:
1352 3392 1386 3449 et
1406 3385 1488 3449 tales
1509 3384 1613 3449 morbi

510 3491 685 3573 Epidemici
696 3490 793 3571 vulgo
804 3489 951 3566 audiunt,
961 3495 995 3551 et
1005 3488 1078 3553 ideo
1086 3490 1187 3553 Acuti
1198 3497 1276 3554 sunt
1286 3497 1320 3553 et
1327 3489 1449 3567 breves,
1459 3487 1536 3571 quia
1545 3508 1612 3552 mo·

376 3614 414 3661 „1-
453 3630 491 3662 er-
510 3599 581 3657 tum
603 3590 726 3654 habent
748 3590 795 3655 itu
816 3590 951 3654 celerem
967 3596 1001 3654 et
1014 3589 1202 3654 violentum.
1246 3592 1294 3655 At
1310 3612 1385 3655 vero
1405 3596 1534 3675 praeter
1554 3589 1611 3654 hos

357 3694 476 3789 “⁸⁰22
511 3693 638 3759 morbos
654 3713 674 3756 a
688 3714 784 3757 cause
801 3699 935 3758 externa
953 3693 1118 3771 excitatos,
1134 3700 1212 3757 sunt
1231 3701 1265 3757 et
1282 3694 1337 3758 ulii
1355 3694 1489 3778 perinde
1503 3692 1606 3765 Acuti,

375 3809 381 3819 ’
404 3840 409 3853 ·
511 3795 551 3860 ab
574 3796 635 3859 hac
649 3796 700 3858 vel
720 3795 776 3858 illa
797 3795 951 3879 peculiari
973 3794 1141 3878 sanguinis
1161 3795 1415 3860 inflammatione
1433 3796 1515 3875 nati,
1531 3794 1605 3878 qui'¹

510 3918 578 3961 non
593 3919 613 3962 a
627 3918 723 3961 causa
742 3896 850 3979 aliqua
869 3898 1060 3981 generaliori
1077 3897 1118 3961 ab
1134 3902 1208 3962 aere
1223 3897 1395 3981 pendente,
1411 3897 1467 3961 sed
1481 3919 1502 3960 a
1514 3894 1609 3981 parti·

509 4000 608 4063 culari
626 3998 867 4083 particularium
890 4020 1059 4084 corporum
1080 3998 1240 4063 anomalia
1255 4000 1307 4063 vel
1323 3998 1522 4082 intemperie,
1539 4018 1608 4080 pro

510 4102 695 4166 ducuntru:
734 4102 819 4185 quod
849 4101 977 4185 quidem
1007 4100 1145 4165 febrium
1178 4122 1281 4184 genus
1309 4122 1370 4184 ego
1399 4102 1609 4165 Intercisa-em

510 4212 543 4271 et
570 4205 774 4287 Sporadimm
797 4204 916 4268 idcirco
939 4204 1055 4283 vocito,
1078 4202 1171 4288 quod
1196 4203 1291 4267 annis
1319 4202 1386 4266 fere
1415 4200 1608 4285 quibuslibet

509 4314 690 4373 occurrant.

558 4409 640 4493 [36.]
667 4408 714 4473 At
728 4428 802 4473 vero
823 4407 927 4474 morbi
942 4408 1095 4475 Chronici
1109 4406 1243 4491 genium
1256 4406 1380 4471 habent
1393 4406 1491 4490 longe
1506 4405 1547 4470 ab
1561 4404 1607 4469 his

510 4510 688 4575 diversum:
712 4510 857 4594 quamvis
876 4512 964 4576 enim
982 4518 1040 4577 adr
1058 4510 1166 4575 minus
1186 4508 1322 4574 salubris
1340 4508 1508 4593 hujusvel
1525 4507 1607 4571 illius

509 4610 636 4694 generis
665 4609 707 4673 ad
736 4611 794 4675 hos
824 4612 952 4678 morbos
982 4610 1183 4695 generandos
1207 4610 1350 4674 multum
1374 4608 1529 4686 conferat,
1544 4628 1606 4672 non

542 4766 547 4799 ¹
565 4768 604 4821 Cl-
622 4770 712 4817 observ.
729 4771 792 4821 Med.
804 4770 820 4822 l.
833 4774 855 4823 2.
868 4776 900 4829 ὅς
919 4790 940 4821 v.
953 4776 976 4821 4.
990 4772 1034 4827 162
1111 4778 1133 4823 ¹,
1149 4768 1202 4833 qai]
1223 4770 1264 4819 Sic
1282 4770 1336 4819 edd.
1352 4777 1451 4829 recent,
1469 4785 1528 4833 qaae
1547 4767 1604 4816 nuic

508 4836 588 4885 Seleu
601 4834 684 4881 Μυκη.
697 4836 717 4883 1.
730 4838 742 4896 t
755 4838 778 4883 3.
1081 4836 1139 4899 Syd.
