3825 5759
511 688 733 757 EPISTULA
755 687 802 755 ῙΙ.
827 687 1156 756 RESPONSORIA.
1319 691 1384 755 828

289 853 373 939 [32.]
401 853 444 918 Ιιι
456 852 508 916 his
521 853 597 916 lieet
611 851 742 918 Medico
756 849 888 916 concedi
900 851 1012 934 possit,
1020 856 1060 914 ut
1059 841 1252 935 ,postquam
1262 849 1304 914 ad
1315 849 1383 914 dies
1393 862 1454 974 Vns
1455 862 1526 974 Eaas

284 963 425 1038 quatuor
437 955 488 1018 vel
502 953 645 1037 quinque
659 975 680 1017 a
693 960 855 1037 postrema
863 953 1054 1018 inunctione
1065 954 1285 1019 salivationem
1298 926 1434 1018 frus·vn
1395 998 1536 1007 —-

155 1075 156 1080 ’
283 1062 336 1121 tra
359 1056 571 1140 praestolatus
599 1055 709 1134 hierit,
734 1054 992 1119 inunctionem
979 1077 1048 1139 Jam
1077 1077 1171 1140 saepe
1195 1055 1325 1134 dictam,
1348 1062 1382 1120 et

154 1167 162 1206 ἰ
283 1159 412 1222 turbith
373 1157 598 1236 tminerale,
621 1157 727 1222 denuo
750 1163 885 1240 repetat,
910 1157 1099 1241 (interjectis
1126 1159 1213 1223 inter
1238 1157 1382 1241 singulas

157 1302 158 1308 κ
283 1259 511 1323 inune-tionum
539 1259 623 1322 vices
647 1258 760 1323 diebus
790 1259 933 1342 aliquot)
959 1259 1107 1341 religiose
1135 1269 1247 1324 tamen
1272 1281 1381 1324 cavere

154 1477 157 1514 1
283 1461 409 1540 taverit,
425 1483 497 1525 eam
510 1483 568 1545 per
581 1461 646 1525 vim
660 1461 779 1526 invitae
793 1462 940 1526 Naturae
955 1469 1144 1546 extorquere
1157 1472 1281 1548 pergat.
1316 1463 1381 1530 Hie
1394 1468 1488 1519 Qum

284 1359 391 1438 debet,
406 1381 458 1438 ne,
474 1381 549 1424 cum
563 1366 657 1424 tanto
672 1359 841 1424 conamine
856 1358 1099 1425 salivationem'
1089 1383 1252 1428 incassum
1267 1364 1380 1428 solliei-

283 1561 394 1646 itaque
413 1561 527 1628 modus
545 1564 717 1647 (quantum
731 1584 791 1647 ego
807 1563 929 1647 judicio
944 1565 1055 1647 valea)
1072 1566 1202 1631 Medico
1220 1568 1381 1632 tenendus
1393 1484 1532 1708 Q}

284 1671 343 1743 est,
358 1671 406 1743 ut,
421 1663 479 1728 ubi
496 1665 637 1748 primum
658 1665 707 1728 vel
727 1665 895 1748 aegritudo
916 1666 1087 1731 ventriculi
1106 1669 1158 1732 vel
1176 1669 1297 1732 ventris
1316 1676 1382 1733 tor·
1394 1677 1466 1712 ‘¹⁸⁸¹

283 1765 373 1830 mina
392 1766 575 1846 succedant,
592 1788 607 1830 s
608 1767 704 1831 tatim
723 1765 784 1829 sibi
798 1773 957 1850 temperet
972 1789 994 1832 a
1008 1769 1160 1833 remediis
1182 1769 1381 1853 adhibendis,

283 1866 385 1931 donec
405 1888 444 1931 ea
464 1867 595 1951 penitus
612 1868 802 1932 evanuerint
824 1874 1059 1952 symptomata3
1081 1871 1229 1954 pluribus
1247 1873 1335 1937 enim
1349 1879 1383 1938 et

282 1965 467 2031 fortioribus
489 1967 639 2030 remediis
665 1967 707 2031 ad
736 1968 914 2050 cogendam
937 1969 1066 2040 Φύσεως
1087 1970 1383 2061 anteponam*

282 2066 502 2131 salivationem
527 2068 746 2146 accumulatis,
774 2069 957 2152 dysenteria
981 2080 1070 2138 certo
1093 2075 1213 2140 certius
1241 2078 1383 2155 tormina

282 2169 412 2249 ventris,
431 2175 464 2233 et
487 2169 657 2234 ventriculi
676 2171 912 2252 aegritudinem
933 2195 1032 2254 mors,
1046 2177 1191 2261 excipiet.
1237 2180 1322 2244 Cum
1343 2202 1383 2248 ex

281 2271 423 2351 adverso,
448 2272 585 2336 silente
608 2272 740 2337 festinet
770 2279 803 2337 et
831 2295 938 2339 moras
961 2278 1080 2356 trahat,
1104 2282 1256 2345 mercurii
1280 2282 1382 2348 dirlcis

281 2374 468 2456 scrupulum
486 2395 591 2438 unum
613 2375 712 2438 semel
731 2381 788 2438 aut
805 2374 855 2439 bis
872 2377 908 2438 in
928 2380 1109 2461 septimana
1125 2382 1316 2461 exhibendo,
1332 2385 1383 2449 vel

281 2495 339 2556 per
354 2495 397 2554 se,
407 2475 456 2539 vel
470 2496 544 2540 cum
556 2476 709 2540 drachma
723 2499 790 2542 una
805 2479 974 2544 disscordii
985 2482 1012 2544 si
1026 2504 1122 2566 aeger
1135 2485 1172 2548 in
1181 2485 1382 2552 diarrhoeam

280 2577 468 2659 propensior
482 2578 533 2657 sit,
549 2578 682 2642 tandem
697 2579 870 2662 aliquando
885 2601 960 2643 cum
973 2581 1067 2645 bonis
1082 2585 1171 2665 aegri
1184 2585 1281 2648 rebus
1297 2591 1318 2622 “
1326 2608 1381 2669 op·

280 2683 351 2742 tata
368 2679 511 2762 potietur
525 2678 672 2743 arena¹.''
722 2679 938 2744 Quantumris
953 2680 1041 2744 enim
1055 2684 1245 2765 ptyalismus
1260 2686 1302 2750 ad
1315 2687 1382 2769 ple-

280 2801 363 2842 num
385 2801 553 2861 nunquam
579 2786 735 2861 assrnget,
759 2800 854 2862 aeger
875 2787 988 2844 tamen
1016 2782 1173 2864 copiosius
1199 2805 1297 2865 quam
1321 2807 1380 2868 pro

281 2899 371 2942 more
385 2879 479 2942 solito
493 2885 620 2962 expuet,
636 2887 669 2944 et
683 2881 797 2958 foetor,
809 2881 916 2964 justae
931 2882 1127 2945 salivationis
1142 2903 1258 2963 comes,
1273 2907 1380 2969 neque

281 2981 535 3047 imminutionem
557 2982 642 3046 hanc
659 2981 831 3046 destituet:
853 2981 941 3045 unde
961 2984 1119 3047 evincitur
1138 2986 1328 3067 sanguinem
1346 2995 1381 3052 et

280 3085 433 3150 humores
455 3106 527 3149 eam
549 3085 613 3148 sive
634 3083 913 3168 putrefactionem,
929 3084 994 3148 sive
1019 3084 1253 3165 alterationem,
1271 3087 1380 3170 (qnae-

280 3206 408 3269 cunque
423 3207 462 3250 ea
476 3187 606 3250 demum
625 3185 690 3268 sit,)
708 3184 862 3267 attigisse,
880 3205 962 3268 quae
978 3186 1028 3249 rel
1049 3186 1135 3269 parit
1149 3186 1379 3268 salivationem,

278 3287 330 3352 vel
355 3307 430 3352 eum
455 3309 494 3353 ea
516 3288 668 3353 naseitru.
714 3287 823 3370 Atque
852 3285 913 3350 hac
938 3285 1092 3350 methodo
1112 3286 1262 3351 universa
1281 3288 1380 3372 hujus

278 3387 384 3454 morbi
403 3395 620 3473 symptomata
637 3387 771 3453 tandem
790 3386 1000 3472 expugnabis,
1019 3407 1170 3453 mncesso
1189 3389 1303 3472 utique
1324 3387 1379 3452 dc·

279 3487 349 3554 bito
363 3489 515 3573 temporis
530 3491 643 3575 spatio.

329 3591 412 3674 [aa]
440 3591 685 3656 Observandum
696 3596 745 3656 est
756 3597 875 3670 autern,
889 3590 986 3674 quod,
997 3590 1381 3655 lieetsalivatioremedia

280 3693 352 3772 alia,
368 3694 601 3778 qualiacunque
620 3716 659 3759 ea
679 3693 811 3772 firerint
826 3694 862 3756 in
885 3693 1075 3777 extirpanda
1095 3692 1166 3757 Iure
1188 3693 1379 3757 confirmata

278 3797 376 3879 longe
396 3805 557 3880 exuperat,
574 3797 816 3860 Gonorrhoeam
830 3803 942 3859 tamen
957 3816 1032 3858 eum
1046 3795 1117 3857 Lue
1132 3802 1378 3858 concurrentem

279 3899 469 3983 neutiquam
489 3899 574 3963 valet
596 3918 727 3976 sanare3
752 3917 814 3960 nec
837 3897 969 3962 sistetur
988 3895 1054 3974 ills,
1076 3895 1168 3959 hac'
1156 3917 1226 3979 Jam
1246 3895 1376 3978 penitus

279 4001 412 4066 devicta.
458 4001 555 4065 Unde
578 4007 665 4064 reete
680 3999 850 4082 colligitur,
866 3996 1037 4062 nullam
1009 4019 1074 4060 um
1093 3996 1273 4079 specificam
1291 4015 1376 4059 mer-
1390 4003 1461 4114 Mcepe
1422 4005 1530 4114 emptius

278 4101 368 4168 crrrio
389 4102 503 4180 inesse,
519 4121 584 4187 qua
599 4101 747 4166 Veneres
769 4101 856 4165 lines
877 4099 1062 4164 immediate
1084 4097 1236 4162 debellari
1256 4097 1401 4180 possit3,
1364 4068 1486 4193 ,ψξζξξζ
1487 4147 1530 4179 um

280 4201 455 4286 quamlibet
475 4203 648 4285 specificam
668 4203 834 4267 mediatum
853 4202 936 4266 forte
954 4201 1017 4264 diei
1032 4208 1204 4276 mereatur,
1219 4198 1255 4259 in
1274 4208 1415 4279 quan-¹¹¹
1389 4194 1524 4242 menarum

278 4311 352 4370 tum
365 4305 528 4370 mediante
542 4305 712 4390 ptyalismo
732 4302 882 4368 morbum
899 4300 1054 4382 expellat·
1044 4347 1055 4377 ,
1077 4319 1147 4380 pan
1137 4298 1261 4359 ferme
1278 4319 1375 4358 κατα.

277 4403 394 4493 χρήσει
418 4407 516 4491 (quod
538 4409 615 4473 alias
651 4407 792 4491 [Obserrr.
816 4403 904 4466 Med.
927 4400 1033 4464 Praei.
1058 4398 1120 4462 Ed.
1147 4397 1234 4460 Text.
1259 4398 1277 4478 p
1299 4397 1369 4480 23]

277 4507 452 4591 subinnui)
470 4515 568 4592 atque
583 4507 769 4593 scalpellum
783 4502 1000 4584 chirurgicum
1012 4497 1137 4564 laterali
1151 4497 1264 4562 morbo
1277 4501 1375 4580 speei-

270 4608 367 4690 ficam
383 4618 479 4694 queat
494 4610 656 4697 appellari.
707 4606 789 4692 [34]
818 4603 883 4670 Sed
896 4610 934 4667 ut
949 4602 992 4666 ad
1001 4623 1071 4666 rem
1081 4600 1227 4666 redeam:
1251 4599 1375 4684 quoties

307 4798 320 4832 ¹¹
337 4800 376 4851 Gi.
385 4805 477 4852 obem.
488 4803 551 4852 diest
559 4803 592 4851 iii.
605 4805 628 4851 2.
641 4803 684 4851 54:
696 4800 804 4856 earm
883 4794 890 4827 ¹
906 4798 922 4824 ‘⁸
932 4795 1024 4859 Optata
1036 4795 1112 4843 Trois
1128 4795 1256 4859 potiuntur
1277 4797 1373 4843 ιιοιιι.”

278 4867 377 4915 Dium.
388 4868 463 4929 Epist.
477 4870 489 4928 5
504 4867 558 4918 107.
851 4861 930 4923 (Virg.
943 4863 1002 4910 Aen.
1014 4861 1030 4908 i.
1044 4859 1110 4921 172.)
