3825 5759
568 650 812 717 SCHEDULA
835 652 1101 719 MONITORIA
1123 654 1152 717 Ι.
1346 655 1410 717 495
1532 754 1536 761 ¹

309 812 448 877 maximo
462 812 613 897 periculo,
627 820 827 897 usurpantur
835 839 845 893 3
872 814 1054 880 istiusmodi
1075 815 1165 879 enim
1187 815 1411 881 evacuationes
1424 828 1565 879 Dauom

308 923 447 979 mortem
470 915 595 999 saepius
625 936 722 999 quam
752 918 975 1001 symptomatis
1005 918 1100 1003 hujus
1124 920 1325 983 curationem
1354 918 1411 983 ad·
1425 894 1560 1008 1553ss„

309 1018 460 1083 sciscunt.
492 1017 721 1099 Quamobrem,
732 1026 805 1103 post
817 1020 1040 1085 evacuationes
1051 1023 1216 1104 generales
1226 1043 1285 1107 per
1296 1042 1412 1088 vense-

309 1120 484 1185 sectionem
499 1128 531 1184 et
542 1122 767 1205 purgationem
778 1121 888 1201 factas,
899 1124 1137 1206 quantumlibet
1151 1124 1214 1190 hoe
1228 1133 1413 1210 symptoma

309 1229 452 1287 astantes
472 1224 721 1306 perterrefaciat,
736 1231 807 1289 tota
825 1246 877 1289 res
895 1226 1043 1289 Naturae
1058 1234 1092 1291 et
1111 1227 1249 1310 tempori
1263 1226 1412 1293 commit·

308 1325 408 1389 tenda
437 1332 505 1390 est:
542 1326 617 1391 licet
650 1328 737 1391 enim
771 1334 901 1412 stupore
936 1350 1032 1411 aeger
1060 1328 1117 1392 diu
1133 1330 1308 1411 laborarit,
1337 1339 1411 1414 post

309 1428 566 1512 aliquammultos
588 1437 699 1494 tamen
722 1429 789 1494 dies
811 1430 982 1514 pristinam
1004 1432 1177 1495 sanitatem
1198 1432 1410 1516 recuperabit,

308 1530 404 1595 modo
418 1532 502 1595 lecto
516 1552 583 1595 nou
598 1532 756 1615 perpetim
771 1534 929 1616 affigatur,
942 1532 999 1597 sed
1014 1533 1054 1596 de
1069 1554 1107 1597 eo
1122 1534 1282 1598 eximatur
1295 1535 1411 1615 indies,

309 1640 342 1695 et
372 1654 468 1717 supra
497 1632 678 1716 grabatum,
704 1635 755 1698 vel
784 1635 883 1698 etiam
905 1636 1038 1714 lectum,
1062 1636 1199 1699 vestitus
1228 1636 1411 1702 decumbat.

309 1734 446 1799 Interim
469 1742 579 1800 autem
602 1736 776 1801 abradatur
800 1744 906 1820 caput,
923 1744 956 1801 et
980 1738 1041 1801 sub
1065 1739 1199 1803 affectus
1223 1740 1322 1803 finem
1344 1740 1412 1803 vini

308 1837 461 1901 Canarini
479 1838 657 1903 cochlearia
674 1838 738 1903 tria
752 1840 801 1903 vel
824 1848 963 1923 quatuor
983 1840 1033 1905 bis
1054 1840 1091 1904 in
1113 1841 1165 1905 die
1186 1841 1410 1907 exhibeantur.

309 1938 373 2002 Sed
398 1939 438 2003 de
460 1940 522 2003 hoe
543 1940 646 2005 fusius
669 1942 720 2023 egi
739 1942 775 2005 in
793 1944 934 2007 sectione
957 1944 1072 2027 quinta
1092 1952 1125 2007 et
1145 1944 1249 2027 capite
1269 1943 1411 2009 seeundo

306 2040 379 2105 libri
393 2042 443 2105 De
456 2043 580 2107 Morbis
595 2044 714 2123 Amatis,
726 2045 783 2109 ubi
795 2046 834 2110 de
847 2045 982 2110 Comate
994 2046 1134 2130 quodam
1147 2046 1269 2130 insigni
1280 2046 1410 2113 Febrim

307 2144 557 2210 constitutionis
572 2146 658 2211 illius
673 2148 849 2213 comitante
865 2148 1009 2213 disserui.

355 2246 438 2335 [18.]
457 2249 573 2314 Quoad
588 2250 725 2315 Febrem
739 2258 849 2317 autem
863 2252 952 2318 baud
967 2254 1179 2321 deterrendus
1194 2263 1244 2321 est
1258 2255 1410 2321 Mediam
1421 2272 1485 2323 Tam
1495 2290 1539 2352 ve

306 2370 327 2413 a
350 2350 504 2416 faciendis
528 2353 700 2436 praedictis
724 2357 995 2436 evacuationibus,
1020 2358 1047 2421 si
1075 2359 1159 2423 forte
1188 2360 1409 2425 membrorum
1421 2348 1564 2468 ffiffi'

306 2452 498 2535 subsultum,
521 2458 573 2521 vel
602 2465 728 2523 motum
753 2460 982 2540 convulsivum,
1005 2462 1041 2525 in
1063 2462 1151 2545 aegri
1176 2483 1309 2546 corpore
1336 2485 1408 2546 per·
1421 2469 1525 2544 gaeon

306 2554 467 2636 sentiscat,
484 2556 561 2621 dum
575 2559 687 2641 pulsus
702 2562 850 2645 tangitur
858 2588 867 2640 ς
891 2563 1152 2646 quandoquidem
1166 2564 1201 2628 in
1217 2566 1407 2648 quibusdem
1419 2533 1568 2658 ἔξω

305 2660 432 2739 generis
456 2660 580 2724 nervosi
603 2662 770 2726 affecfibus
792 2671 861 2727 tam
886 2666 1101 2729 venae-sectio
1131 2688 1228 2749 quam
1249 2668 1407 2750 purgatio,
1420 2660 1561 2769 J‘Yl‘j‘ffl·

305 2760 403 2825 etiam
432 2762 557 2846 saepius
585 2764 751 2847 repetitae,
780 2786 848 2829 non
875 2772 1005 2829 tantum
1033 2788 1102 2830 non
1130 2773 1259 2845 nocent,
1290 2768 1345 2831 sed
1375 2732 1562 2863 etsislribiira

305 2866 484 2931 necessario
506 2872 581 2930 sunt
604 2866 814 2930 adhibendae.
860 2865 962 2949 Cujus
979 2866 1027 2929 rei
1045 2866 1302 2948 experimentum
1319 2888 1339 2929 a
1355 2889 1408 2932 me
1505 2933 1534 2964 nc

306 2967 428 3033 factum
450 2968 486 3033 in
507 2968 651 3032 medium
672 2968 809 3051 profero,
831 2988 949 3049 nempe
971 2968 1008 3030 in
1029 2965 1169 3050 quadam
1191 2967 1408 3032 convulsionis
1423 2979 1480 3026 tut

306 3070 411 3153 specie
432 3091 513 3154 quae
531 3071 649 3133 morea
665 3070 775 3133 Sancti
796 3069 861 3132 Vati
873 3068 969 3151 vulgo
989 3068 1186 3152 appellatur;
1210 3088 1274 3150 quo
1295 3068 1409 3134 morbo

306 3170 394 3235 haud
408 3172 574 3256 pauciores
589 3172 731 3255 quinque
746 3171 931 3235 laborantes
951 3177 986 3235 et
999 3170 1074 3250 vidi,
1089 3178 1124 3235 et
1139 3170 1248 3234 sanavi
1262 3171 1408 3255 ipsemet,

306 3282 340 3338 et
359 3274 670 3339 venae-sectionibus
690 3281 723 3339 et
742 3274 990 3358 purgationibus
1008 3296 1066 3359 per
1079 3274 1249 3339 intervalla
1267 3275 1409 3341 celebra·

306 3376 359 3439 tis.
404 3378 454 3440 De
469 3398 533 3460 quo
552 3377 657 3441 morbi
671 3398 798 3461 genere,
814 3398 889 3441 eum
908 3384 943 3441 et
962 3377 1043 3441 mibi
1056 3384 1237 3462 opportune
1251 3386 1408 3457 oceumat,

307 3484 466 3543 eteorum
482 3501 563 3562 quae
582 3480 650 3563 jam
673 3500 778 3544 assero
792 3479 920 3543 veritati
933 3480 982 3544 ita
999 3480 1183 3546 luculenter
1205 3480 1407 3565 astipuletur,

306 3601 410 3663 pauca
423 3580 528 3646 dicere
549 3602 617 3645 non
632 3581 797 3665 gravabor.
848 3582 931 3667 [19.]
955 3584 1074 3647 Oborea
1095 3584 1205 3648 Sancti
1228 3585 1311 3647 Vsti¹¹
1330 3604 1406 3650 oon·
1418 3601 1489 3679 uuir
1500 3603 1533 3651 sit

306 3683 458 3749 widonis
480 3690 529 3749 est
549 3684 680 3769 species,
704 3704 784 3768 quae
805 3690 844 3747 ut
865 3684 1043 3767 plurimum
1065 3706 1182 3769 pueros
1203 3684 1365 3767 puellasve
1387 3670 1561 3748 a¹⁸“⁰¹⁸“‘“·

307 3782 430 3849 decimo
455 3785 570 3849 aetatis
596 3806 683 3850 anno
704 3784 745 3849 ad
773 3784 980 3868 pubertatem
1007 3808 1110 3871 usque
1131 3786 1272 3850 invadit:
1302 3786 1408 3871 primo

307 3908 341 3951 se
354 3888 463 3972 prodit
478 3888 710 3953 claudicatione
726 3887 872 3971 quadam,
888 3888 939 3952 vel
957 3889 1066 3972 potius
1081 3888 1295 3966 instabilitate,
1311 3888 1407 3953 elter-

305 3992 410 4056 utrius
440 3992 550 4070 curris,
578 3990 665 4075 quod
687 4010 783 4074 aeger
811 3994 884 4074 post
915 4011 949 4053 se
977 3990 1079 4053 trahit
1102 3990 1267 4053 fatuorum
1295 4009 1405 4066 more,

305 4100 417 4174 postea
437 4093 472 4155 in
493 4114 595 4157 manu
616 4090 759 4176 ejusdem
781 4092 890 4155 lateris
912 4090 1065 4169 cernitur,
1088 4110 1185 4173 quam
1210 4088 1272 4155 hoc
1293 4089 1408 4154 morbo

1431 1023 1569 1037 m

306 4194 449 4271 affectus,
462 4195 511 4256 vel
525 4194 647 4277 pectori
654 4195 708 4257 'vel
723 4194 778 4257 alii
792 4194 888 4257 alicui
901 4194 987 4277 parti
1001 4192 1196 4275 adplicitam,
1208 4190 1298 4255 nullo
1312 4198 1408 4273 pacto

306 4300 412 4376 potest
436 4292 602 4357 continere
621 4292 657 4355 in
681 4293 794 4357 eodem
816 4294 882 4357 situ
902 4295 953 4359 vel
975 4294 1073 4358 horae
1094 4300 1270 4371 momento,
1293 4293 1408 4357 sedin

307 4395 406 4458 alium
428 4393 526 4457 situm
546 4394 708 4477 aliumque
722 4395 829 4459 locum
844 4395 1050 4461 convulsione
1070 4393 1209 4478 quadam
1228 4393 1406 4477 distorque-

306 4496 404 4573 bitur,
428 4494 579 4577 quicquid
604 4514 699 4577 aeger
720 4502 834 4560 contra
858 4498 993 4561 nitatur.
1040 4495 1077 4559 Si
1099 4516 1155 4558 vas
1176 4493 1305 4578 aliquod
1325 4502 1407 4579 potu

306 4598 465 4680 repletum
486 4597 522 4659 in
544 4617 659 4660 manus
680 4596 870 4679 porrigatur,
891 4604 1066 4681 antequam
1084 4596 1167 4660 illud
1185 4596 1227 4659 ad
1248 4616 1284 4659 os
1305 4596 1406 4678 possit

307 4699 476 4779 adducere,
491 4697 580 4763 mille
603 4697 861 4783 gesticulationes
879 4699 1118 4781 (cucullatorum
1134 4698 1258 4783 instnr,)
1276 4698 1405 4763 exhibe·

692 4830 706 4858 ¹¹
725 4824 761 4873 ct
774 4824 875 4872 Praress.
889 4826 934 4873 Int.
948 4838 968 4871 e.
983 4825 1020 4873 16.
