3825 5759
521 652 821 717 DISSER'I'ATIO
843 652 1151 719 EPISTOLARIS.
1319 652 1384 717 36⁷

258 813 355 897 quis
378 812 522 877 acerbior
542 833 656 895 aegrae
682 812 827 877 animum
852 812 948 896 paulo
972 818 1146 895 autequam
1171 812 1384 895 corriperetur
1412 828 1518 879 nenv-

259 915 489 993 discrueiaus,
505 921 562 978 aut
580 914 734 978 materiae
756 915 863 979 viridis
881 936 939 999 per
960 915 1118 980 vomitum
1139 914 1280 998 rejectio,
1295 936 1381 997 sym·
1394 896 1535 1007 {231¹

257 1024 429 1100 ptomata
441 1018 505 1080 ista
512 1016 687 1080 Affectioni
700 1016 807 1099 potius
820 1018 1010 1101 Hystericae
1021 1038 1118 1101 quam
1133 1016 1309 1081 calculosae
1323 1014 1381 1079 tri·
1393 1024 1529 1090 ΕΜ

259 1118 415 1181 buenda
436 1138 504 1181 csse
527 1118 703 1183 docuerint.
750 1119 815 1183 Sed
839 1140 945 1203 neque
967 1119 1072 1184 vesica
1096 1118 1137 1183 ab
1162 1118 1224 1182 boc
1245 1104 1525 1217 pseudo-ffim

150 1284 152 1323 ζ
262 1226 500 1303 symptomate
525 1226 621 1303 atque
643 1220 797 1285 ementito
823 1221 940 1285 affectu
961 1220 1114 1284 immunis
1136 1228 1195 1299 est,
1217 1242 1293 1285 eum
1314 1233 1519 1308 neumatum

263 1326 415 1385 tantum
433 1322 502 1405 ipsa
520 1321 560 1385 ab
580 1344 618 1385 eo
636 1322 752 1401 doleat,
767 1322 823 1386 sed
842 1330 875 1387 et
894 1323 990 1385 urina
1007 1322 1233 1405 supprimatur,
1248 1322 1382 1406 perinde
1393 1296 1518 1410 fflfss‘

150 1492 152 1507 ,
266 1443 319 1487 ac
340 1423 368 1485 si
386 1424 527 1487 calculus
545 1444 617 1487 eam
634 1423 824 1502 obstrueret,
841 1424 897 1507 qui
914 1431 1025 1489 tamen
1042 1424 1152 1487 nullus
1169 1432 1228 1489 est.
1272 1424 1381 1487 Raris·
1393 1425 1505 1499 emin»)

292 1524 303 1537 .
579 1526 587 1539 .
998 1526 1004 1538 .
1108 1525 1115 1538 .
1249 1525 1256 1537 .
1393 1503 1419 1535 ιιι
1429 1489 1459 1536 iis
1471 1489 1514 1552 qui

266 1544 365 1587 sune
380 1532 490 1589 autem
501 1534 644 1589 cernitur
654 1534 817 1610 postrema
826 1526 906 1590 baec
921 1546 1041 1609 species
1052 1545 1188 1589 vesrcam
1199 1532 1362 1607 attingens
1369 1549 1381 1603 3
1394 1552 1477 1600 metis

267 1647 367 1709 quae
381 1648 456 1691 vero
473 1648 588 1691 renum
608 1628 768 1693 calculum
787 1629 943 1707 imitatur,
958 1650 1027 1692 nou
1044 1628 1092 1691 ita
1108 1648 1191 1691 raro.
1236 1628 1383 1710 Utraque
1394 1617 1519 1665 surturi,

150 1826 153 1907 f
266 1830 383 1913 yemis
396 1830 576 1914 Hysterieis
587 1833 657 1916 jam
667 1833 788 1897 fractae
799 1838 886 1911 sunt,
899 1839 932 1896 ct
947 1832 1068 1895 sanitas
1083 1830 1223 1915 corporis
1234 1831 1362 1894 detrita

267 1748 336 1791 eas
348 1728 430 1792 solet
440 1729 589 1793 invadere
598 1730 764 1809 foeminas,
777 1752 913 1813 quarum
924 1730 1007 1793 vires
1015 1729 1160 1813 repetitis
1169 1749 1263 1811 saepe
1270 1750 1383 1812 parox—
1394 1680 1537 1855 ἒΞιΙῖἔΞῖι

331 1932 415 2015 [68.]
442 1933 542 1997 Nunc
566 1934 602 1997 in
627 1934 842 1999 ventriculum
868 1933 1065 1998 decumbens
1089 1934 1259 1998 continuas
1284 1888 1525 2002 vomi-diriditis&

150 2016 151 2041 ³
269 2033 389 2098 tiones
414 2034 541 2114 excitat,
567 2057 657 2101 nuuc
685 2038 784 2100 etiam
810 2036 1020 2113 diarrhoeam,
1048 2034 1173 2118 quoties
1202 2034 1322 2098 scilicet
1350 2034 1357 2047 “
1396 2018 1492 2074 ‘mim’

1347 2056 1384 2099 ιιι
1488 2082 1495 2095 .

269 2135 438 2215 intestina
460 2137 655 2201 effunditur:
687 2144 721 2203 at
743 2145 897 2203 nentrum
919 2138 1037 2202 horum
1058 2143 1313 2221 symptomatum
1334 2082 1535 2223 ιιι-ῗῐιιιέοοιιιιὼ,Τ

271 2237 394 2321 quitur
412 2237 511 2317 dolor,
526 2240 602 2304 licet
621 2241 657 2304 in
674 2248 811 2325 utroque
830 2261 982 2325 persaepe
1004 2246 1186 2323 compareat
1204 2239 1310 2303 dictus
1328 2239 1384 2304 ille
1395 2210 1501 2323 ᾖξ’

271 2360 397 2403 succus
416 2339 534 2405 viridis.
579 2342 727 2426 Utraque
748 2345 828 2408 haec
843 2344 963 2427 species
982 2343 1022 2406 iis
1043 2340 1209 2405 familiaris
1224 2348 1283 2420 est,
1304 2362 1383 2425 quas
1397 2353 1495 2405 ombus

270 2442 514 2525 frequentiores
527 2446 709 2529 paroxysmi
725 2446 887 2530 Hysterici
902 2445 1160 2509 debilitaverunt.
1395 2432 1494 2529 23⁹*

282 2586 289 2597 -
331 2544 415 2629 [69.]
434 2548 545 2629 Atque
559 2552 597 2611 ut
608 2548 661 2611 hic
672 2548 803 2612 morbus
817 2569 929 2612 omncs
940 2548 1041 2610 ferme
1054 2554 1162 2630 partes
1172 2545 1318 2609 internas
1331 2544 1381 2608 in-
1394 2557 1479 2609 Parta
1490 2576 1530 2610 ex·

273 2649 389 2727 festat,
400 2648 448 2711 ita
458 2649 558 2713 etiam
568 2671 803 2733 nonnunquam
815 2657 847 2714 et
859 2648 1032 2713 exteriores
1046 2667 1238 2729 carnemque
1252 2667 1380 2711 muscu-
1392 2624 1540 2753 ffiffiqm

271 2754 384 2818 losam
396 2761 541 2836 occupat,
550 2754 706 2836 (maxillas
717 2753 846 2830 seilicet,
851 2752 1013 2829 humeros,
1019 2772 1144 2828 manus,
1151 2771 1253 2828 curra,
1259 2750 1377 2834 tibias)
1392 2752 1518 2829 musculo-

273 2876 372 2921 nunc
394 2856 537 2920 dolorem
558 2856 731 2934 adducens,
750 2876 839 2919 nunc
861 2862 1040 2918 tumorem:
1070 2853 1106 2915 iu
1128 2874 1191 2936 quo
1217 2874 1334 2935 genere
1355 2818 1535 2930 isffiffiff

277 2954 340 3038 qui
354 2953 450 3017 tibias
465 2953 620 3017 distendit
634 2961 743 3017 tumor
753 2974 829 3036 prae
844 2952 975 3035 reliquis
987 2952 1178 3036 conspicuus
1193 2959 1253 3015 est.
1298 2952 1383 3015 Cum
1394 2947 1537 3059 mg&

277 3054 372 3129 enim
390 3054 426 3117 in
440 3054 687 3138 hydropicorum
706 3053 887 3119 tumoribus
907 3054 973 3117 duo
986 3054 1066 3119 baec
1083 3075 1209 3137 semper
1222 3054 1452 3133 observarique.

277 3156 417 3242 possint,
432 3164 470 3220 ut
484 3164 593 3221 tumor
608 3156 728 3221 scilicet
743 3156 803 3221 sub
817 3178 983 3240 vesperam
999 3178 1034 3222 se
1051 3158 1206 3241 majorem
1223 3157 1382 3237 exhibeat,
1395 3150 1537 3226 ‚Diffmfi'

276 3268 357 3325 mm
371 3259 469 3323 etum
483 3265 531 3337 ut,
545 3266 656 3342 pastae
670 3259 772 3322 instar
786 3259 955 3338 madentis,
970 3260 1142 3343 vestigium
1159 3260 1253 3343 digiti
1267 3260 1382 3326 fortius
1394 3218 1537 3331 iisd?

279 3362 430 3446 impressi
447 3362 648 3445 formamque
661 3361 779 3426 referat
787 3386 797 3440 ς
816 3362 884 3445 jam
899 3362 935 3425 in
952 3362 1014 3427 hoc
1029 3362 1130 3426 altero
1149 3368 1259 3426 tumor
1276 3369 1382 3427 matu·
1394 3345 1519 3471 3⁰2⁶*

279 3466 355 3530 tino
373 3470 518 3548 tempore
537 3464 796 3548 protuberantior
816 3471 949 3542 estnec
970 3464 1072 3548 digito
1091 3464 1176 3530 cedit
1195 3467 1381 3549 prementis,

281 3576 341 3633 aut
359 3568 528 3651 vestigium
544 3568 649 3631 ullum
667 3574 789 3631 manet.
834 3567 1029 3650 Plerumque
1048 3567 1146 3631 etiam
1164 3567 1319 3631 tibiarum
1337 3568 1383 3631 al·

281 3682 441 3740 terutram
455 3681 584 3738 tantum
599 3674 709 3737 inflat:
733 3673 773 3738 de
788 3678 923 3751 caetero,
940 3672 1006 3737 sive
1019 3672 1279 3755 magnitudinem
1293 3692 1382 3755 spec-

282 3784 343 3856 tes,
370 3776 435 3841 sive
460 3777 559 3841 etiam
588 3774 797 3860 superficiem,
823 3773 1072 3859 hydmpicorum
1100 3779 1243 3837 tumores
1268 3773 1317 3836 ita
1341 3772 1383 3835 ad

284 3877 437 3942 amussim
455 3878 645 3956 aemuletur,
661 3884 699 3941 ut
716 3898 830 3961 aegrae
848 3897 882 3940 se
898 3876 987 3939 haud
1005 3874 1099 3939 facile
1115 3874 1157 3938 ab
1175 3896 1214 3939 ea
1231 3895 1313 3959 quae
1331 3874 1382 3937 iu·

284 3980 366 4043 sedit
381 3980 542 4044 sententia
555 3980 708 4044 dimoveri
721 3980 897 4063 patiantur.

332 4082 415 4166 [70.]
444 4082 509 4146 Sed
525 4103 630 4166 neque
644 4081 706 4165 ipsi
723 4082 836 4145 dentes
855 4079 953 4163 (quod
967 4079 1020 4141 vix
1036 4077 1169 4160 credas,)
1189 4077 1230 4142 ab
1246 4077 1382 4161 hujusce
1394 4089 1524 4165 Duabus,

286 4183 388 4247 morbi
406 4182 530 4247 insultu
548 4204 583 4247 sc
600 4188 736 4265 possunt
755 4181 943 4245 defendere:
966 4180 1042 4243 licet
1058 4198 1164 4261 neque
1181 4180 1231 4243 vel
1247 4180 1382 4243 minima
1392 4154 1534 4277 ffiffl

288 4286 412 4365 cavitas,
427 4306 533 4369 neque
550 4282 695 4347 humoris
713 4282 847 4365 alicujus
865 4280 1022 4357 defluum,
1039 4276 1170 4361 (saltem
1185 4280 1240 4361 qui
1260 4279 1381 4361 percipi
1393 4284 1476 4393 {ffiq
1513 4352 1520 4365 .

289 4390 403 4471 queat)
429 4387 531 4452 dolori
556 4386 621 4449 sive
647 4404 758 4447 ansam
782 4380 977 4465 praebuerit,
1000 4378 1065 4440 sive
1090 4378 1272 4443 vehiculum
1280 4405 1291 4458 5
1325 4381 1382 4464 qui
1393 4352 1532 4468 griffi

289 4491 386 4556 nihilo
400 4492 507 4555 minus
528 4510 589 4554 nec
604 4486 713 4551 mitior
734 4492 792 4563 est,
812 4504 873 4547 nec
888 4480 1091 4557 contractior,
1112 4488 1170 4546 aut
1191 4492 1382 4569 expugnatu
1392 4475 1533 4592 mex

289 4594 416 4661 facilior.
460 4594 522 4659 Isti
540 4614 615 4657 vero
636 4598 709 4655 tum
728 4588 862 4666 dolores,
879 4594 952 4649 tum
974 4591 1126 4664 tumores,
1145 4589 1262 4671 quibus
1284 4592 1381 4659 affici.
1393 4613 1504 4683 PWJ‘P

290 4704 386 4761 untur
403 4705 511 4781 partes
537 4694 708 4760 exteriores
729 4714 808 4777 quas
828 4709 925 4773 supra
943 4688 1199 4773 memoravimus,
1217 4716 1271 4762 eas
1290 4721 1381 4783 prae.
1393 4668 1525 4783 ‘fflgffi

291 4800 377 4883 cipue
393 4801 548 4867 foeminas
563 4797 761 4876 adoriuntur,
774 4816 866 4881 quae,
881 4794 981 4873 longa
989 4812 1252 4876 paroxysmorum
1262 4803 1382 4890 Hyste.
1393 4798 1525 4861 msffigit.
