3825 5759
683 643 945 712 ansouldus
969 646 1018 711 Π.
1336 649 1402 713 477

300 813 431 873 artuum
454 826 529 873 cum
553 807 780 892 inquietudine
803 807 943 892 quadam
968 810 1070 874 totius
1095 809 1236 894 corporis
1262 829 1401 894 conque-
1440 812 1522 861 ross·

299 910 402 988 ‘itm
425 909 538 993 ’Μ’
557 909 631 973 aaa
650 917 800 994 appara,
823 912 935 996 pulsus
957 935 1111 977 sanorum
1132 913 1241 998 pulsa
1257 935 1326 977 non
1345 912 1401 977 aa.
1415 888 1549 926 ””””

299 1012 434 1077 modum
454 1014 607 1077 absimilis
616 1040 626 1092 3
652 1014 747 1079 urina
767 1016 899 1081 turbida
917 1023 967 1081 est
987 1025 1020 1082 et
1039 1018 1167 1083 intense
1185 1018 1302 1096 rubet3
1329 1038 1401 1081 san·

301 1116 374 1199 guis
389 1116 418 1178 ei
434 1115 597 1180 detractus
611 1116 854 1199 pleuriticorum
872 1120 1065 1203 sanguinem
1083 1122 1282 1201 aemulatur,
1304 1121 1403 1185 tussis

301 1218 402 1283 ferme
420 1218 520 1297 adest,
543 1219 599 1283 sed
617 1220 837 1303 respirationis
857 1221 1039 1303 difficultas,
1060 1224 1200 1289 thoracis
1218 1225 1402 1305 coarctatio,

302 1328 335 1384 et
350 1321 441 1385 dolor
454 1322 567 1405 capitis
584 1322 671 1387 inter
687 1324 890 1388 tussiendum
908 1327 1000 1408 quasi
1015 1326 1104 1391 idem
1121 1328 1283 1408 dissiliret,
1298 1330 1404 1393 dietae

301 1424 384 1487 tussi
406 1424 500 1507 (sicut
520 1425 555 1488 in
575 1425 846 1509 Peripneumonia
864 1428 979 1492 Notha
997 1430 1124 1512 solent)
1148 1451 1182 1494 se
1201 1451 1269 1494 non
1289 1429 1403 1513 adjun-

303 1533 405 1609 gunt;
438 1526 645 1611 proindeque,
668 1548 744 1591 cum
765 1530 851 1593 notis
866 1529 1098 1613 insignioribus
1112 1532 1404 1616 peripneumonicis

302 1629 382 1692 haec
397 1630 508 1693 Febris
534 1630 622 1694 haud
648 1630 830 1714 stipuletur,
850 1630 936 1713 (licet
959 1653 979 1695 a
1004 1631 1091 1697 dicto
1117 1632 1230 1697 morbo
1251 1654 1320 1697 non
1341 1633 1406 1698 nisi

303 1733 406 1815 gradu
422 1732 596 1817 dissideat)
614 1734 741 1797 Febrem
754 1734 936 1817 Hyemalem
951 1734 1126 1818 indigitare
1140 1736 1243 1800 lubet.

352 1835 413 1919 [4.]
443 1836 508 1900 Hic
537 1836 679 1915 morbus,
709 1836 771 1901 etsi
799 1836 904 1921 primo
933 1838 1003 1921 ejus
1032 1838 1158 1902 insultu
1189 1843 1407 1923 symptomata

303 1946 503 2011 solummodo
527 1970 547 2012 a
567 1947 685 2031 frigore
707 1955 855 2032 suscepto
878 1956 949 2013 orta
974 1970 1051 2031 prae
1073 1970 1107 2013 se
1128 1949 1221 2029 ferat,
1242 1950 1270 2013 si
1294 1956 1406 2013 tamen

303 2048 387 2113 male
415 2054 582 2129 tractetur,
612 2051 744 2135 longam
775 2050 1035 2116 ineluctabilium
1067 2052 1229 2116 malorum
1257 2058 1406 2116 catenam

302 2164 376 2242 post
399 2178 433 2222 se
458 2158 569 2238 trahit,
594 2180 658 2242 qua
678 2159 812 2224 tandem
837 2166 977 2224 mortem
996 2160 1100 2244 ipsam
1122 2168 1309 2225 accersunt:
1340 2168 1407 2225 ete·

302 2260 383 2340 nim,
398 2280 473 2325 cum
485 2282 581 2346 aeger
594 2262 713 2327 lectulo
726 2262 944 2328 incarceratus
958 2263 1067 2343 fixerit,
1083 2270 1116 2328 et
1131 2264 1285 2331 cardiacis
1298 2262 1408 2328 nescio

304 2364 421 2448 quibus
447 2365 489 2428 ad
512 2364 662 2431 sudorem
687 2366 881 2431 eliciendum
906 2388 944 2432 ac
968 2367 1105 2451 proinde
1128 2366 1170 2431 ad
1192 2366 1322 2431 Febrim
1346 2366 1408 2431 sol-

302 2467 441 2531 vendam
470 2468 567 2551 (quod
592 2474 703 2533 tamen
728 2489 801 2533 raro
823 2470 1012 2553 perficium)
1036 2469 1223 2548 mulctatus,
1247 2468 1407 2547 delirium,

302 2572 478 2656 lethargus,
507 2572 620 2656 pulsus
649 2571 823 2655 languidus
853 2578 887 2636 et
915 2570 1131 2650 inordinatus,
1160 2572 1274 2655 lingua
1308 2572 1407 2651 arida,

303 2676 449 2740 maculae
476 2675 632 2739 rubentes
659 2682 693 2739 et
719 2673 911 2758 quandoque
941 2674 984 2739 ad
1011 2674 1144 2739 livorem
1170 2675 1409 2758 aliquantulum

304 2781 502 2859 accedentes,
528 2800 622 2863 saepe
647 2778 774 2862 saepius
802 2777 887 2841 hanc
910 2777 1041 2842 Febrim
1064 2777 1269 2841 comitantur.
1318 2778 1409 2841 Haec

304 2892 401 2970 atque
434 2883 619 2969 hujusmodi
657 2888 883 2968 symptomata,
913 2880 975 2945 etsi
1007 2880 1174 2944 nonnullis
1207 2901 1266 2963 pro
1298 2881 1408 2961 maliq-

304 2990 417 3053 aitate¹
446 2989 494 3072 (ut
515 2986 604 3071 loqui
630 2987 763 3069 amant)
791 2986 947 3068 imponat,
972 3004 1084 3048 revera
1112 2990 1223 3048 tamen
1248 2984 1297 3048 rei
1321 2984 1407 3047 male

305 3099 414 3175 gestae
447 3098 525 3155 sunt
558 3088 765 3155 ascribenda:
803 3108 879 3153 cum
912 3086 1001 3151 enim
1033 3087 1113 3151 haec
1146 3086 1258 3151 Febris
1294 3094 1408 3170 suapte

303 3201 422 3259 natura
438 3196 511 3279 plns
522 3194 608 3258 'satis
627 3190 882 3257 inflammatione
898 3190 1029 3274 polleat,
1048 3190 1179 3273 sanguis
1199 3189 1304 3254 adhuc
1323 3190 1408 3253 ulte-

304 3298 372 3362 rius
394 3298 613 3363 cardiacorum
635 3301 668 3359 et
690 3294 764 3379 jugi
787 3293 899 3359 lectuli
921 3314 985 3357 usn
1007 3291 1210 3371 incenditur3
1232 3291 1321 3355 unde
1344 3292 1407 3376 spi·

304 3401 387 3465 ritus
416 3401 451 3465 in
481 3400 703 3465 confusionem
732 3418 769 3463 ac
797 3404 906 3462 motus
933 3396 1134 3461 inordinatos
1162 3395 1408 3480 inconditosque

305 3504 492 3587 adiguntur,
508 3510 614 3587 atque,
627 3501 764 3567 materia
780 3500 946 3565 morbifica
964 3500 1001 3564 in
1019 3498 1189 3564 cerebrum
1207 3498 1356 3583 impulsa,
1371 3499 1407 3562 in

305 3628 436 3689 pessum
449 3612 552 3669 ruunt
566 3606 685 3670 omnia.

354 3710 415 3795 [5.]
443 3710 485 3775 In
506 3709 568 3774 hac
589 3710 692 3775 Febre
713 3706 863 3793 pellenda
882 3706 972 3772 hunc
993 3706 1074 3771 mibi
1099 3727 1232 3791 scopum
1253 3727 1406 3791 propono,
1420 3738 1445 3780 et
1457 3731 1550 3781 cuneo

304 3820 343 3878 ut
365 3812 584 3878 exundantem
606 3812 727 3877 scilicet
748 3812 838 3876 illam
859 3811 997 3895 pituitae
1019 3810 1199 3889 colluviem,
1220 3809 1261 3873 ob
1283 3810 1408 3895 hyemis
1420 3798 1555 3846 *mm*

305 3917 488 4002 analogiam
516 3923 713 4001 congestam,
735 3916 993 3980 venae-sectione
1021 3914 1183 3993 revellam,
1207 3920 1241 3977 et
1269 3914 1408 3997 repetita

306 4022 445 4085 catharsi
474 4020 661 4085 subducam.
708 4019 800 4083 Haec
824 4024 862 4081 ut
884 4019 976 4096 fiant,
997 4017 1056 4081 ubi
1080 4017 1222 4100 primum
1252 4035 1406 4094 accersor,

306 4124 498 4205 sanguinem
513 4145 531 4187 e
545 4124 676 4188 brachio
691 4122 804 4187 dextro
819 4121 861 4186 ad
875 4122 987 4185 uncias
1001 4141 1117 4185 novem
1128 4119 1179 4183 vel
1193 4118 1305 4183 decem
1319 4117 1407 4181 mitti

302 4225 412 4310 jubeo.
457 4226 520 4291 Dic
547 4232 701 4311 sequente
725 4224 879 4289 blandam
903 4225 994 4287 illam
1019 4222 1184 4307 potionem
1205 4220 1407 4306 purgativam

306 4326 388 4390 mihi
402 4327 437 4390 in
452 4328 542 4411 praxi
556 4328 747 4392 familiarem
762 4326 915 4391 exhibeo:
937 4332 1032 4403 ut,-

309 4486 515 4557 [Form.101.]¹
551 4485 583 4568 R,
602 4486 825 4542 Tamarindonrm
837 4484 1020 4548 semiunciam,

607 4574 743 4627 Foliorum
757 4573 861 4627 Sennae
873 4570 1012 4624 drachmas
1023 4568 1099 4633 duas,

608 4660 773 4715 Bhabsrbari
784 4656 1042 4728 sesquidrachrnam;

449 4742 1152 4821 Coquesufficientequantitateaquaeadunciastrev3
1168 4741 1288 4797 colatura
1296 4740 1407 4795 dissolve

607 4836 736 4901 Marinae,

373 4975 384 5003 ¹
402 4969 439 5019 Cf.
454 4972 546 5019 Obiere.
559 4970 625 5017 Med.
636 4966 652 5015 i.
664 4968 688 5015 4.
699 4968 745 5015 88:
764 4964 789 5014 ii.
800 4967 822 5014 2.
837 4964 858 5014 l.
1021 4969 1032 4996 ⁸
1050 4962 1088 5012 Ol.
1100 4961 1197 5011 forman.
1210 4962 1233 5017 8,
1245 4961 1286 5016 24,
1297 4959 1334 5007 &c
