3825 5759
554 644 798 709 SCHEDULA
820 646 1085 712 MONITORIA
1107 646 1175 711 ΙΙΙ.
1350 647 1415 712 527

314 805 575 891 chalybeatarum
593 804 715 887 potatio
730 804 890 870 liberalior
903 828 962 890 per
976 807 1118 890 singulas
1138 812 1276 871 aestates
1291 806 1414 891 jugiter
1427 819 1567 871 Dauara

314 907 498 992 repetenda.
1437 885 1555 998 ἶιειὲοὲἐ.

364 1010 446 1093 [lla]
474 1010 558 1073 Cum
578 1030 652 1073 vero
675 1028 768 1093 saepe
791 1009 923 1089 aecidat,
942 1019 982 1075 ut
1004 1012 1199 1096 Paroxysmo
1222 1012 1413 1095 Nephritieo
1428 1050 1528 1099 Cum„

316 1112 387 1195 quis
417 1110 606 1195 corripiatur
635 1112 763 1194 quando
791 1112 978 1196 hujusmodi
1006 1114 1176 1178 minerales
1198 1136 1301 1197 aquae
1326 1115 1544 1191 haudraroxss·

315 1221 442 1298 praesto
464 1214 540 1291 sint,
555 1212 605 1276 vel
625 1214 723 1277 etiam
744 1221 918 1297 tempestas
936 1215 1015 1278 anni
1036 1214 1120 1279 adsit
1134 1238 1217 1299 quae
1238 1218 1414 1281 earundem
1426 1181 1546 1307 fflffir

314 1315 474 1399 potationi
498 1314 606 1378 minus
631 1314 754 1393 faveat5
783 1316 844 1379 hac
866 1316 976 1399 itaque
1001 1318 1228 1400 compendiosa
1251 1319 1414 1397 methodo,

316 1418 385 1481 sine
399 1418 551 1481 ulteriore
569 1417 785 1481 remediorum
808 1424 975 1501 apparatu,
989 1419 1215 1483 insistendum.
1263 1420 1299 1482 si
1320 1442 1416 1504 aeger

315 1524 570 1601 temperamento
585 1518 762 1601 sanguineo
781 1520 945 1601 praeditus
959 1520 1068 1598 fuerit,
1083 1526 1117 1583 et
1132 1527 1273 1583 aetatem
1286 1542 1415 1604 provec-

315 1622 431 1685 tiorem
450 1621 539 1685 haud
561 1621 666 1686 adhue
687 1622 840 1705 attigerit,
856 1622 988 1705 sanguis
1002 1644 1041 1686 ex
1055 1622 1186 1686 brachio
1201 1624 1285 1687 Reni
1300 1624 1416 1688 affecto

316 1723 524 1807 respondenti
550 1725 590 1787 ad
615 1725 726 1788 uncias
756 1725 867 1789 decem
896 1728 1104 1805 extrahatur;
1138 1727 1255 1792 deinde
1282 1729 1416 1812 liquoris

316 1826 473 1909 possetici,
496 1826 549 1891 eui
570 1827 683 1891 radicis
706 1828 851 1893 althaeae
876 1829 991 1893 unciae
1013 1830 1095 1893 duae
1116 1830 1262 1894 incoctae
1284 1831 1415 1909 fuerint,

316 1928 449 2009 congius
472 1951 557 1993 unus
584 1952 681 2013 quam
705 1930 857 1995 citissime
881 1931 1060 2010 devoretur,
1087 1939 1121 1997 et
1142 1953 1279 2017 sequens
1301 1953 1417 1997 enema

316 2029 480 2113 injiciatur
491 2056 543 2095 :—

320 2186 420 2255 [Form.
432 2192 527 2258 117.]·“Ι
553 2186 584 2269 R
599 2188 707 2243 Radicis
718 2189 853 2251 Althaeae,

600 2275 735 2343 [Rodicis]
748 2275 886 2339 Liliorum,
898 2292 950 2329 ana
962 2276 1069 2329 unciam
1081 2293 1171 2340 unam,

600 2362 734 2415 Foliorum
747 2362 863 2427 Malvae,

600 2446 761 2517 [Foliorum]
776 2446 944 2509 panetariae,

600 2534 762 2598 [Foliorum]
777 2534 898 2587 Branoae
912 2534 1035 2597 Ursinae,

599 2619 707 2672 Florum
720 2618 910 2682 chamaemeli,
922 2635 975 2671 aua
986 2620 1154 2688 manipulum
1166 2638 1260 2685 unum,

601 2705 738 2759 Serninum
750 2705 820 2768 Lini,

601 2790 768 2859 [Seminum]
782 2790 971 2861 Foenugraeci,
982 2808 1035 2844 ana
1046 2792 1234 2853 semiunciam

460 2880 553 2948 Coqua
574 2878 718 2932 sufficiente
742 2878 890 2947 quantitate
914 2892 999 2946 aquae
1022 2877 1057 2930 ad
1080 2878 1277 2946 sesquilibram
1301 2879 1419 2932 colatura

460 2964 570 3019 dissolve

602 3050 727 3105 Sacchari
739 3050 872 3114 culinaria,

602 3138 698 3208 Syropi
710 3136 877 3200 Dialthaeee,
889 3153 941 3190 ana
951 3136 1044 3190 uncias
1057 3136 1136 3201 dum

461 3224 562 3289 Micca
580 3224 627 3279 fiat
637 3240 740 3277 enema.

365 3360 613 3444 Quamprimum
627 3381 684 3444 per
694 3358 900 3423 vomitionem
916 3378 1011 3441 aeger
1021 3364 1129 3422 totum
1142 3357 1317 3423 reddiderit
1333 3360 1419 3443 quod

320 3484 377 3545 per
400 3484 436 3527 os
457 3464 620 3546 ingestum
648 3462 755 3540 fuerit,
778 3468 816 3525 ut
839 3461 937 3525 etiam
967 3482 1082 3525 enema
1109 3463 1265 3546 rejecerit,
1287 3464 1420 3527 laudaui

321 3564 435 3647 liquidi
464 3566 540 3631 satis
574 3587 694 3648 magna
722 3565 806 3628 dosis
831 3564 1033 3648 propinetur,
1063 3564 1209 3629 videlieet
1239 3564 1280 3628 ad
1309 3573 1419 3649 guttas

320 3666 436 3748 viginti
452 3668 602 3751 quinque,
617 3668 668 3731 vel
689 3667 860 3751 pilularum
876 3666 1038 3731 Matthaei
1057 3688 1159 3749 gram
1173 3667 1354 3750 quindecim
1368 3670 1420 3733 vel

321 3769 469 3833 sedecim.

364 3872 407 3935 In
429 3872 559 3937 senibus
581 3894 655 3937 vero
684 3871 797 3936 morbo
819 3871 925 3954 aliquo
951 3870 1105 3935 diutmno
1127 3871 1247 3949 fractis,
1270 3878 1364 3937 utet
1385 3873 1420 3935 in

321 3976 436 4039 vetulis
458 3977 623 4059 vaporibus
647 3976 754 4058 (vulgo
781 3974 894 4055 diocia)
920 3973 1075 4051 obnoxiis,
1101 3974 1281 4056 (praecipue
1306 3973 1334 4036 si
1359 3974 1420 4036 sub

321 4076 450 4139 initium
465 4078 647 4163 paroxysmi
657 4077 785 4141 urinam
801 4097 856 4141 eae
871 4075 1008 4140 reddant
1022 4074 1150 4156 nigram
1165 4095 1202 4137 ac
1211 4074 1417 4156 sabulosam,)

321 4179 534 4242 venae-sectio
556 4179 743 4256 omittatur,
775 4184 808 4241 at
831 4175 936 4260 quoad
957 4174 1090 4257 reliqua,
1113 4174 1226 4237 eadem
1252 4174 1420 4256 quaejam

322 4276 408 4339 dicta
421 4277 483 4339 fuit
498 4279 549 4342 via
563 4279 696 4343 omuino
710 4276 957 4361 procedendum.

371 4378 453 4461 [la]
484 4379 549 4443 Sed
568 4388 606 4443 ut
621 4380 662 4443 ad
677 4380 854 4459 Calculum,
871 4378 925 4463 qui
944 4377 1043 4461 hujus
1059 4375 1122 4439 loci
1142 4382 1201 4453 est,
1217 4374 1421 4459 grandiorem

323 4489 531 4545 revertamur.
567 4482 663 4547 Quod
689 4484 715 4545 si
738 4483 924 4546 Calerdosus
946 4480 1037 4543 nullo
1062 4500 1204 4561 unquam
1226 4479 1422 4562 Paroxysmo

322 4583 512 4667 Nephritioo
527 4585 624 4649 fuerit
639 4592 794 4664 tentatus,
810 4608 883 4649 cum
902 4587 971 4669 jam
985 4584 1089 4668 major
1103 4584 1145 4647 sit
1160 4584 1310 4647 Calculus
1325 4605 1422 4666 quam

323 4694 361 4749 ut
384 4708 422 4751 er
443 4688 527 4771 pelvi
548 4688 646 4770 possit
669 4688 769 4766 elabi;
792 4710 859 4751 non
879 4688 984 4751 solum
1006 4687 1087 4750 nihil
1106 4686 1283 4770 proderunt
1301 4686 1423 4751 ferreae

389 4813 396 4847 ¹
414 4817 452 4865 Cf.
465 4820 564 4867 Prorear.
578 4820 625 4865 [nr.
637 4833 656 4866 c.
670 4820 710 4865 20.
1052 4824 1069 4847 ¹
1087 4816 1125 4864 cf.
1137 4817 1233 4867 forrum.
1249 4818 1289 4875 96,
1304 4818 1357 4865 191.
