3825 5759
524 631 588 693 522
836 623 1031 689 ΤΗΟΜΑΕ
1056 624 1314 688 SYDENHAM

369 805 509 857 DaMrcru
525 788 681 873 sanguine
695 786 881 871 permistam
893 813 902 863 3
925 786 1021 868 idque
1034 786 1131 849 toties
1149 784 1230 848 mihi
1249 807 1308 848 usu
1322 785 1419 863 venit,
1435 785 1564 871 quoties
1577 788 1633 849 vel

381 872 497 983 222⁰&
524 893 664 955 multum
674 890 798 954 itineris
809 889 943 971 pedibus
955 889 1154 965 conticerem,
1166 888 1217 951 vel
1227 888 1262 950 in
1273 909 1369 951 curru
1378 910 1436 971 per
1446 888 1632 971 platearum

373 1000 513 1011 ”“““““
524 994 708 1078 pavimenta
715 991 854 1068 veherer,
868 990 1105 1071 quantumlibet
1119 990 1209 1053 lento
1224 1010 1379 1071 equorum
1395 1010 1507 1072 gressu
1515 1016 1524 1066 ;
1540 990 1632 1071 quod

525 1097 606 1161 mihi
619 1104 730 1159 tamen
744 1115 810 1156 non
826 1092 998 1169 accidebat,
1014 1092 1138 1174 quoties
1156 1112 1214 1173 per
1232 1093 1317 1154 viam
1331 1092 1453 1174 regiam
1466 1092 1631 1174 lapidibus

526 1221 593 1263 non
620 1205 763 1274 stratam,
788 1195 862 1258 licet
888 1216 986 1277 quam
1010 1194 1204 1276 longissime,
1235 1214 1331 1257 curru
1359 1200 1510 1257 vectaret.
1561 1194 1625 1276 [3.]

529 1302 633 1366 Urina
656 1322 752 1383 quam
781 1305 858 1362 tunc
887 1297 1107 1375 excernebam,
1137 1298 1267 1360 tametsi
1294 1298 1432 1361 terribili
1461 1296 1631 1379 sanguinis

527 1412 657 1469 tantum
672 1425 739 1467 non
754 1402 869 1465 sinceri
880 1401 984 1484 specie
997 1401 1149 1483 prodiret,
1164 1422 1233 1463 non
1251 1401 1299 1464 ita
1313 1400 1369 1463 diu
1383 1408 1455 1483 post
1470 1401 1630 1483 sanguine

527 1508 563 1571 in
584 1508 684 1571 fundo
704 1505 834 1570 seorsim
853 1510 1087 1587 grumcscente‚
1109 1502 1144 1564 in
1165 1502 1351 1566 summitate
1367 1502 1501 1585 limpida
1522 1509 1556 1564 et
1578 1501 1631 1563 sui

407 1619 413 1631 ’
461 1682 467 1695 ‚
500 1682 506 1695 ⁸
528 1609 638 1673 similis
653 1607 916 1691 conspiciebatur.
950 1607 994 1669 In
1005 1606 1138 1690 hujusce
1152 1606 1230 1668 mali
1243 1605 1422 1668 remedium
1436 1605 1631 1687 sanguinem

425 1698 508 1746 ΨΜ
527 1712 604 1774 satis
623 1710 786 1793 copiosum
807 1730 825 1773 e
847 1708 979 1773 brachio
998 1708 1085 1771 mitti
1104 1710 1266 1787 curabam,
1281 1715 1315 1773 et
1333 1716 1406 1792 post
1420 1709 1631 1792 purgationes

415 1812 439 1859 1¹³
456 1828 473 1859 ¹¹
528 1812 719 1877 universales
744 1812 980 1876 medicamenta
1004 1811 1227 1893 refrigerantia
1255 1819 1289 1875 et
1317 1812 1530 1876 incrassantia
1550 1813 1632 1875 varii

427 1892 475 1988 ’χ
528 1914 655 1998 generis
679 1914 715 1977 in
743 1934 839 1977 usum
864 1913 1070 1990 revocabam
1102 1912 1242 1977 diaetam
1265 1915 1391 1979 interea
1414 1915 1465 1977 his
1494 1936 1631 1979 consen-

527 2024 658 2081 taneam
676 2014 842 2092 adhibens,
857 2014 997 2097 liquores
1017 2015 1133 2095 acidos,
1149 2036 1247 2093 acres,
1267 2022 1300 2080 et
1318 2023 1525 2081 attenuantes
1544 2018 1632 2081 solli·

529 2119 592 2183 cite
615 2117 770 2181 devitans.
816 2116 899 2179 Cum
922 2125 1033 2182 autem
1051 2139 1157 2202 neque
1175 2118 1247 2197 ista,
1263 2141 1368 2202 neque
1391 2119 1454 2183 alia
1471 2120 1634 2203 permulta

530 2240 611 2303 quae
633 2239 803 2287 numerare
825 2219 960 2301 longum
980 2227 1075 2298 esset,
1091 2222 1263 2304 quicquam
1282 2220 1470 2304 prodessent
1479 2248 1489 2300 3
1511 2230 1544 2286 et
1563 2244 1634 2286 me-

530 2328 625 2386 tuens
648 2321 816 2399 calculum,
837 2342 933 2403 quem
956 2322 1160 2404 grandiorem
1179 2344 1248 2387 esse
1271 2322 1455 2406 suspicabar
1476 2343 1573 2406 quam
1592 2332 1634 2388 ut

531 2423 646 2507 expelli
660 2428 777 2507 posset,
793 2424 883 2507 aquis
897 2423 1094 2507 chalybeatis
1109 2425 1150 2489 ad
1165 2426 1287 2488 exitum
1302 2426 1482 2504 sollicitare,
1497 2426 1634 2489 tandem

531 2546 621 2609 spem
635 2526 681 2589 rei
694 2524 778 2589 bene
793 2524 951 2607 gerendae
973 2546 1104 2608 prorsus
1123 2528 1215 2590 amisi
1224 2554 1234 2605 ς
1256 2527 1353 2611 idque
1372 2548 1410 2593 eo
1428 2528 1635 2611 potissimum

530 2628 672 2707 nomine,
688 2628 774 2711 quod
788 2628 1000 2705 observarem,
1016 2649 1109 2691 senes
1128 2630 1250 2712 aliquot
1264 2630 1344 2692 mihi
1363 2637 1456 2693 notos
1471 2630 1533 2693 sibi
1546 2650 1635 2693 mor-

531 2738 600 2796 tem
629 2731 806 2809 accersisse,
837 2730 916 2794 dum
945 2732 1132 2815 hujusmodi
1160 2733 1309 2797 remediis
1337 2734 1499 2798 incassum
1527 2733 1636 2797 morbi

531 2834 732 2899 curationem
746 2834 948 2898 molirentur.
995 2834 1094 2899 Stetit
1110 2835 1220 2918 itaque
1238 2837 1401 2901 sententia
1413 2856 1481 2899 non
1495 2835 1636 2919 amplius

531 2944 669 3016 tentare,
685 2944 728 3016 at,
744 2937 844 3025 vitato
859 2943 989 3001 tantum
1004 2959 1101 3021 quam
1119 2938 1211 3021 potui
1225 2938 1363 3002 maxime
1377 2939 1517 3022 corporis
1531 2946 1634 3016 motu,

533 3039 573 3105 ab
595 3039 656 3103 hoc
676 3040 795 3104 affectu
815 3040 895 3103 mihi
915 3060 1035 3104 cavere.
1086 3039 1147 3123 [4.]
1174 3040 1319 3104 Tandem
1333 3061 1407 3104 vero
1429 3040 1537 3104 animo
1550 3041 1636 3104 forte

532 3143 685 3220 recolens,
710 3162 808 3225 quam
833 3142 914 3205 mire
939 3142 1089 3205 nonnulli
1115 3140 1341 3225 depraedicent
1364 3142 1494 3206 seminis
1516 3142 1636 3205 fraxini

532 3246 598 3309 vim
616 3244 895 3326 lithontripticam,
911 3244 1010 3307 subiit
1028 3244 1179 3327 cogitare,
1195 3245 1290 3328 quod,
1306 3246 1334 3308 si
1347 3266 1458 3309 semen
1477 3244 1637 3329 ejusmodi

532 3347 652 3411 virtute
681 3346 824 3429 polleret,
855 3346 988 3409 omniuo
1017 3346 1189 3411 verisimile
1220 3354 1305 3411 esset
1333 3368 1489 3411 mannam
1517 3346 1636 3410 fraxini

534 3448 639 3513 adhuc
653 3448 726 3530 plus
741 3467 851 3529 posse3
875 3468 949 3511 cum
963 3469 1085 3512 manna
1096 3471 1193 3531 quam
1207 3449 1363 3515 habemns
1381 3449 1529 3532 (docente
1542 3448 1635 3513 bota-

534 3548 701 3633 nographo
715 3549 761 3633 τῷ
774 3546 886 3627 accub,
903 3550 964 3612 Ι)110
978 3550 1129 3614 Johanne
1149 3553 1229 3635 Ray,
1250 3558 1324 3635 post
1343 3552 1421 3616 alios
1440 3552 1634 3635 scriptores)

534 3672 640 3733 neque
661 3651 727 3713 mel
749 3656 881 3714 aereum
904 3657 963 3729 est,
983 3672 1045 3715 nec
1067 3674 1119 3716 ros
1141 3653 1255 3735 aliquis
1277 3654 1431 3731 coelestis,
1454 3653 1512 3717 sed
1532 3654 1638 3736 liquor

534 3752 642 3837 potius
665 3758 734 3815 tam
757 3772 775 3815 e
796 3750 881 3815 foliis
907 3774 1005 3835 quam
1029 3774 1047 3817 e
1068 3760 1185 3817 trunco
1207 3762 1241 3818 et
1262 3756 1360 3818 ramis
1381 3756 1583 3819 fraxinorum
1601 3755 1639 3817 in

538 3852 690 3918 Calabria
713 3854 916 3917 nascentium
940 3854 1101 3934 exudans3
1136 3856 1177 3919 de
1202 3858 1295 3940 cujus
1316 3857 1363 3920 rei
1384 3857 1517 3921 veritate
1537 3856 1636 3933 idem,

536 3956 615 4021 dum
635 3956 670 4020 in
694 3956 791 4020 Italia
811 3956 1080 4039 peregrinaretur,
1098 3958 1216 4023 certior
1238 3958 1344 4022 factus
1362 3965 1411 4023 est
1428 3959 1468 4023 ab
1488 3956 1637 4021 eruditis-

537 4062 618 4125 simo
634 4060 772 4138 Medico,
789 4059 898 4142 quiex
912 4060 1044 4124 ramulis
1062 4068 1096 4125 et
1115 4062 1200 4126 foliis
1221 4062 1323 4126 linteo
1337 4084 1358 4126 a
1376 4079 1410 4125 se
1424 4061 1548 4125 curiose
1561 4081 1638 4125 con-

537 4163 631 4229 tectis
646 4184 801 4231 mannam
818 4162 886 4245 (qui
901 4169 950 4227 est
970 4184 1083 4228 succus
1098 4165 1146 4227 ita
1162 4172 1341 4244 concretus,
1357 4171 1394 4229 nt
1408 4164 1497 4247 dixi)
1515 4163 1640 4247 saepius

538 4266 676 4349 collegit.
695 4264 791 4348 (Vide
814 4265 974 4331 lobannis
993 4267 1064 4350 Ray
1084 4268 1264 4350 Cataleptan
1279 4270 1467 4331 Pastumm
1482 4267 1638 4348 Araplioe.)

538 4373 806 4457 Experimentum
821 4371 930 4455 itaque
947 4373 1102 4453 factiuns,
1118 4395 1257 4439 mannae
1273 4375 1384 4439 uncias
1402 4374 1483 4437 duas
1502 4393 1577 4436 cum
1591 4390 1641 4435 se-

539 4476 636 4539 misse
650 4475 686 4538 in
700 4475 762 4539 seri
773 4475 865 4538 lactis
875 4475 966 4539 libris
977 4474 1103 4540 duabus
1114 4476 1248 4557 solutae,
1257 4477 1351 4541 hausi
1365 4475 1544 4561 pauxillum
1555 4474 1643 4537 succi

540 4578 698 4641 limonum
714 4576 861 4655 subinde,
874 4576 953 4641 dum
968 4600 1131 4661 purgarer,
1143 4580 1339 4664 deglutiens3
1363 4601 1427 4663 quo
1441 4586 1475 4642 et
1489 4574 1642 4642 catharti-

541 4698 616 4742 cum
632 4699 789 4757 acuerem,
802 4678 888 4762 qucd
903 4680 1033 4763 segnius
1048 4684 1172 4764 operari
1187 4684 1277 4762 solet,
1294 4690 1327 4747 et
1342 4680 1520 4747 ventriculo
1533 4678 1643 4743 minus

906 4806 916 4836 ⁵
932 4809 968 4868 τῷ
977 4805 1052 4868 πάνυ]
1062 4809 1079 4857 i.
1091 4826 1111 4857 e.
1123 4814 1274 4859 celeberrimo.
