3825 5759
437 646 839 710 OBSERVATIONUM
863 646 1149 709 MEDICARUM
1178 650 1201 701 Ι.
1220 657 1246 704 4.
1351 649 1392 707 51

273 806 452 871 stillatitiis
479 806 580 889 (verbi
598 807 725 891 gratia)
747 807 936 890 borraginis,
955 808 1051 885 citrii,
1071 807 1187 871 scordii
1207 806 1393 891 composita,
1428 820 1526 868 Fenus

270 912 459 994 fragorum,
471 909 665 989 theriacalis,
678 932 752 973 cum
768 910 919 973 admixtis
934 911 1061 993 sympis
1076 910 1306 995 melissophylli
1317 911 1393 973 Fer·
1407 884 1545 997 ffiffl„

272 1014 364 1091 nelii,
390 1012 687 1097 caryophyllorum,
711 1013 807 1077 etde
831 1034 925 1077 succo
951 1014 1129 1091 citriorum,
1149 1022 1209 1076 etc.
1220 1040 1230 1091 ;
1252 1013 1394 1095 fortiora
1426 1014 1528 1061 'fil-'fit

271 1137 350 1179 vero
375 1138 417 1179 ex
440 1116 575 1197 pulvere
601 1137 619 1178 e
646 1116 744 1179 chelis
768 1136 956 1179 cancrorum
987 1114 1172 1197 composito,
1195 1113 1392 1194 beroardico,

272 1218 485 1281 confectione
509 1218 550 1280 de
569 1218 755 1301 hyacintho,
771 1217 914 1281 theriaca
933 1217 1164 1294 Andromachi,
1181 1218 1288 1283 aliisve
1309 1221 1392 1305 ejus-

272 1322 348 1384 dem
364 1320 502 1385 indolis.
552 1320 643 1385 Quae
663 1328 844 1405 sequuntur
858 1321 892 1384 in
907 1321 1068 1404 frequenti
1083 1343 1147 1384 usu
1162 1330 1239 1386 sunt
1250 1348 1303 1387 :—

274 1458 377 1527 [Form.
390 1458 434 1525 4.]
475 1454 507 1522 R
540 1456 634 1525 Aquae
647 1456 811 1526 Borraginis,
1408 1453 1538 1531 Famulae

537 1542 763 1611 [squamus
1407 1519 1529 1633 ΨΦ

535 1626 658 1698 [Aquae]
674 1628 776 1683 Scordii
790 1630 967 1699 Compositae,

537 1711 662 1784 [Aquae]
676 1714 834 1767 Cerascmm
847 1714 1002 1783 Nigrorum,
1014 1729 1067 1765 ana
1077 1712 1170 1765 uncias
1182 1712 1258 1778 duas,

535 1802 628 1869 Aquae
640 1802 811 1855 Cinnamomi
825 1800 978 1854 Hordcatae
990 1800 1098 1853 unciam
1110 1816 1201 1863 unam,

538 1886 746 1955 Margaritarum
758 1896 972 1958 praeparatarum
984 1885 1123 1939 drachmas
1135 1885 1210 1949 duas,

539 1972 665 2027 Succhari
677 1975 841 2045 crystallini¹¹
852 1975 1031 2044 quantitatem
1043 1972 1232 2036 sufficientem

424 2060 528 2113 Misce:
549 2070 636 2113 sumat
651 2061 797 2115 cochlearia
817 2068 931 2129 quatuor
954 2061 1058 2130 saepius
1081 2061 1110 2113 in
1134 2059 1186 2125 die,
1204 2060 1344 2131 praecipue
1365 2060 1393 2113 in

423 2146 608 2218 languoribus

274 2282 379 2353 [Form.
394 2281 438 2349 5.]
480 2276 511 2357 R,
541 2280 634 2348 Aquae
647 2280 728 2333 totius
741 2280 828 2343 Citrii,

537 2363 652 2436 [Aquae]
668 2364 823 2435 Fragorum,
836 2382 887 2418 ana
900 2365 993 2417 uncias
1006 2372 1068 2431 tres,

535 2454 627 2521 Aquae
640 2451 771 2505 Cordialis
784 2450 909 2520 Frigidae
922 2452 1054 2505 Saxoniae
1067 2452 1174 2505 unciam
1186 2468 1277 2516 unam,

537 2540 629 2607 Aquae
641 2538 804 2592 Theriacalis
817 2537 978 2601 Stillatitiae,

538 2624 633 2695 Syrupi
646 2624 839 2695 Meliasophylli
852 2622 977 2689 Femelii,

537 2710 659 2781 [Sympi]
673 2710 918 2780 Caryophyllorum

536 2796 656 2867 [Sympi]
671 2796 704 2849 de
717 2798 802 2850 Succo
815 2797 969 2859 Citriorum,
980 2813 1033 2849 ana
1044 2798 1226 2857 semunciam

428 2884 533 2945 Misce;
550 2884 597 2937 fiat
604 2884 747 2954 julapium,
760 2882 857 2952 dequo
870 2883 959 2951 capiat
970 2883 1082 2950 saepius.

277 3028 384 3098 [For-m.
399 3020 441 3089 6.]
480 3018 512 3097 R,
540 3020 660 3074 Pulveris
671 3038 685 3073 e
698 3020 788 3074 Chelis
801 3020 966 3073 Cancrorum
978 3016 1135 3085 Compositi,

536 3106 645 3177 Lapidis
657 3106 814 3161 Bezoardici
829 3103 982 3165 Orientalis,

539 3192 663 3263 [Lapidis
676 3190 848 3261 Bezoardici]
863 3188 1050 3252 Occidentalis,

535 3280 739 3349 Contrayerrae,
752 3295 804 3331 ana
815 3276 969 3348 scmpulum
982 3290 1076 3338 unum,

536 3365 640 3418 Folium
653 3366 718 3417 Auri
731 3381 834 3427 unum;

429 3452 514 3505 Misce
525 3472 532 3513 ;
550 3452 596 3503 fist
607 3450 695 3521 pulvis
704 3450 904 3503 subtilissimus:
918 3450 1008 3519 capiat
1018 3446 1054 3501 ad
1062 3449 1239 3518 quantitatem
1248 3464 1391 3519 granorum

431 3538 581 3601 duodecim,
594 3538 698 3607 quoties
711 3554 777 3607 opus
789 3536 876 3601 irrerit,

534 3642 569 3677 ex
582 3622 680 3693 Syrupi
693 3622 725 3675 de
739 3622 823 3675 Succo
836 3622 990 3685 Citriorum,

536 3708 664 3779 [Syrupi]
679 3707 922 3778 Carpophyllorum
934 3725 987 3761 ana
998 3706 1131 3760 drachmis
1143 3706 1254 3772 duabus,

428 3795 619 3867 superbibcndo
632 3795 778 3849 cochlearia
789 3794 995 3864 aliquotjulapii
1006 3796 1169 3865 praescripti.

281 3922 387 3993 [For-in.
400 3916 439 3984 7.]
478 3912 510 3993 R
538 3918 630 3985 Aquae
642 3914 804 3968 Theriacalis
816 3912 968 3966 Stillatitiae
979 3914 1072 3967 uncias
1084 3922 1205 3982 quatuor,

535 4002 674 4056 Seminum
688 4002 767 4055 cin-ii
779 4000 916 4053 drachmas
928 4000 995 4053 diras
1005 4020 1012 4063 ;

428 4088 635 4144 contundantur
652 4089 741 4153 simul,
759 4096 786 4142 et
809 4088 856 4140 fiat
879 4086 1006 4150 emulsio;
1026 4086 1161 4139 celaturae
1178 4082 1246 4137 adde
1270 4082 1388 4137 sacchari

427 4176 521 4245 perlati
545 4176 721 4244 quantitatem
745 4174 919 4227 sufficientem
943 4172 979 4225 ad
1004 4180 1111 4242 gratum
1135 4186 1270 4239 saporem:
1300 4178 1388 4222 sumat

430 4261 576 4315 cochlearia
588 4260 640 4315 duo
653 4270 692 4314 ter
703 4262 732 4314 in
744 4262 794 4315 (lic.

327 4408 443 4471 Plures
466 4427 540 4470 vcro
566 4406 718 4471 formulas
742 4425 906 4471 recensere
936 4419 1209 4490 supervacaneum
1238 4396 1384 4476 arbitror,

283 4510 440 4595 quoniam
463 4515 496 4571 et
513 4508 703 4573 innumerae
725 4516 812 4587 sunt,
829 4514 886 4570 aut
908 4528 977 4571 csse
1000 4506 1114 4569 saltem
1137 4508 1282 4585 possunt,
1298 4508 1331 4563 ct
1349 4501 1386 4562 in

282 4611 393 4676 morbi
401 4610 538 4674 decursu
548 4614 643 4695 juxta
652 4611 739 4675 varia
750 4613 819 4695 ejus
831 4616 978 4693 tempora
988 4630 1026 4672 ac
1037 4606 1162 4670 diversa
1171 4610 1386 4689 symptomata

283 4714 459 4779 variandae
474 4722 559 4778 suut.

581 4832 592 4862 ‘¹
609 4826 688 4873 Sacch.
702 4835 771 4887 crprt.
781 4826 841 4887 gjrr.
850 4822 903 4869 cdd.
919 4824 970 4883 ¹66,
982 4822 1031 4877 ’68,
1044 4816 1092 4865 ’⁷6.
