3825 5759
408 648 467 703 630
858 643 986 701 INDEX
1009 642 1162 701 RERUM.

407 797 461 854 bus,
473 796 503 845 ad
517 795 583 845 huno
599 799 712 847 morbum
728 814 777 846 non
794 805 911 861 spectant,
922 798 970 849 457
981 816 987 854 t
1009 811 1013 850 t
1032 798 1100 853 ratio,
1112 797 1166 854 477,
1177 796 1237 851 478,
1250 796 1293 844 1110
1301 804 1337 844 est
1345 812 1418 859 quam
1428 802 1512 859 000400
1521 797 1615 845 Auctor

407 861 514 925 hydrops
523 863 566 910 ubi
577 864 652 922 adest,
664 880 708 927 pro
724 870 842 925 rataque
854 872 934 927 partes
944 865 988 911 ob-
1031 863 1104 910 titulo
1115 864 1193 909 Nonne
1205 864 1286 909 Febris
1293 862 1426 921 insignivit,
1439 861 1514 909 simul
1526 878 1613 924 agnos-

405 942 487 975 sessae
503 934 608 985 tument,
623 930 730 991 reliquae
746 928 913 991 gracilescrmt,
926 929 989 983 456,
1032 942 1088 975 cens
1100 941 1204 973 errorem
1215 941 1296 983 suum,
1309 926 1365 983 487,
1377 929 1433 973 488.

407 998 479 1038 00004
490 992 532 1039 0111
542 992 633 1040 nobilia
645 994 738 1041 viscera
754 1002 779 1040 et
794 993 895 1040 vitalem
908 1008 988 1040 arcem
1066 990 1160 1054 Hyems
1171 990 1319 1051 rigidissima
1330 991 1386 1038 anni
1396 993 1445 1046 ’88,
1453 992 1501 1037 486
1511 1010 1516 1043 ,
1528 990 1615 1052 hyems

408 1070 486 1117 aquae
503 1056 627 1113 invadunt,
645 1059 707 1111 456,
730 1072 773 1119 000
789 1072 863 1104 causa
879 1057 990 1119 proxima
1032 1055 1188 1117 dysentericis
1199 1055 1325 1111 contraria,
1337 1057 1390 1111 162,
1402 1057 1456 1111 168,
1469 1057 1529 1109 188,
1547 1070 1613 1102 mor-

408 1119 481 1167 habet
495 1136 571 1182 aquas
582 1122 739 1176 abundantes,
751 1122 813 1175 470,
831 1121 990 1169 indicationes
1031 1120 1075 1167 bos
1093 1120 1217 1168 chronicus
1237 1120 1317 1182 potius
1336 1120 1415 1182 gignit
1431 1134 1507 1181 quarn
1527 1130 1613 1175 aestas,

409 1184 538 1243 curativae,
561 1186 617 1242 457,
640 1188 704 1237 585;
733 1185 866 1232 cathartica
892 1186 990 1233 fortiora
1032 1186 1089 1231 429.
1504 1225 1513 1235 .

408 1263 504 1310 semper
522 1250 669 1311 usurpanda,
688 1250 743 1305 457,
760 1252 817 1304 458,
835 1250 896 1303 587,
925 1252 990 1312 quod
1067 1248 1273 1310 Hypercathsrses
1290 1263 1361 1310 saepe
1377 1256 1447 1295 natae
1459 1263 1474 1294 a
1487 1246 1612 1309 purgatio-

408 1314 611 1374 perseverandum
636 1314 662 1360 in
685 1314 828 1376 praebendis
852 1314 989 1362 catharticis
1032 1312 1103 1359 nibus
1114 1314 1187 1360 etiam
1199 1312 1386 1369 100141010458,
1404 1314 1515 1360 fraenum
1528 1312 1612 1358 certis-

409 1376 485 1424 donec
497 1376 573 1424 moles
584 1378 719 1425 abdominis
731 1380 863 1435 evanuerit,
875 1381 930 1435 458,
942 1382 988 1433 59,
1010 1369 1013 1416 i
1032 1376 1123 1424 simum
1137 1384 1173 1425 004
1187 1376 1328 1435 laudunum,
1340 1379 1403 1431 458,
1424 1375 1567 1423 insanabilis
1583 1391 1614 1423 ex

409 1455 514 1503 sympus
534 1441 564 1488 de
585 1443 654 1504 spina
677 1459 739 1490 cerv.
761 1444 850 1505 quibus
869 1444 988 1500 convenit,
1031 1442 1163 1502 unguentis
1176 1442 1336 1504 purgantibus
1350 1440 1473 1489 abdomini
1489 1440 1612 1497 adhibitis,

410 1506 471 1560 459,
489 1506 628 1568 exemplum
640 1507 693 1569 ejus
708 1507 872 1563 memorabile,
882 1510 929 1554 459
936 1524 988 1569 sq.;
1033 1506 1087 1556 474.

408 1568 990 1635 infcrocimetallquotiesrepetendaadcursn·
1066 1570 1317 1617 Hrrocnonnnraca
1339 1568 1405 1629 (Dr)
1430 1569 1612 1625 Arrncrronn,

409 1633 469 1681 dnm
486 1635 627 1698 hydropem,
641 1636 701 1691 467,
727 1637 752 1683 in
773 1637 847 1683 ascite
862 1636 989 1696 grandiore
1031 1636 1167 1681 540-545.
1182 1632 1217 1695 [v.
1230 1632 1486 1695 HysterieuAffeetio.]

408 1704 505 1747 tantum
516 1702 635 1757 convenit,
644 1704 706 1755 468,
724 1710 805 1748 cortex
816 1701 914 1747 interior
925 1716 989 1747 sam-
1065 1698 1283 1761 Hypochondrisca
1298 1698 1391 1745 edictio
1405 1698 1430 1744 in
1445 1697 1559 1745 foeminis
1569 1701 1611 1759 by-

408 1763 474 1821 buci,
494 1765 558 1819 469,
585 1781 704 1827 quaenam
724 1765 928 1813 contra-indicant
948 1780 988 1811 00-
1031 1767 1115 1811 sterion
1132 1770 1239 1820 vocatur,
1258 1764 1313 1818 368,
1331 1763 1386 1819 871,
1400 1764 1463 1817 540,
1480 1761 1572 1823 0010010
1589 1770 1612 1808 04

408 1828 510 1885 41100010,
521 1830 577 1885 468,
587 1832 650 1885 469,
666 1830 709 1877 ubi
724 1830 840 1876 catharsis
857 1829 991 1876 contra-in-
1010 1821 1013 1870 i
1031 1827 1152 1875 viscerum
1172 1827 1329 1875 obstructioni
1344 1827 1470 1889 imputata,
1481 1828 1540 1879 864,
1558 1826 1611 1871 aui-

409 1892 510 1949 dicatur,
525 1909 644 1955 quaenam
663 1892 821 1941 confortativa
837 1894 989 1949 conveniant,
1010 1889 1013 1994 j
1032 1891 1066 1937 mi
1079 1892 1219 1953 pathemata
1234 1891 1385 1939 atrocissima
1400 1892 1547 1946 sevaston,
1566 1889 1629 1951 hy:

409 1957 472 2011 469,
490 1956 613 2005 diureticis
625 1958 718 2020 agenda
730 1959 802 2004 estin
813 1957 933 2005 debilibus
944 1973 988 2005 na·
1032 1956 1201 2017 000110ηάοἰιοί
1218 1956 1338 2017 quomodo
1354 1956 1403 2003 sint
1422 1956 1504 2003 animo
1520 1954 1611 2002 consti-

409 2021 471 2068 turis
482 2027 506 2067 et
516 2021 628 2069 foeminis
637 2022 707 2069 valde
717 2022 852 2083 hystoricis,
861 2022 916 2077 469,
926 2023 989 2078 470,
1031 2021 1087 2075 tuti,
1098 2022 1154 2077 369,
1167 2020 1222 2070 370.

408 2085 469 2132 00110
478 2084 596 2133 lixivialia
613 2086 638 2133 in
650 2087 708 2133 rino
720 2086 847 2142 Rhensno,
857 2085 920 2140 470,
937 2101 989 2133 cor-
1066 2084 1219 2147 Hypotheses
1234 2089 1354 2147 quatenus
1369 2083 1451 2131 valent
1463 2083 1561 2131 Medico
1572 2082 1610 2130 in-

408 2148 546 2195 roborantia
561 2150 646 2196 eadem
656 2150 683 2196 in
693 2150 806 2211 hydrope,
819 2164 881 2211 quae
892 2150 917 2197 in
928 2151 988 2212 pod-
1031 2148 1153 2207 struendo,
1163 2150 1210 2195 466
1223 2167 1229 2203 ,
1245 2148 1386 2211 hypothesis
1397 2148 1505 2209 quaevis,
1514 2148 1539 2195 in
1551 2146 1610 2194 scri-

408 2226 475 2273 agra,
486 2212 652 2273 praebeantur,
664 2213 712 2259 nisi
724 2214 788 2274 quod
800 2213 883 2260 vinum
899 2214 989 2276 hydro·
1031 2212 1109 2259 bends
1119 2214 1258 2261 morborum
1270 2212 1376 2269 historia,
1388 2214 1533 2275 seponenda,
1547 2213 1584 2258 ll.

408 2276 470 2337 picis
485 2276 639 2336 permittatur
654 2291 698 2339 pro
715 2284 775 2339 potu
791 2276 918 2334 ordinario,
932 2280 990 2336 470,
1066 2276 1222 2325 1100001100
1242 2276 1308 2339 (Dn)
1329 2278 1511 2336 Arrncrroan,
1530 2277 1611 2324 864-

408 2341 472 2393 587,
489 2338 597 2401 chalybis
609 2355 669 2387 usus
686 2341 711 2387 in
726 2340 836 2403 hydrope
849 2341 989 2404 incipiente,
1032 2342 1088 2395 404,
1102 2344 1237 2389 540-545.

408 2403 537 2457 erranti
547 2403 659 2452 0100111400
669 2420 738 2462 usus,
749 2404 904 2469 472,400100
915 2422 990 2469 quare
1066 2404 1210 2467 Hystericae
1238 2406 1314 2455 00004
1342 2412 1400 2453 sunt
1430 2405 1531 2453 dimidia
1557 2420 1612 2467 pars

408 2467 581 2531 improbantur,
591 2469 655 2524 478,
668 2470 813 2532 rejiciuntur
819 2472 989 2533 paracentesis,
1031 2470 1170 2517 morborum
1188 2470 1279 2529 chron,
1292 2472 1353 2525 364,
1371 2478 1427 2533 post
1442 2470 1527 2525 febres,
1545 2484 1610 2517 mor-

408 2539 433 2581 et
448 2540 635 2596 acu-punctura,
647 2535 708 2589 474,
734 2534 858 2582 evacuatio
869 2536 990 2597 quomodo
1032 2533 1117 2581 borum
1139 2534 1358 2597 frequentissimus,
1375 2537 1437 2589 381,
1467 2534 1533 2581 idem
1555 2542 1612 2581 sunt

407 2598 559 2660 persolvatur
577 2606 602 2646 et
622 2600 768 2662 quibusnam
790 2599 885 2657 mediis,
908 2602 990 2651 457-
1031 2598 1057 2645 in
1082 2599 1202 2657 foeminis,
1229 2614 1257 2647 ac
1283 2600 1377 2647 affectio
1399 2599 1564 2661 hypochondr.
1585 2598 1612 2645 in

407 2662 473 2719 470,
502 2663 631 2726 purgantis
652 2680 722 2727 quae,
743 2672 766 2712 et
785 2665 889 2727 quando,
906 2680 935 2712 00
950 2665 988 2713 in-
1032 2663 1221 2721 010011100864,
1239 2665 1294 2721 368,
1312 2666 1367 2721 871,
1385 2666 1446 2717 540,
1465 2670 1548 2711 uterus
1564 2663 1611 2709 im·

408 2728 544 2784 servientis,
557 2730 695 2787 458-461,
707 2730 763 2785 536,
776 2730 822 2779 587
833 2748 839 2783 ;
857 2744 901 2791 per
911 2730 989 2777 vomi·
1031 2728 1118 2775 merito
1129 2728 1276 2793 inculpatur,
1286 2730 1347 2784 864,
1365 2728 1454 2790 hyster.
1465 2728 1557 2775 affectio
1566 2728 1612 2773 sub

408 2798 462 2839 tum
481 2800 506 2840 et
524 2793 550 2840 in
570 2809 694 2842 secessum
717 2794 789 2842 simul
812 2794 915 2855 agentia,
933 2796 989 2851 461,
1031 2806 1106 2853 quarn
1117 2794 1190 2841 variis
1204 2793 1373 2857 ymptomatis
1384 2808 1410 2839 se
1421 2792 1533 2848 ostendit,
1545 2793 1611 2846 865,

408 2857 464 2911 462,
476 2858 533 2913 469,
545 2859 610 2913 586,
635 2858 811 2905 corroborantia
828 2858 882 2905 loco
901 2874 989 2905 evacu-
1032 2854 1239 2905 foeminssmulto
1255 2858 1361 2905 crebrius
1377 2872 1451 2918 quarn
1462 2870 1541 2903 msres
1557 2870 1612 2902 cor-

407 2920 510 2978 antinm,
528 2923 633 2983 quando,
644 2923 710 2978 469,
728 2922 846 2970 0100041οο
861 2923 914 2969 1000
931 2938 989 2985 pur-
1031 2920 1095 2995 ripit,
1109 2923 1168 2976 365,
1188 2922 1249 2969 00410
1263 2922 1338 2983 hujus
1353 2921 1430 2978 datur,
1446 2919 1507 2975 371,
1526 2919 1611 2969 foemi-

407 2984 519 3045 gantium
538 2992 563 3033 et
581 2987 747 3042 emeticorum,
763 3002 825 3049 quae
844 2995 868 3035 et
884 2987 989 3048 quando,
1031 2999 1069 3031 nas
1077 2986 1238 3047 paucissimis,
1246 2986 1293 3033 nisi
1303 2985 1424 3033 laboribus
1435 2984 1546 3039 assuetis,
1557 2998 1612 3046 par·

407 3048 528 3107 469,470,
536 3051 598 3105 587,
612 3052 711 3099 morbus
720 3052 852 3113 aliquando
860 3052 919 3098 artis
929 3052 987 3099 sub·
1031 3048 1072 3103 cit,
1084 3051 1147 3103 864,
1172 3050 1237 3097 vims
1253 3065 1349 3113 quoque
1365 3048 1511 3097 sedentarios
1527 3056 1612 3105 tentat,

408 3112 492 3160 sidias
523 3115 578 3172 mit,
589 3116 653 3171 478,
670 3116 796 3178 sanguinis
806 3116 924 3163 roboratio
933 3132 987 3179 per-
1033 3114 1093 3167 864,
1111 3115 1240 3175 cujusnam
1255 3114 1379 3178 temperiei
1391 3113 1503 3161 foeminis
1515 3113 1613 3175 singula

407 3177 522 3225 solvens
543 3179 574 3226 ad
595 3195 686 3227 novum
705 3196 824 3243 equanam
844 3188 989 3243 proventum
1031 3178 1182 3241 contingunt,
1203 3181 1266 3236 365,
1295 3179 1416 3242 quomodo
1438 3192 1526 3240 corpus
1547 3177 1613 3226 male

406 3244 606 3304 praecavendum,
624 3244 686 3300 470,
707 3245 816 3307 juniores
833 3244 880 3292 hoc
896 3244 988 3292 auxilio
1031 3242 1155 3290 anteisset
1167 3252 1317 3305 conquasset,
1335 3244 1479 3297 865-869,
1501 3242 1612 3291 animum

407 3320 478 3370 saepe
486 3323 534 3355 non
542 3308 661 3371 indigent,
670 3309 727 3365 470,
738 3309 793 3367 587,
802 3312 865 3365 588,
882 3309 988 3372 hydrops
1031 3304 1111 3353 adhuc
1126 3308 1205 3369 magis
1222 3316 1345 3370 aegrotare
1355 3308 1414 3355 facit
1425 3322 1500 3369 quam
1514 3322 1611 3369 corpus,

407 3372 581 3420 evacuantibus
598 3373 743 3435 quibusnam
764 3374 790 3421 in
809 3374 904 3421 casibm
922 3374 989 3436 pejor
1031 3372 1092 3425 369,
1110 3372 1300 3435 desperationem
1312 3374 1342 3420 de
1353 3374 1455 3419 sanitate
1465 3386 1611 3433 recuperan-

407 3434 443 3491 nt,
455 3444 479 3483 et
489 3436 663 3494 roborantibus,
675 3438 739 3485 aeris
753 3438 893 3494 mutatione,
905 3446 930 3485 et
944 3452 986 3485 ex·
1031 3435 1064 3481 da
1075 3436 1136 3483 solet
1151 3436 1176 3483 in
1192 3436 1302 3485 animum
1313 3436 1409 3493 inferre,
1421 3437 1477 3493 366,
1489 3437 1550 3489 860,
1568 3436 1611 3483 fri·

407 3500 498 3555 ercitio,
515 3502 663 3556 tractandus,
676 3502 739 3556 460,
756 3502 915 3564 purgantibus
931 3502 989 3549 solis
1031 3514 1078 3561 gus
1106 3500 1279 3548 cadaverosum
1308 3502 1414 3565 partium
1447 3510 1610 3557 ertemarum,

407 3564 538 3620 curandus,
554 3564 596 3611 ubi
617 3564 727 3613 collectio
744 3580 863 3625 aquarum
883 3579 931 3612 non
948 3567 986 3613 in-
1031 3572 1194 3628 symptomata
1210 3566 1364 3640 praecedens,
1375 3580 1446 3627 saepe
1462 3565 1542 3619 habet,
1554 3566 1610 3622 368,

406 3640 475 3687 gens,
487 3628 549 3681 468,
567 3627 609 3673 0111
620 3628 659 3673 vel
671 3628 743 3690 pedes
753 3628 987 3685 tantum,veletia1n
1032 3628 1088 3685 870,
1107 3630 1167 3685 875,
1196 3629 1323 3692 disgnosin
1340 3628 1466 3677 difficilem
1482 3644 1539 3691 prae
1555 3644 1609 3675 cae-

406 3696 523 3745 ventrem‚
535 3690 578 3737 sed
594 3691 698 3748 modice,
708 3692 809 3747 inflavit,
826 3692 987 3741 calefacienti·
1031 3693 1088 3739 teris
1097 3693 1245 3755 quibuslibet
1254 3694 1344 3741 morbis
1353 3694 1433 3751 habet,
1443 3694 1505 3747 364,
1520 3694 1611 3754 hyster.

406 3754 453 3800 1100
461 3761 486 3800 04
496 3754 662 3800 roborantibus
670 3755 800 3811 curandus,
808 3756 869 3809 472,
881 3754 988 3817 liquores
1031 3756 1106 3803 sirnul
1128 3774 1156 3806 00
1177 3758 1340 3821 hypochondr.
1360 3758 1491 3807 affecmum
1512 3757 1610 3819 siguum

406 3825 492 3865 400000
504 3826 529 3864 et
544 3817 714 3879 refrigerantes
729 3834 772 3866 cur
783 3834 831 3866 non
843 3819 911 3875 ferat,
923 3820 987 3875 471,
1031 3820 1137 3869 maxime
1147 3822 1395 3885 pathognomonicum
1411 3829 1448 3870 est
1465 3822 1535 3869 urina
1552 3821 1609 3868 lim-

405 3896 450 3945 pro
469 3888 528 3943 potu
546 3881 632 3928 vinum
653 3896 701 3929 non
724 3882 897 3931 assumendum
919 3892 986 3932 ante-
1031 3883 1088 3945 pida
1110 3886 1212 3948 copiosa,
1233 3889 1288 3945 868,
1309 3888 1365 3945 370,
1384 3888 1446 3941 540,
1475 3886 1611 3948 hystoricae

406 3961 481 4009 quam
491 3952 586 3993 meatus
596 3942 683 4009 piarum
693 3946 788 4003 reclusi,
797 3949 843 3997 471
853 3966 859 4001 ,
873 3949 988 3997 cerevisia
1031 3948 1149 3997 foeminae
1160 3950 1351 4014 interrogandae,
1363 3966 1394 3997 an
1406 3950 1498 3999 malum
1516 3950 1545 3997 de
1561 3965 1611 4013 quo

405 4011 544 4073 generosior
560 4010 614 4058 1000
631 4010 764 4068 0101471,
783 4019 907 4073 unguenta
919 4028 933 4059 e
946 4028 987 4061 ca·
1031 4022 1164 4075 queruntur
1175 4016 1292 4077 inceperit
1302 4030 1359 4064 cum
1374 4015 1480 4071 tristitia,
1494 4022 1567 4076 atque
1578 4030 1611 4062 an

405 4075 516 4124 tharticis
533 4082 557 4123 et
573 4076 716 4123 vesicatoria
732 4074 876 4138 praeprimis
892 4084 987 4133 nocent,
1031 4077 1127 4126 urinam
1136 4078 1264 4141 limpidam
1276 4079 1433 4135 excreverint,
1446 4079 1506 4133 370,
1520 4080 1612 4140 hyster.

405 4140 462 4196 478,
474 4140 533 4196 474,
556 4144 597 4188 aot
613 4143 697 4188 desinit
713 4142 838 4197 0000ὺο400,
856 4143 889 4187 ibi
905 4144 988 4203 incipit
1031 4140 1124 4190 affectio
1143 4142 1296 4207 apoplexiam
1316 4145 1395 4200 refert,
1407 4144 1468 4197 365,
1486 4142 1612 4189 calculum

405 4208 513 4267 hydrops,
525 4204 646 4316 quomodo
657 4204 851 4265 intelligendum,
861 4205 925 4259 060,
943 4206 987 4269 hy-
1031 4220 1117 4254 renum
1134 4216 1159 4255 et
1174 4208 1275 4265 vesicae,
1291 4211 1352 4266 001,
1380 4208 1452 4255 flatus
1473 4206 1563 4255 excitat
1585 4208 1612 4253 in

405 4269 486 4331 dropis
504 4268 529 4317 fe
545 4269 612 4317 ribus
631 4268 756 4316 intermitt.
774 4274 883 4317 autumn.
901 4286 986 4318 succe·
1031 4270 1167 4327 abdomine,
1181 4274 1242 4327 468,
1260 4272 1381 4335 lacrymas
1401 4287 1475 4327 nunc,
1492 4286 1558 4319 nunc
1575 4272 1610 4319 ri·

405 4333 485 4380 dentis
500 4348 575 4381 causa
594 4340 618 4380 et
631 4332 732 4390 curatio,
748 4334 788 4389 88,
800 4335 864 4388 550,
880 4332 987 4397 hydrops
1031 4348 1094 4392 sum,
1107 4336 1159 4383 sine
1169 4335 1222 4383 ulla
1232 4352 1307 4383 causa
1318 4338 1414 4393 excitat,
1424 4337 1480 4393 868,
1493 4336 1553 4389 375,
1572 4335 1610 4382 lo·

405 4397 546 4445 scorbutum
561 4412 610 4459 quo
621 4411 694 4444 sensu
705 4398 836 4459 aliquando
847 4399 988 4457 mentiatur,
1030 4397 1141 4447 chiorum
1153 4402 1347 4463 suppressionem
1359 4416 1416 4448 cum
1428 4400 1486 4447 diris
1496 4408 1520 4447 et
1532 4400 1609 4447 letha·

406 4462 468 4514 260;
486 4475 517 4507 ex
532 4461 883 4537 venae-sectioneinpodagrs
898 4478 956 4538 mox
973 4479 988 4510 0
1031 4461 1096 4511 libus
1118 4466 1322 4526 symptomatibus
1344 4466 1445 4521 inducit,
1469 4466 1524 4522 896,
1545 4464 1610 4519 8970

404 4526 985 4653 intent:ll⁹s5ttl³¹hl¹¹lhltsl3
1030 4528 1612 4655 1030140303030390141

405 4651 512 4715 hydrops
523 4652 621 4699 testium
637 4654 663 4701 in
680 4655 793 4703 foeminis
809 4655 876 4716 quid,
889 4663 913 4703 et
923 4671 985 4718 quo·
1030 4664 1161 4704 noctnmos
1179 4658 1300 4719 quomodo
1318 4658 1414 4713 excitet,
1428 4658 1483 4713 874,
1501 4658 1563 4709 875,
1586 4665 1612 4704 04

405 4715 479 4765 modo
490 4715 620 4774 oboriatur,
632 4718 688 4775 877,
701 4719 756 4775 878,
768 4721 826 4775 456,
836 4719 892 4768 457.
1031 4720 1197 4769 sahvationem
1210 4722 1348 4769 mercuriali
1359 4720 1474 4779 similem,
1484 4722 1548 4775 374,
1566 4736 1609 4768 va-

439 4780 568 4829 Hrnuanr
582 4780 649 4843 (Du)
663 4782 761 4839 Fusae,
773 4782 911 4834 476-478.
1030 4785 1114 4833 0104040
1123 4784 1268 4834 multiformi
1278 4802 1303 4834 00
1311 4786 1485 4844 0000010365,
1495 4786 1553 4839 870;
1567 4800 1611 4847 pro

439 4844 567 4909 Hyemalis
576 4846 649 4894 febris
657 4846 794 4909 descriptio,
802 4848 860 4904 476,
867 4847 929 4903 477,
941 4864 985 4896 cu·
1008 4863 1010 4884 ¹
1030 4856 1097 4911 parte
1112 4850 1217 4913 corporis
1234 4866 1308 4914 quam
1325 4858 1435 4914 occupat,
1447 4858 1611 4914 symptomata
