3825 5759
392 665 788 732 OBSERVATIONUM
812 667 1097 732 MEDICARUM
1120 672 1169 725 lv.
1185 679 1212 738 a,
1230 681 1256 729 e.
1311 672 1374 736 189

275 833 525 908 symptomatum
540 829 784 908 vehementiam,
796 837 867 892 tum
882 849 1049 911 aegrorum
1063 851 1244 909 numerum,
1255 831 1374 894 sensim
1386 844 1526 896 Varrone

273 926 557 994 minuebantu-
1386 911 1527 1024 lassa

319 1029 382 1116 [2.]
409 1033 475 1096 Sed
504 1041 542 1100 ut
568 1034 770 1116 particrdnria
795 1055 904 1098 eamm
929 1034 1152 1117 phaenomena
1179 1037 1353 1101 referamus
1366 1063 1373 1101 ε
1387 1041 1528 1121 Q

273 1132 358 1198 haud
374 1159 490 1219 parum
504 1147 632 1220 praeter
648 1138 830 1220 opinionem
845 1139 924 1200 mihi
942 1139 1082 1221 primum
1097 1141 1300 1223 comparebat
1314 1142 1376 1206 hoc

273 1240 477 1304 Variolamm
493 1262 605 1324 genus,
621 1263 694 1306 cum
710 1242 996 1306 animadverterem
1014 1242 1102 1306 istud
1119 1245 1376 1326 quamplurimis

272 1343 503 1424 phoenomenis
530 1345 758 1428 insignioribus
787 1344 828 1408 ab
855 1366 893 1408 eo
918 1345 1046 1408 differre
1072 1344 1156 1429 quod
1184 1346 1376 1429 produxerat

272 1447 459 1512 constitutio
481 1447 684 1531 praecedens,
701 1457 733 1511 et
753 1449 788 1510 in
806 1447 920 1531 quibus
943 1449 1147 1512 observandis
1172 1471 1226 1512 me
1247 1470 1376 1534 operam

272 1551 345 1614 satis
373 1551 520 1615 sedulam
547 1551 623 1615 olim
649 1551 819 1615 collocasse
842 1551 946 1616 rebar.
993 1551 1084 1616 Haec
1112 1559 1241 1615 tantum
1265 1574 1375 1616 earum

271 1655 506 1736 phaenomena,
533 1655 573 1719 ab
604 1655 734 1718 alterius
765 1655 890 1738 generis
920 1654 1150 1738 phaenomenis
1179 1653 1375 1734 dissidentia,

271 1758 571 1842 impraesentiarum
585 1758 740 1835 tractabo,
756 1757 986 1840 praetermissis
1001 1757 1039 1820 iis
1054 1779 1134 1839 qnae
1150 1777 1224 1820 cum
1239 1757 1376 1822 Variolis

270 1861 314 1924 ita
327 1861 453 1944 prolixe
469 1882 567 1944 supra
581 1861 746 1944 descriptis
761 1860 924 1924 habebant
940 1859 1132 1924 communia.
1598 1919 1604 1930 ,

316 1965 330 2048 [
360 1965 382 2048 .]
410 1964 595 2028 Discretum
607 1963 806 2027 Variolarum
818 1984 920 2045 genus
934 1962 985 2025 his
996 1968 1124 2026 tantum
1139 1983 1160 2026 a
1173 1981 1291 2046 genere
1302 1963 1375 2028 Dis·
1389 1986 1502 2038 Variola

270 2075 360 2131 creto
374 2065 540 2129 communi
552 2066 682 2129 alterius
693 2065 931 2130 constitutionis
943 2064 1242 2129 disterminabatur:
1260 2065 1374 2149 primo,
1388 2051 1526 2168 ffl‘ffifi

271 2170 359 2253 quod
385 2191 458 2233 cum
480 2169 515 2232 in
541 2169 589 2246 iis,
614 2169 736 2252 quoties
760 2175 853 2232 erant
876 2167 1113 2247 Interstinctae,
1137 2169 1263 2252 eruptio
1288 2169 1374 2234 diem
1387 2183 1531 2244 quibusda

270 2279 422 2355 quartum
445 2277 644 2354 praevertere
666 2291 732 2334 non
754 2269 879 2347 soleret,
899 2269 951 2332 hic
972 2269 1007 2332 in
1029 2270 1162 2333 tertium
1184 2271 1374 2356 plerumque
1386 2247 1502 2360 gfff,

269 2375 453 2454 incidebat;
477 2375 562 2458 quod
578 2375 819 2439 Confluentibus
837 2375 967 2439 solenne
982 2375 1112 2459 quidem
1134 2383 1192 2440 est.
1238 2377 1373 2456 Deinde,
1386 2390 1473 2450 ΨΜ
1487 2377 1530 2424 Di-

270 2502 338 2543 non
351 2479 476 2545 adeam
487 2478 753 2561 magnitudinem,
765 2477 956 2560 procedente
967 2478 1090 2556 morbo,
1101 2478 1154 2542 hic
1165 2479 1374 2562 assurgebant
1387 2446 1524 2565 {tffi‘e'

269 2583 422 2666 pustulae
442 2588 537 2664 atque
552 2581 586 2643 in
609 2581 670 2644 alio
693 2602 828 2664 genere3
850 2581 952 2664 mag's
973 2590 1081 2645 autem
1105 2583 1375 2664 exasperabantur

269 2685 303 2746 in
326 2683 447 2746 minori
460 2683 555 2760 mole,
571 2689 604 2746 et
626 2683 686 2748 sub
702 2683 814 2747 diebus
836 2684 967 2760 ultimis,
982 2684 1039 2748 ubi
1057 2685 1126 2767 jam
1141 2691 1372 2759 maturuerunt,

269 2787 384 2870 nigrae
399 2786 597 2869 frequentiam
611 2785 804 2849 visebantur.
839 2786 926 2850 Illud
941 2786 1039 2848 etiam
1054 2785 1180 2862 addam,
1194 2784 1277 2867 quod
1291 2805 1372 2847 non·
1385 2803 1416 2849 aa
1429 2803 1494 2854 eon-

269 2909 441 2971 nunquam
465 2889 552 2970 (licet
576 2889 700 2970 rarius)
726 2909 857 2971 aegnrm
884 2888 982 2950 etiam
1003 2886 1201 2969 paucissimis
1222 2892 1372 2948 notatum
1385 2865 1515 2982 ffffiiffin

268 2991 409 3074 pustulis
424 2990 623 3074 ptyalismus,
639 2990 725 3053 haud
745 3011 834 3053 secus
854 2997 948 3071 atque
966 2988 1001 3051 in
1016 2987 1269 3065 Confluentibus,
1285 3007 1372 3050 exer·
1386 2993 1441 3068 illae
1452 3012 1508 3058 pro-

157 3099 158 3108 ’
268 3101 369 3156 caret.
415 3093 464 3156 Ex
486 3093 601 3176 quibus
624 3094 792 3157 conficitur
807 3093 984 3158 Distinctas
1006 3092 1102 3175 hujus
1126 3090 1374 3155 constitutionis
1386 3073 1527 3182 ἕζῖζῗζ

269 3195 419 3260 Variolas
441 3195 483 3259 ad
505 3196 745 3260 confluentium
767 3204 915 3259 nabuam
940 3195 1070 3279 propius
1092 3193 1262 3272 accedere·
1277 3185 1518 3277 atqueflanmdi·

269 3299 533 3362 inflammationis
547 3299 649 3382 magis
670 3299 816 3362 intensae
835 3321 904 3363 esse
926 3299 1104 3382 participes,
1119 3319 1216 3382 quam
1234 3317 1316 3380 quae
1336 3296 1372 3361 in
1384 3267 1527 3392 {dilw-

272 3401 436 3465 Distincto
451 3423 567 3484 genere
582 3402 765 3466 usuvenire
781 3402 870 3466 solet.
1385 3396 1458 3444 “lm

318 3503 378 3588 [4.]
407 3505 614 3568 Confluentes
636 3525 711 3568 vero
740 3505 780 3568 ab
807 3504 875 3567 aliis
902 3527 980 3587 quas
1002 3525 1060 3586 per
1085 3504 1162 3568 alios
1185 3524 1287 3568 annos
1312 3525 1373 3587 ego
1386 3513 1516 3564 Confluen-

272 3605 511 3670 observaveram
532 3606 785 3685 Confluentibus,
800 3607 834 3669 in
857 3607 977 3684 multis,
1000 3627 1081 3689 quae
1099 3607 1168 3690 jam
1189 3606 1371 3685 recensebo,
1384 3580 1528 3706 {3233}
1628 3609 1633 3622 ‘

272 3707 504 3792 discrepabant.
549 3711 648 3773 Nunc
678 3709 825 3786 secundo,
849 3729 936 3772 nunc
960 3709 1066 3787 tertio,
1090 3710 1141 3772 die
1171 3730 1204 3773 se
1232 3709 1372 3792 primum
1385 3707 1505 3771 diareps-

272 3812 506 3890 monstrabant,
522 3813 623 3894 specie
637 3812 773 3875 tumoris
788 3811 936 3875 subrubri
951 3818 1046 3894 atque
1061 3811 1237 3888 uniformis,
1246 3811 1372 3874 nutum
1384 3771 1525 3885 mm

272 3935 403 3977 omnem
425 3915 634 3996 contegentis,
654 3914 841 3998 erysipelate
864 3913 994 3996 quidem
1015 3913 1179 3991 densioris,
1194 3913 1285 3976 nullo
1305 3912 1372 3976 fere
1384 3899 1500 4012 azimi·

271 4016 386 4080 risibili
415 4017 613 4100 pustularum
644 4016 842 4094 discrimine3
874 4017 1033 4100 reliquum
1065 4037 1179 4099 corpus
1208 4015 1372 4096 congeries

273 4120 429 4202 quaedam
450 4121 520 4200 (ceu
540 4119 640 4202 panni
661 4119 812 4202 latiores)
832 4139 872 4182 ex
893 4119 1026 4182 infinitis
1047 4117 1278 4201 propemodum
1296 4137 1371 4197 pus-

271 4223 347 4285 tulis
362 4221 467 4285 rubris
482 4221 619 4286 efferatis
634 4222 669 4284 in
683 4243 780 4285 unam
796 4222 951 4285 conflatae
963 4219 1178 4302 variegabant,
1193 4218 1279 4280 inter
1294 4239 1371 4300 quas

272 4347 407 4409 sparsae,
422 4326 457 4388 in
471 4325 645 4388 femoribus
662 4326 839 4409 praecipue,
854 4325 1010 4388 vesiculae
1030 4321 1186 4404 quaedam
1203 4320 1280 4383 satis
1294 4341 1369 4384 con-

272 4427 408 4512 spicuae,
438 4427 661 4491 ambustorum
695 4429 735 4492 ad
764 4429 874 4506 instar,
905 4447 976 4490 sero
1003 4422 1182 4506 limmdiore
1210 4422 1370 4486 distentae

272 4530 476 4607 eminebant3
500 4528 585 4611 quod
608 4530 735 4612 quidem
758 4531 901 4612 disrupta
920 4525 1057 4592 subinde
1077 4524 1225 4608 pellicula
1246 4525 1370 4608 copiose

272 4633 430 4709 effluebat,
448 4631 591 4713 subjecta
607 4652 702 4695 carne
722 4631 888 4715 nigredine
910 4637 942 4696 et
965 4627 1112 4712 sphacelo
1134 4627 1225 4711 quasi
1246 4627 1369 4691 affecta.

273 4735 388 4798 Rarius
403 4741 513 4797 autem
525 4733 709 4798 occsurebat
724 4735 785 4798 hoc
796 4741 862 4796 tam
879 4733 984 4796 dirum
997 4737 1187 4816 symptoma,
1198 4730 1295 4813 idque
1306 4729 1369 4812 pri-

271 4858 325 4900 mo
339 4845 468 4901 tantum
484 4853 594 4898 mense
610 4857 672 4917 qno
687 4836 765 4900 haec
785 4836 902 4918 species
917 4835 1091 4918 regnabat:
1124 4834 1184 4917 [5.]
1204 4853 1268 4915 quo
1286 4838 1369 4894 tcm-
