3825 5759
568 658 813 723 SCHEDULA
834 656 1101 724 MONITORIA
1123 661 1151 723 Ι.
1344 665 1410 727 497

592 834 687 907 Sprupi
700 834 733 889 de
745 834 830 889 Succo
843 836 987 890 Citrionrm
1000 838 1177 907 quantitatem
1188 808 1378 900 sufficientemi
1422 844 1564 895 Dauom

450 920 513 975 Fiat
525 920 706 985 electuarium,
719 920 752 973 de
763 938 816 992 quo
827 922 916 993 capiat
927 922 960 975 ad
977 923 1190 991 magnitudinem
1203 925 1279 978 nucia
1289 924 1409 978 moscha·
1426 910 1561 1022 Ῑξέξὲἑξυ

450 1016 494 1061 tae
509 1024 588 1061 mane
601 1014 629 1060 et
639 1006 704 1060 hora
719 1009 815 1077 quiuta
826 1010 983 1079 vespertina,
994 1010 1187 1079 superbibeudo
1205 1011 1259 1064 riui
1277 1012 1410 1082 sequentis
1419 1039 1556 1050 -——

445 1090 596 1147 'cochlearia
609 1094 727 1164 quinque
735 1114 776 1147 :-

301 1262 518 1334 '[Form.110.]¹
536 1262 567 1345 B,
593 1264 701 1319 Radiois
714 1264 856 1330 Paeoniae,

591 1352 727 1424 [Radicia]
742 1352 847 1409 Euulae
859 1354 1023 1425 Campanae,

516 1447 520 1455 '
590 1438 725 1508 [Micia]
740 1439 938 1511 Imperatoriae,

590 1524 725 1593 [Radieis]
739 1526 892 1597 Angelicac,
904 1544 955 1581 ana
969 1528 1076 1581 unciam
1088 1545 1179 1594 unam,

591 1610 725 1665 Foliorum
737 1612 833 1677 Rutae,

590 1696 752 1767 [Foliorum]
767 1698 881 1764 Salviae,

590 1782 753 1855 [Foliorum]
768 1784 921 1851 Betonicae,

589 1868 752 1938 [foliorum]
766 1870 972 1943 Chamaedryos,

589 1954 751 2027 [Foliorum]
766 1957 897 2012 Marrubii
910 1959 981 2022 Albi,

589 2041 780 2097 summitatum
791 2044 929 2099 Centaurii
942 2045 1066 2110 Minoris,
1074 2062 1128 2100 aaa
1136 2048 1302 2117 manipulum
1314 2066 1407 2115 unum,

589 2127 736 2182 Baccamm
748 2130 767 2182 J
770 2130 873 2200 uniperi
885 2129 1025 2184 drachmas
1036 2149 1091 2195 sex,

590 2213 708 2267 Cortioes
720 2214 833 2269 duorum
845 2215 1053 2278 Aurantiorum3

448 2298 614 2363 lucidentur,
629 2308 656 2353 et
673 2300 847 2355 infundantur
862 2302 959 2373 frigide
975 2304 1004 2356 in
1023 2302 1087 2357 Vini
1105 2304 1232 2359 Cauarini
1250 2305 1330 2360 libras
1347 2324 1408 2369 sex;

447 2385 549 2439 coletur
559 2386 743 2441 tautummodo
754 2396 871 2458 tempore
883 2406 954 2443 usus.

307 2552 408 2620 [Form.
423 2558 512 2625 lll.]¹
530 2552 562 2634 R,
588 2557 681 2625 Aquae
693 2556 781 2611 Butae
792 2558 885 2613 uncias
897 2566 1022 2628 quatuor,

589 2642 682 2711 Aquae
695 2641 859 2713 Epilepticae
872 2644 979 2713 Laugii,

588 2726 707 2797 [Aquae]
722 2729 853 2800 Bryoniae
865 2732 1043 2801 Compositae,
1055 2748 1109 2785 ana
1119 2734 1227 2786 unciam
1239 2750 1332 2797 unam,

588 2812 684 2884 Sprupi
698 2814 830 2869 Paeoniae
842 2814 981 2871 drachmas
991 2834 1038 2870 sex
1048 2838 1055 2881 ;

448 2898 549 2961 Misoe;
567 2900 614 2952 liat
627 2900 772 2970 julapium:
789 2902 877 2973 capiat
885 2900 1033 2955 cochlearia
1041 2911 1153 2972 quatuor
1159 2904 1272 2973 siugulis
1283 2904 1406 2957 noctibus

445 2986 566 3037 cubitum
577 2986 671 3049 iturus,
682 2986 835 3039 instillanda
848 2986 963 3057 Spiritus
974 2988 1065 3041 cornu
1077 2989 1156 3042 Cerri
1168 2998 1258 3060 guttas
1269 2998 1337 3044 octo.

304 3162 499 3248 Applicetur
511 3164 631 3249 plantis
645 3166 765 3250 pedum
779 3167 990 3251 emplastrum
1004 3188 1023 3232 e
1037 3188 1187 3233 oarmna

355 3272 438 3355 [2l.]
467 3270 600 3337 Quanto
614 3270 717 3354 magis
732 3271 923 3336 convalescit
938 3292 1044 3355 aeger,
1059 3278 1152 3337 tauto
1166 3272 1276 3336 minus
1289 3271 1406 3355 pedem

303 3374 413 3455 ducit;
442 3382 537 3440 tanto
565 3375 685 3459 pariter
710 3382 743 3440 et
769 3375 889 3440 diutius
915 3382 949 3441 et
974 3376 1176 3441 constamine
1204 3398 1340 3441 manum
1368 3376 1405 3440 in

302 3478 416 3543 eodem
437 3478 504 3543 situ
525 3478 680 3556 continet,
701 3484 735 3543 et
756 3478 913 3563 scyphum
935 3480 984 3544 ori
1004 3479 1108 3563 magis
1130 3478 1253 3543 dbocta
1273 3478 1326 3543 via
1346 3478 1404 3543 ad·

303 3588 430 3646 movet:
458 3602 540 3665 qnae
563 3580 741 3645 certissima
762 3590 839 3645 sunt
858 3580 979 3645 indicia
999 3587 1159 3665 quantum
1181 3580 1351 3664 profecerit
1369 3581 1406 3644 in

303 3684 443 3749 sanitate
472 3683 731 3767 redintegranda.
775 3682 830 3751 Ad
859 3704 956 3768 quam
985 3683 1117 3768 quidem
1149 3683 1405 3749 consummatius

302 3786 542 3871 perficiendam,
560 3786 636 3853 licet
656 3786 773 3851 author
789 3807 858 3851 non
881 3787 943 3851 sim
964 3792 1004 3851 ut
1025 3786 1099 3871 plus
1121 3793 1173 3851 ter
1196 3793 1348 3870 quaterve
1365 3793 1405 3850 ut

302 3889 479 3974 plurimum
494 3889 686 3974 sanguinem
697 3888 826 3955 emittat
840 3910 946 3973 aeger,
962 3896 1109 3954 attamen
1122 3890 1264 3954 remedia
1277 3890 1406 3953 cathar-

301 3992 367 4055 tica
392 4000 425 4057 et
451 3992 622 4057 alternutia
647 4012 788 4077 eousque
812 3991 848 4054 in
873 4013 968 4055 usum
996 3998 1074 4055 sunt
1098 3992 1277 4055 revocanda
1302 3991 1406 4055 donee

302 4094 479 4157 rectissime
493 4094 626 4158 taudem
640 4096 754 4158 valeat.
799 4093 843 4157 Et
859 4092 1012 4175 quoniam
1032 4092 1088 4175 qui
1101 4092 1164 4156 hoc
1177 4092 1291 4155 morbo
1306 4093 1405 4155 semel
1423 4133 1441 4151 0

301 4192 466 4273 laboravit,
481 4196 574 4259 faeilc
588 4196 761 4259 recidivam
775 4195 844 4278 pati
858 4195 969 4278 possit,
985 4215 1003 4257 e
1017 4216 1052 4258 re
1067 4194 1135 4257 fore
1149 4194 1306 4272 existimo,
1318 4201 1357 4258 ut
1371 4202 1405 4259 et

301 4296 518 4380 pertundatur
532 4298 562 4361 ei
581 4318 672 4374 vena,
688 4304 721 4361 et
740 4297 782 4360 ad
800 4296 866 4360 dies
886 4297 1008 4380 aliquot
1027 4302 1194 4379 pmgetur,
1209 4296 1260 4359 vel
1278 4316 1317 4359 ea
1334 4295 1405 4377 ipsa

301 4404 494 4481 tempestate
509 4399 587 4461 anui
602 4398 775 4480 sequentis,
787 4398 837 4460 vel
851 4398 948 4480 paulo
963 4404 1139 4480 antequam
1153 4396 1286 4460 morbus
1299 4396 1404 4479 primo
1417 4412 1464 4461 cni
1475 4429 1528 4462 me

301 4498 427 4563 invasit.
460 4498 562 4562 Saue·
575 4497 664 4562 haud
678 4497 818 4560 multum
833 4498 924 4561 abest
936 4497 1016 4580 quin
1029 4498 1107 4562 huic
1119 4498 1273 4563 methodo
1283 4500 1402 4583 epilep·
1415 4477 1488 4526 ’Μ’
1497 4480 1550 4543 ⁰¹²³·

1414 4542 1518 4607 lepsiam

301 4600 382 4665 aiam
397 4600 580 4665 adultorum
599 4599 712 4667 cedere
731 4620 823 4684 posse
842 4606 1020 4680 autumem,
1034 4600 1132 4667 modo
1149 4600 1292 4665 remedia
1310 4624 1402 4686 proe-
1413 4607 1556 4736 :23:223

301 4712 420 4795 scripta
444 4711 542 4777 aetati
572 4730 685 4777 eorum
709 4710 771 4774 rite
801 4711 1023 4795 adaequentur
1030 4738 1040 4789 3
1074 4712 1212 4791 tametsi,
1234 4734 1309 4777 oum
1334 4736 1549 4785 nonoeauuor

332 4852 344 4879 ¹
362 4840 399 4889 Cf.
413 4842 508 4889 formm.
524 4842 577 4899 183,
592 4842 644 4891 184.
959 4847 971 4869 ¹
987 4841 1199 4905 δαηι-ημηω]
1211 4858 1258 4891 om
1271 4842 1308 4893 ed,
1321 4845 1368 4893 rga,
1414 4809 1533 4849 ‘mmm’

829 4924 881 4987 bs
