3825 5759
603 636 860 703 PROOESSUS
884 635 1089 701 INTEGRI.
1332 639 1397 703 607

733 922 831 986 CAP.
853 920 963 985 lea

732 1084 782 1146 De
796 1082 957 1147 Scorbtsto.

339 1220 480 1284 Ausum
506 1223 703 1303 spontaneae
727 1217 944 1297 lassitudines,
971 1216 1112 1301 corporis
1137 1216 1294 1301 gravitas;
1325 1216 1397 1301 dys-
1411 1231 1544 1308 lebldt·

295 1343 411 1405 pnoea,
425 1323 597 1406 praecipue
617 1343 656 1385 ex
674 1329 769 1387 motu
790 1322 930 1406 corporis
938 1347 948 1400 ;
973 1321 1175 1404 gingivarum
1193 1322 1397 1405 putrefactio,
1410 1304 1515 1360 ⁸⁰¹¹Pt20·

296 1424 361 1487 oris
376 1424 601 1507 graveolentia,
617 1425 784 1508 sanguinis
799 1446 818 1489 e
832 1424 966 1488 naribus
986 1423 1100 1487 crebra
1118 1424 1262 1507 eruptio,
1286 1424 1398 1489 ambu-

295 1526 387 1590 landi
406 1526 577 1591 difficultas
585 1551 596 1605 3
618 1548 750 1592 crurum
771 1548 861 1594 nunc
880 1524 1140 1604 intumescentia,
1155 1546 1245 1588 nunc
1264 1532 1397 1591 extenu-

297 1629 381 1707 ati03
407 1629 444 1692 in
464 1628 580 1693 iisdem
600 1637 757 1714 perpetuo
778 1630 923 1695 maculae
945 1628 1072 1707 lividae,
1087 1628 1267 1711 plumbeae,
1287 1628 1398 1707 flavae,

297 1738 355 1795 aut
369 1732 548 1810 violaceae3
570 1731 663 1797 faciei
678 1733 765 1797 color
779 1734 969 1816 plerumque
984 1752 1023 1795 ex
1036 1730 1156 1814 pallido
1170 1731 1289 1795 fuscus.

345 1833 407 1917 [2.]
434 1833 635 1898 Extrahatur
660 1836 792 1918 sanguis
818 1856 837 1899 e
861 1834 994 1898 brachio
1020 1833 1062 1897 ad
1087 1833 1199 1897 uncias
1228 1840 1310 1911 octo,
1335 1832 1399 1896 nisi
1412 1846 1542 1896 ennam.

296 1934 391 2018 signa
404 1935 557 2020 hydropis
579 1936 752 2001 adfirerint.
799 1936 956 2021 Sequenti
979 1956 1075 2000 mane
1095 1935 1283 1999 exhibeatur
1305 1936 1399 2000 Potio

296 2037 473 2121 Purgativa
495 2038 695 2118 Communis,
716 2060 799 2123 quae
821 2046 987 2125 repetatur
1005 2037 1102 2103 tertia
1122 2058 1247 2121 quaque
1270 2037 1322 2102 die
1343 2058 1400 2121 per

297 2138 378 2203 duas
393 2139 471 2203 alhs
485 2140 579 2204 vices.

346 2250 408 2333 [8.]
436 2250 560 2315 Diebus
590 2272 611 2315 a
638 2252 832 2335 purgatione
860 2253 978 2331 vacuis,
1008 2256 1047 2315 ut
1077 2251 1174 2315 etiam
1202 2256 1314 2335 postea
1342 2272 1400 2335 per

296 2372 443 2416 mensem
457 2374 561 2416 uuum
575 2353 626 2417 vel
641 2354 789 2433 alterum,
806 2362 912 2419 sumat
928 2355 1096 2439 sequentia
1105 2380 1158 2419 :-

297 2486 399 2549 [Foma
411 2486 507 2549 261.]¹
529 2485 561 2565 R,
581 2488 731 2541 conservae
743 2490 914 2542 Cochlaariae
927 2488 1068 2542 Hortensia
1080 2490 1172 2543 uncias
1184 2490 1258 2553 duas,

578 2572 727 2627 Conservae
739 2572 853 2643 Lujulae
863 2574 972 2627 undam
984 2590 1074 2637 unam,

578 2658 699 2712 Pulveris
710 2660 758 2712 Ari
770 2661 918 2729 Conpositi
930 2660 1069 2713 drachmas
1080 2676 1135 2724 sex,

579 2760 641 2797 cum
653 2744 798 2798 sufficieme
807 2746 958 2813 quantitate
971 2744 1066 2814 Syr-api
1077 2745 1281 2809 Aumatium,

437 2826 500 2881 Fiat
508 2829 688 2893 electuarium,
695 2829 729 2883 dc
740 2847 794 2899 quo
802 2832 891 2900 capiat
898 2829 933 2884 ad
941 2830 1155 2900 magnitudinem
1163 2830 1239 2883 nucis
1248 2830 1398 2883 moschatse

438 2916 546 2985 majoris
556 2932 644 2981 mane,
656 2917 752 2986 quinta
761 2916 951 2987 pomeridiana,
963 2924 990 2970 et
1005 2924 1091 2980 nocte,
1102 2916 1293 2986 superbihendo
1305 2919 1398 2986 Aquae

436 3001 560 3073 Raphani
572 3003 744 3073 Compositae
754 3004 900 3058 cochlearia
911 3021 967 3070 sex,
979 3004 1021 3057 vel
1032 3004 1164 3075 sequentis
1172 3026 1215 3057 :-

297 3116 398 3181 [Fona.
410 3120 486 3185 262]
528 3117 560 3201 R
579 3122 689 3175 Bsdicis
699 3120 825 3192 Raphani
835 3122 976 3176 Rusticani
987 3132 1107 3194 raspatae
1118 3122 1199 3177 libras
1210 3122 1285 3185 duas,

579 3208 689 3263 Radicis
700 3211 747 3263 Ari
758 3210 853 3263 libram
865 3226 956 3274 unam,

577 3294 601 3347 F
601 3296 712 3348 oliomm
725 3296 895 3350 Cocbleariae
907 3296 1048 3349 Hortensia
1060 3294 1208 3366 manipulos
1220 3294 1367 3359 duodecim,

579 3380 713 3434 Foliorum
726 3381 865 3444 Menthae,

579 3463 617 3527 [F
617 3467 743 3539 oliorum]
756 3468 871 3534 Salviae,

579 3550 743 3624 [Foliorum]
757 3554 889 3609 Nasturcii
901 3556 1035 3626 Aquatici,

580 3635 744 3709 [Foliorum]
757 3640 960 3712 Beceabungae,
972 3658 1025 3695 aaa
1035 3642 1184 3713 manipulos
1195 3658 1253 3706 sex,

580 3724 717 3778 Semimn
731 3727 902 3781 cochlearius
917 3728 1058 3783 Hortensia
1075 3746 1169 3799 parum
1181 3738 1348 3783 contusorum
1366 3728 1398 3781 ll-

614 3812 691 3867 bran
704 3811 853 3878 dimidiam,

580 3898 666 3952 Nueis
677 3898 834 3954 Moschatae
846 3900 1030 3963 semiuncmm,

581 3986 647 4040 Vini
658 3988 721 4042 Albi
732 3988 813 4042 libras
824 3986 981 4050 duodecim

438 4075 615 4129 Destillentur
626 4077 735 4145 organis
745 4076 938 4140 communibus,
949 4084 978 4129 et
989 4074 1128 4129 eliciamm
1139 4075 1304 4129 solummodo
1315 4074 1398 4127 librae

437 4178 485 4213 sex
495 4178 543 4231 pro
555 4179 614 4215 usu.

345 4277 407 4360 [4.]
435 4278 499 4341 Vel
512 4279 591 4345 folia
609 4283 753 4346 recentia
771 4282 967 4347 cochlearius
985 4280 1147 4345 hortensis
1164 4300 1223 4365 per
1237 4300 1272 4343 se
1289 4279 1398 4343 destil-

297 4380 407 4443 lentur
423 4402 484 4464 pro
497 4402 561 4446 usu
583 4383 679 4448 dicto.
725 4386 826 4449 Poma
848 4406 988 4469 sequens
1008 4384 1158 4449 cerevisia
1179 4383 1221 4447 sit
1240 4404 1299 4468 pro
1320 4388 1400 4466 potu

297 4481 460 4546 ordinario
471 4509 524 4547 :—

300 4615 491 4681 [mamaea]
528 4614 560 4684 R
580 4618 689 4673 Radicis
696 4618 821 4690 Raphani
828 4619 1168 4675 Rusticanirecentisincisi
1177 4618 1316 4672 drachmas
1326 4618 1402 4681 duas,

581 4704 658 4758 Folia
669 4706 839 4761 Cochleariae
851 4706 994 4761 Hortensia
1006 4704 1154 4770 duodecim,

367 4818 381 4854 ‘l
399 4810 439 4859 Οἱ.
451 4814 544 4863 ctare.
556 4818 621 4865 uest.
631 4817 663 4866 vi.
674 4820 697 4866 t.
710 4820 725 4867 9
737 4835 772 4881 sq.
1131 4822 1142 4850 ¹
1164 4818 1202 4865 Cf.
1214 4817 1283 4865 sonu.
1296 4818 1335 4864 41.
