3825 5759
516 674 815 742 DIssERuArIo
837 677 1144 742 EPISTOLARIS.
1321 675 1393 738 337·

327 835 432 914 Adde,
448 835 534 918 quod
550 835 681 919 sanguis
702 843 735 901 et
756 839 872 923 reliqui
893 840 1045 904 humores
1063 840 1115 903 his
1134 838 1238 904 modis
1260 836 1383 901 excale-
1401 849 1549 896 navim--

283 937 369 1016 facti,
396 937 521 1001 fortiori
549 938 819 1020 particularum
809 941 1011 1025 impressioni
1043 942 1223 1025 promptius
1252 939 1383 1018 cedunt,
1399 914 1543 1028 ζῗξιξῗ

283 1040 372 1102 unde
391 1040 500 1122 plures
520 1061 617 1122 quam
637 1063 689 1105 res
708 1043 893 1125 postulabat
912 1053 1085 1128 emergrmt
1104 1045 1264 1128 pustulae,
1280 1051 1314 1108 et
1333 1064 1385 1106 ae·
1401 1042 1543 1054 ‘⁸‘

285 1163 352 1224 ger,
368 1142 461 1205 nulla
480 1143 672 1208 necessitate
695 1145 865 1226 cogente,
856 1167 892 1208 ιιι
905 1146 991 1210 vitae
1013 1145 1185 1210 discrimen
1204 1145 1384 1230 conjicitur.

287 1243 427 1309 Quando
447 1245 629 1328 oppositum
650 1245 727 1310 huie
747 1247 903 1329 regimen,
920 1254 952 1312 et
972 1247 1098 1312 modice
1114 1247 1384 1330 ffigidinsculum,
1398 1270 1448 1311 eat
1457 1277 1510 1310 mo-

286 1353 384 1427 atquc
399 1346 482 1409 aeris
497 1367 576 1409 usus
591 1345 729 1426 liberior,
742 1369 809 1411 non
827 1355 959 1412 tantum
972 1348 1166 1412 servidarnm
1180 1369 1218 1412 ac
1231 1349 1384 1413 ferocien-
1398 1328 1451 1440 5}oe
1442 1327 1527 1439 aeffiffl'

285 1449 371 1514 tium
392 1449 670 1532 particulamm'
641 1471 707 1512 vim
726 1451 882 1530 retundit,
899 1451 956 1514 sed
978 1449 1076 1514 ctiam
1095 1450 1272 1514 condensat
1290 1451 1412 1516 obfirae
1412 1455 1535 1504 emmona.

286 1558 355 1616 mat
357 1573 420 1634 que
441 1551 604 1630 humores,
621 1573 684 1635 quo
704 1573 738 1616 se
752 1552 888 1616 validius
910 1551 1077 1636 spiritibus
1098 1553 1270 1618 morbificis
1289 1574 1387 1636 oppo-

285 1662 378 1732 nant,
395 1661 492 1737 atque
512 1653 689 1717 eorundem
709 1654 891 1719 sustineant
908 1655 1077 1738 impetum,
1092 1654 1181 1718 unde
1199 1675 1267 1718 non
1286 1655 1391 1738 major

285 1757 441 1820 materiae
452 1755 637 1821 Variolosae
650 1756 743 1841 'copia
757 1757 925 1835 conflatur,
941 1777 1039 1840 quam
1053 1777 1112 1840 pro
1126 1756 1270 1839 genuina
1282 1755 1389 1819 morbi

285 1857 404 1922 indole.

331 1959 417 2047 [la]
444 1961 509 2026 Sed
526 1982 587 2026 nec
606 1962 702 2026 unico
721 1963 783 2028 hoc
803 1963 1008 2028 incommodo
1025 1963 1123 2046 (quod
1143 1962 1265 2026 scilicet
1286 1961 1390 2026 nimia

285 2063 440 2127 materiae
462 2064 647 2129 morbificae
667 2067 831 2148 quantitas
854 2067 1059 2145 assimiletur,
1077 2075 1111 2130 et
1133 2065 1391 2150 superexaltetur

286 2165 482 2230 fermentum
505 2166 632 2250 morbi)
657 2168 816 2231 multatur
837 2167 864 2231 is
891 2167 948 2250 qui
970 2168 1062 2252 justo
1082 2167 1178 2232 citius
1203 2166 1245 2230 ad
1266 2166 1393 2230 lectum

288 2266 461 2331 damnatm
469 2293 478 2346 ;
502 2275 535 2332 at
551 2290 591 2332 ex
606 2269 719 2334 eodem
733 2270 825 2334 fonte
844 2269 1027 2354 saepissime
1042 2270 1209 2353 profluunt
1223 2276 1295 2333 tum
1309 2270 1390 2334 mic-

286 2373 340 2430 tns
377 2369 585 2451 sanguinem,
618 2377 691 2434 tum
728 2372 827 2436 etiam
863 2373 1010 2436 maculae
1045 2393 1236 2456 purpureae,
1268 2372 1390 2436 aestim

286 2473 425 2536 maxime
440 2481 594 2557 tempore,
610 2482 707 2559 atque
722 2477 757 2538 in
769 2476 904 2559 juventa
918 2475 1025 2539 adbuc
1044 2475 1244 2539 florentibus.
1290 2475 1389 2537 Utra-

289 2596 351 2658 que
376 2574 456 2640 haec
486 2583 703 2660 symptomata
730 2576 806 2658 (nisi
830 2576 924 2639 fallor
953 2576 1036 2658 ego,)
1062 2582 1171 2639 ortum
1196 2573 1321 2637 ducimt
1347 2573 1389 2636 ab

288 2683 381 2740 aestu
395 2685 428 2741 et
442 2677 549 2741 furore
563 2678 599 2740 in
615 2698 710 2760 quem
727 2678 835 2761 agitur
850 2676 982 2758 sanguis
997 2674 1228 2740 aferventibus
1249 2681 1283 2737 et
1297 2674 1390 2757 spiri·

287 2777 389 2840 tuosis
405 2776 579 2860 particulis,
596 2777 746 2860 aquibus
762 2777 942 2860 exagitatus
962 2783 1060 2859 atque
1073 2775 1245 2857 insigniter
1259 2781 1388 2838 attenu-

290 2885 363 2940 atus
384 2897 532 2940 vasorum
551 2878 692 2941 claustra
713 2877 880 2959 diffringit,
907 2896 996 2940 nunc
1018 2877 1054 2938 in
1075 2875 1178 2938 mictu
1201 2875 1390 2956 sanguineo,

290 2979 415 3062 quoties
429 2980 465 3042 in
479 3001 573 3044 renes
586 2980 691 3057 irruit,
702 2999 791 3042 nunc
804 2977 975 3062 purpureis
989 2977 1025 3040 in
1038 2975 1184 3052 maculis,
1194 2974 1319 3057 quoties
1332 2995 1390 3058 per

290 3083 481 3147 arteriarum
511 3083 732 3146 extremitates
756 3081 792 3144 in
815 3081 978 3145 musculos
999 3087 1033 3144 et
1058 3084 1168 3142 cutem
1189 3076 1390 3155 terminatas,

288 3186 490 3270 percolatur;
518 3185 606 3250 unde
636 3185 772 3250 totidem
799 3183 890 3267 quasi
915 3182 1052 3264 cpbcceli
1077 3179 1270 3244 oboriuntur
1289 3179 1330 3242 iis
1353 3178 1392 3242 in

288 3286 435 3370 partibus
450 3286 485 3350 in
500 3287 618 3371 quibus
637 3293 856 3351 extravasatus
880 3284 1012 3368 sanguis
1034 3282 1235 3366 coagulatur.
1278 3282 1391 3364 Atque

288 3396 328 3452 ut
352 3390 534 3471 praecaveri
555 3389 648 3454 facile
671 3396 822 3473 poterant
846 3388 911 3452 duo
932 3387 1014 3451 haee
1037 3391 1255 3470 symptomata
1277 3383 1392 3467 primis

289 3492 394 3556 morbi
414 3491 537 3571 diebus,
555 3493 672 3576 quibus
686 3493 876 3576 plerumque
895 3491 1046 3568 emicant,
1062 3489 1220 3572 regimine
1235 3494 1269 3552 et
1283 3488 1392 3553 diaeta

289 3595 325 3658 in
351 3593 506 3677 frigidum
535 3594 753 3678 vergentibus,
784 3594 831 3658 ita
860 3593 916 3657 ubi
942 3594 1012 3676 jam
1036 3599 1112 3655 actu
1140 3590 1389 3674 comparuerint,

288 3697 410 3781 pariter
431 3719 560 3780 operam
583 3697 693 3762 ludet⁸
713 3697 768 3780 qui
788 3697 902 3762 iisdem
921 3696 1045 3761 mederi
1061 3694 1240 3772 conabitur,
1257 3715 1391 3777 aegrum

288 3799 374 3864 lecto
395 3797 591 3864 includendo
613 3805 646 3862 et
668 3799 815 3864 cardiace
837 3798 1029 3878 exhibendo,
1054 3819 1092 3863 ac
1112 3797 1240 3862 luderet
1263 3797 1391 3860 anicula

291 3921 373 3984 qnae
390 3901 525 3966 nimiam
545 3923 646 3986 aquae
668 3903 704 3964 in
725 3902 789 3966 olla
808 3902 1041 3980 ebullitionem,
1055 3900 1125 3985 igni
1145 3899 1293 3964 fomitem
1315 3898 1390 3964 sub-

290 4004 513 4084 ministrando,
530 4006 746 4070 sufflaminare
761 4014 896 4090 satagat.

294 4105 417 4190 [la]
438 4105 503 4170 Sed
515 4108 566 4222 tut
580 4128 692 4171 verum
707 4107 867 4172 fateamur
867 4111 889 4223 ’.¹
903 4115 980 4172 utut
994 4106 1203 4172 offendantur
1217 4105 1479 4186 dogmaticilnu
1417 4135 1479 4182 ιιι
1479 4135 1529 4168 ιιι
1515 4137 1544 4168 ι.

290 4217 324 4272 et
338 4210 436 4293 hujus
450 4211 498 4273 rei
513 4209 628 4292 ignari,
640 4231 678 4274 ac
691 4208 848 4294 proinde
839 4210 944 4292 miqui
934 4208 1091 4292 'judices,
1105 4227 1173 4269 non
1188 4205 1292 4268 solum
1306 4204 1432 4294 malebe
1402 4198 1432 4231 ⁸¹¹
1433 4199 1530 4294 “⁸2¹¹
1483 4185 1543 4232 ‘¹¹‘

291 4318 402 4376 tutum
430 4311 529 4374 fuerit
559 4332 692 4394 aegmm
717 4311 829 4393 primis
858 4309 972 4372 diebus
998 4307 1116 4372 lectrrlo
1142 4305 1267 4388 jugiter
1293 4305 1390 4386 affigi,
1402 4248 1512 4422 Ξιιοειιὲι

290 4433 403 4478 uenam
424 4412 587 4478 enimvero
607 4420 657 4476 est
676 4411 733 4474 ubi
753 4432 848 4493 aeger
866 4410 968 4474 libero
988 4408 1055 4473 a'e'ri
1073 4407 1206 4470 omnino
1225 4413 1275 4469 est
1296 4376 1419 4488 eupo‘l

291 4511 429 4594 neudus,
452 4515 479 4578 si
501 4523 605 4579 aestas
631 4513 751 4578 scilicet
773 4512 881 4588 brerit,
904 4517 1002 4592 atque
1028 4529 1123 4592 aeger
1144 4508 1269 4574 aetatis
1278 4509 1393 4572 florem

291 4621 439 4686 nondum
464 4628 729 4704 praetergressus,
753 4625 809 4682 aut
835 4617 1013 4699 liquoribus
1035 4615 1213 4698 ιριιιιιιοιιι
1235 4625 1392 4695 assuetus,
1424 4655 1431 4662 -

292 4724 480 4808 praesertim
501 4724 529 4786 si
546 4722 679 4786 morbus
698 4721 817 4785 nimiae
836 4717 1069 4803 compotationi
1088 4717 1246 4800 originem
1267 4720 1393 4784 debeat.

295 4883 300 4890 -
326 4855 338 4892 Ι
354 4853 368 4878 “
379 4852 486 4914 Operam
498 4849 632 4908 ludimus,''
647 4849 741 4910 (Plaut.
754 4849 839 4897 Pseud.
853 4847 867 4895 ι
882 4847 903 4894 3.
918 4843 986 4909 185.)
998 4844 1013 4893 i.
1027 4860 1047 4892 e.
1057 4841 1246 4906 operomsrastrc
1256 4847 1394 4895 insumimus.

818 4949 839 4991 X
855 4949 875 4988 X
