3825 5759
445 648 844 735 onsaatamonuu
866 664 1154 734 nemeaeum
1175 683 1201 738 1.
1219 690 1247 739 a.
1349 672 1390 734 91

286 831 408 917 quippe
423 830 509 915 quod
520 852 579 895 sua
593 850 683 895 mora
697 830 790 895 malis
801 830 988 916 hujusmodi
1002 831 1171 895 materiam
1185 828 1390 915 praebuerit:
1423 842 1529 894 Faunae

287 954 474 1018 quanquam
495 932 571 996 licet
592 932 645 997 hic
673 933 736 996 loci
765 954 832 997 non
861 932 1137 997 contemnendum
1166 932 1390 1017 symptomatis
1404 908 1543 1022 Ᾰζζξξζη

287 1056 392 1118 genus
407 1035 536 1113 referre,
552 1033 639 1118 quod
661 1056 729 1097 non
750 1042 882 1098 tantum
901 1034 1148 1118 purgationibus
1163 1042 1197 1099 et
1212 1036 1390 1100 evacuatio-
1426 1038 1528 1085 ’⁶¹·'⁶t

1404 1106 1545 1119 r-—u

286 1138 385 1202 nibus
410 1138 480 1201 aliis
504 1136 759 1220 quibuscunque,
778 1137 1029 1201 venae-sectioni
1052 1138 1252 1220 praesertim,
1276 1138 1390 1201 cedere

287 1240 493 1321 dedignatur,
508 1259 619 1302 verum
635 1245 668 1301 et
684 1238 724 1302 ab
744 1238 808 1302 illis
822 1238 904 1303 vires
920 1238 981 1303 sibi
997 1238 1143 1321 acquirit.
1179 1240 1267 1303 Illud
1282 1251 1389 1303 autem
1403 1253 1488 1302 Manu
1499 1271 1542 1319 pe

286 1342 457 1427 peculiaris
472 1341 632 1424 quaedam
646 1347 695 1405 est
711 1362 748 1404 ac
766 1341 817 1404 sui
832 1341 959 1425 generis
972 1338 1097 1420 Mania,
1107 1341 1388 1407 Intermittentesn
1402 1318 1544 1433 {Jrlgffin

289 1444 509 1507 diuturniores
528 1442 725 1525 (Quartanas
740 1443 932 1526 praecipua)
955 1463 1192 1524 nonnunquam
1208 1444 1388 1527 excipiens3
1402 1448 1541 1521 teruntur.

288 1566 371 1631 quae
397 1566 603 1611 communem
625 1544 807 1609 medicandi
830 1544 991 1610 rationem
1013 1552 1236 1627 aspernatum,
1258 1553 1292 1610 et
1315 1526 1536 1638 post'iissfgff

287 1648 512 1715 evacuationes
525 1647 673 1711 fortiores
693 1646 853 1711 adhibitas
868 1647 904 1711 in
926 1646 1078 1711 miseram
1098 1646 1262 1731 quandam
1282 1648 1389 1712 stulti·
1402 1640 1474 1751 nidi
1485 1641 1538 1689 ¹⁰¹¹·

286 1752 368 1815 tiam
383 1751 611 1834 degeneranst,
626 1770 694 1813 non
712 1749 774 1812 nisi
794 1770 869 1813 oum
886 1750 956 1833 ipsa
971 1768 1141 1832 aegrorum
1156 1748 1222 1812 vita
1235 1749 1388 1814 termina·
1401 1717 1432 1813 ia
1443 1720 1537 1815 edim

287 1860 373 1919 tura
424 1852 507 1937 [aa]
535 1852 741 1935 Miratusque
756 1872 986 1935 saepenumero
1001 1873 1071 1915 sum
1087 1851 1212 1915 nullam
1226 1850 1324 1936 hujus
1340 1852 1388 1916 rei
1400 1845 1546 1954 {ffssuffi

287 1954 488 2021 mentionem
512 1952 552 2019 ab
574 1953 740 2018 autoribus
760 1953 880 2018 factam
900 1954 1098 2033 linaearum
1123 1974 1190 2017 non
1211 1974 1284 2019 raro
1306 1954 1387 2018 acci-
1400 1959 1532 2033 discissos.

288 2056 372 2123 disse
392 2056 536 2121 viderim.
583 2056 667 2123 Cum
681 2056 840 2138 reliquae¹
855 2056 1015 2121 amentiae
1031 2055 1152 2139 species
1166 2055 1301 2140 copiosis
1316 2077 1387 2120 eva·
1400 2022 1540 2151 {¹5dele

287 2158 491 2227 mationibus
514 2164 548 2223 et
568 2152 825 2224 venae-sectione
845 2164 878 2223 et
897 2157 1037 2223 oatharsi
1058 2164 1097 2221 ut
1118 2157 1295 2241 plurimum
1316 2179 1388 2243 per-
1400 2156 1523 2203 mann:

287 2267 454 2341 sanentur,
469 2261 548 2325 haec
568 2266 718 2325 neutram
738 2264 845 2343 potest
862 2259 967 2337 ferre3
990 2259 1047 2324 sed
1066 2280 1141 2323 cum
1152 2261 1222 2344 jam
1240 2282 1336 2345 aeger
1352 2262 1388 2324 in
1400 2232 1539 2344 discidiis,

286 2364 435 2428 sanitatis
456 2362 568 2427 limine
590 2368 650 2439 est,
665 2362 693 2425 si
714 2362 764 2426 vel
786 2382 900 2426 enema
922 2383 962 2427 ex
980 2362 1063 2427 lacte
1085 2363 1269 2429 saccharato
1288 2365 1388 2429 semel
1399 2349 1543 2459 pichathm

286 2464 445 2550 injeceris,
461 2464 571 2529 statim
594 2462 634 2528 de
652 2484 734 2527 novo
753 2463 954 2530 recrudescat
972 2465 1095 2528 malurn
1104 2490 1115 2543 ς
1138 2472 1171 2528 et
1186 2465 1214 2529 si
1227 2466 1387 2531 reiteratis
1399 2429 1535 2539 embuoepdn

286 2566 533 2651 purgationibus
569 2566 888 2649 venae-sectioneque
924 2566 1192 2647 contradamur,
1229 2568 1388 2653 ejusmodi
1400 2542 1525 2592 ‘mm

287 2670 510 2735 evacuationes
525 2667 630 2733 morbi
639 2668 769 2752 quidem
784 2668 935 2733 ferociam
950 2676 1086 2752 possunt
1102 2670 1242 2748 domare,
1254 2692 1386 2753 aegrum

287 2792 360 2836 vero
390 2771 567 2836 certissime
596 2792 663 2835 non
692 2776 823 2835 tantum
856 2770 995 2849 fatuum,
1026 2771 1083 2835 sed
1112 2778 1146 2834 et
1174 2771 1388 2836 incurabilem

287 2874 420 2939 omnino
434 2873 581 2939 reddent.
628 2872 724 2941 Quod
746 2872 877 2958 quidem
892 2892 989 2935 nemo
1009 2870 1190 2950 mirabitur,
1207 2873 1262 2955 qui
1277 2893 1388 2937 secum

286 2976 482 3061 reputaverit
508 2978 643 3041 alteram
672 2974 832 3041 amentiae
858 2974 997 3057 speciem
1022 2996 1042 3037 a
1066 2974 1164 3037 nimis
1187 2974 1328 3037 exultata
1353 2982 1388 3040 et

286 3080 392 3143 vivida
405 3078 571 3163 sanguinis
594 3078 675 3143 crasi
691 3077 835 3162 produci,
850 3076 935 3141 hanc
951 3097 1027 3141 vero
1047 3076 1087 3141 ab
1105 3076 1250 3161 ejusdem
1274 3076 1387 3140 debili-

286 3188 356 3247 tate
380 3188 413 3246 et
439 3182 487 3265 (ut
511 3182 558 3247 ita
580 3178 706 3265 dicam)
733 3180 915 3263 vapiditate,
940 3202 961 3243 a
982 3178 1110 3244 diutina
1138 3178 1387 3245 fermentatione

287 3306 385 3368 quam
413 3282 534 3348 invexit
564 3284 684 3363 Febris,
716 3304 780 3367 qua
808 3281 972 3347 mediante
1002 3282 1134 3366 spiritus
1164 3283 1388 3349 functionibus

288 3386 481 3454 animalibus
496 3386 652 3452 obeundis
667 3386 804 3471 impares
819 3386 915 3470 plane
930 3392 1017 3449 sunt.

337 3492 419 3576 [55.]
449 3490 537 3556 Huic
558 3490 644 3555 malo
666 3489 708 3553 ad
729 3488 817 3553 huno
839 3490 972 3555 modum
993 3490 1115 3555 mederi
1137 3491 1233 3556 soleo.
1278 3492 1387 3576 Aegro

289 3600 339 3658 ter
355 3594 391 3658 in
417 3593 469 3658 die
489 3592 670 3657 cardiacum
691 3591 820 3675 aliquod
840 3613 858 3657 e
879 3592 1136 3676 generosioribus
1155 3593 1300 3672 exhibeo,
1317 3594 1386 3659 dosi

290 3698 385 3781 paulo
414 3695 586 3760 liberaliori
598 3720 607 3773 3
638 3694 775 3778 exempli
805 3696 917 3779 gratia,
948 3696 1126 3761 theriacam
1151 3697 1381 3775 Andromachi,

292 3798 500 3864 electuarium
515 3797 556 3862 de
576 3818 644 3876 ovo,
660 3796 820 3881 pulverem
839 3796 1042 3876 Comitissae,
1058 3800 1222 3881 pulverem
1239 3800 1388 3864 Gualteri

295 3901 455 3983 Raleigh¹,
470 3900 521 3964 vel
541 3900 688 3977 similem,
704 3900 739 3962 in
755 3920 838 3983 aqua
858 3899 1042 3983 epidemica,
1058 3900 1234 3980 theriaeali,
1249 3902 1299 3965 vel
1314 3902 1386 3965 alia.

292 4002 431 4068 Possunt
454 4002 552 4067 etiam
569 4002 604 4065 in
620 4002 682 4065 alia
702 4002 811 4085 quavis
832 4002 936 4065 forma
953 4002 1097 4066 exbiberi
1120 4004 1265 4069 cardiace
1285 4004 1386 4067 medi-

292 4112 448 4171 camenta.
493 4102 600 4188 Aeger
619 4104 750 4167 interim
764 4104 852 4169 victu
867 4103 997 4187 quidem
1016 4104 1191 4184 moderato,
1208 4105 1387 4188 analeptico

323 4280 564 4344 'latam-erem]
583 4298 641 4343 qaue
663 4282 747 4329 Febrer
764 4283 816 4329 Aa·
892 4286 901 4309 ¹
920 4282 976 4327 Cum
992 4283 1094 4341 ratiqwe
1111 4278 1164 4342 dfe]
1187 4278 1293 4339 Reliqua
1314 4279 1389 4340 hujus

293 4350 402 4395 tumnultu
419 4362 576 4408 nonnunquam
593 4348 678 4406 excipit
688 4364 695 4391 :
706 4342 817 4405 fortassis
861 4358 913 4405 cap.
925 4359 973 4390 om.
987 4344 1040 4390 edd
1053 4343 1100 4399 ’66,
1110 4345 1158 4399 ’68,
1168 4348 1192 4389 et
1206 4342 1260 4388 add.
1272 4357 1334 4404 qnae
1348 4357 1387 4390 ae-

288 4414 383 4471 manac
398 4410 439 4465 (re
449 4412 518 4469 prote
526 4410 663 4471 perpensa)
674 4412 817 4457 statuendum
862 4414 972 4469 quuntur
980 4408 1057 4455 :-De
1065 4424 1121 4454 curn
1129 4409 1192 4454 itlius
1199 4408 1258 4452 nibil
1265 4410 1321 4453 niti
1328 4422 1389 4454 nune

292 4478 412 4531 uidebitur,
425 4474 518 4521 Munius
534 4475 664 4533 complures,
683 4488 740 4533 quur
757 4488 815 4520 rom·
861 4473 981 4519 dicendum
991 4473 1098 4525 videtum
1112 4472 1235 4517 tteetenim
1246 4472 1309 4518 baud
1316 4475 1388 4531 pauci

293 4554 379 4585 aunem
390 4537 493 4599 &eedd
506 4536 614 4593 ’66,'68.
861 4539 944 4590 retunt,
967 4550 1002 4582 ne
1023 4550 1067 4581 aon
1090 4536 1138 4581 uine
1156 4549 1388 4594 prosperatorem

302 4612 305 4623 '
325 4602 337 4626 ⁶
353 4598 502 4661 mpemutur]
514 4606 632 4646 -rsuntur
643 4598 751 4655 edunto,
761 4600 808 4647 ’68.
862 4606 973 4645 tructusu
991 4600 1051 4645 tune
1065 4600 1173 4655 morbum,
1194 4600 1291 4645 mudum
1313 4607 1388 4646 tanuen

326 4676 338 4709 r
354 4663 507 4726 degenerum]
516 4669 627 4725 -rprm
638 4662 690 4709 edd.
701 4663 750 4721 ’66,
762 4664 809 4709 ’68.
861 4665 938 4709 uideor
945 4678 992 4708 rens
1003 4664 1075 4723 ipsun
1083 4678 1127 4722 pro
1137 4664 1252 4723 dignitate
1262 4666 1320 4709 rutis
1328 4678 1386 4721 pen-

326 4734 336 4764 t
353 4726 457 4789 terasia]
466 4730 617 4775 terminantur
622 4744 630 4778 .·
642 4727 700 4785 tus(
703 4730 801 4787 inquom,
804 4726 818 4785 )
862 4730 950 4783 situtae,
963 4733 988 4771 at
999 4741 1050 4772 cura
1058 4728 1168 4786 prudenti
1177 4727 1267 4784 fiducia
1283 4728 1387 4773 medendi

291 4794 412 4851 plerasque
425 4806 497 4839 omncs
515 4791 627 4838 ratribus
644 4791 819 4836 Antumnalitnr
863 4793 972 4837 rationem
979 4792 1072 4850 publice
1084 4805 1198 4849 exponunt.

295 4856 474 4902 diuturnioribus
485 4854 637 4915 anpenunisse
649 4852 701 4901 edd.
715 4854 762 4910 ’66,
772 4854 817 4901 'ou
896 4859 904 4881 ¹
921 4854 1033 4916 murga]
1048 4854 1192 4915 ltonglletgt
1203 4848 1240 4896 ed.
1254 4850 1300 4900 76.
