3825 5759
525 664 569 726 60
679 700 682 707 »
830 664 1024 728 'Pl-IOMAE
1049 663 1307 727 SYDENHAM

395 841 493 891 ressa
526 823 622 887 cardo
640 824 686 887 rei
708 814 913 903 vertitur,'irt
935 824 1052 887 idoneo
1069 824 1176 907 aliquo
1201 823 1436 888 medicamento
1457 824 1626 907 sanguinis

374 907 513 1019 fflffiq
526 926 708 990 ebullitioni
731 926 878 991 fraenum
907 927 1101 1010 imponatur,
1132 925 1218 1009 quod
1246 926 1339 990 sistat
1364 928 1507 1009 figatque
1538 927 1626 991 illius

373 1036 495 1110 &¹:94-
527 1030 682 1112 impetum
705 1030 738 1092 in
766 1030 952 1113 praecipitia
973 1050 1118 1111 quaeque
1141 1036 1299 1092 ruentem.
1344 1030 1469 1094 Verum
1495 1030 1625 1114 quidem

527 1138 587 1208 est,
604 1130 630 1193 si
650 1138 830 1215 symptoma
849 1132 979 1195 seorsim
999 1139 1170 1214 spectetur,
1186 1152 1225 1194 ea
1243 1151 1324 1213 quae
1346 1152 1444 1214 supra
1457 1152 1625 1195 enumera-

528 1233 631 1296 vimus
645 1234 693 1314 (ac
704 1236 992 1298 venae-sectionem
1007 1234 1230 1317 potissimum)
1244 1232 1448 1297 accommoda
1457 1233 1536 1295 satis
1545 1252 1625 1309 esse,

528 1356 588 1398 nec
603 1356 663 1418 ego
684 1336 752 1419 ipse
772 1336 952 1401 dubitarem
968 1337 1081 1400 iisdem
1096 1336 1164 1413 uti;
1187 1335 1244 1399 sed
1265 1356 1382 1418 nempe
1402 1335 1626 1418 symptomatis

528 1437 625 1521 hujus
645 1459 773 1502 causam
796 1439 920 1521 (saltem
941 1439 969 1501 si
988 1438 1236 1522 phlebotomiam
1258 1437 1441 1521 exceperis)
1458 1458 1525 1501 non
1547 1438 1625 1501 satis

527 1540 705 1623 attingunt,
729 1562 823 1624 quam
845 1542 989 1625 profecto
1010 1562 1080 1604 non
1102 1540 1215 1623 majori
1236 1540 1362 1603 ratione
1383 1560 1441 1623 per
1461 1538 1627 1622 praedicta

527 1644 668 1721 tolleres,
690 1666 785 1727 quam
808 1645 834 1707 si
858 1644 965 1727 gladio
988 1645 1097 1725 ignem
1122 1643 1313 1725 extinguere
1337 1650 1508 1725 satageres.
1552 1642 1626 1725 Ego

526 1747 636 1829 itaque
647 1746 680 1809 in
693 1746 753 1810 hoc
764 1768 849 1824 casu,
858 1748 980 1810 frustra
989 1746 1059 1809 aliis
1068 1746 1213 1823 tentatis,
1222 1745 1288 1809 tale
1299 1744 1462 1828 quidpiam
1472 1744 1625 1809 adhibere

526 1850 621 1927 soleo,
638 1850 730 1932 quale
747 1870 834 1913 nunc
850 1849 1037 1913 subnectam
1051 1874 1104 1911 :-

528 1974 626 2045 [Fcrm.
642 1975 696 2043 ll.]
734 1973 765 2051 R
795 1978 886 2045 Aquae
901 1976 1065 2039 Portulacae‚

791 2062 906 2133 [Aquae]
923 2062 1064 2131 Papaveris
1079 2061 1200 2124 Erratici,
1212 2078 1264 2113 aaa
1275 2061 1479 2130 sesquiunciam,

791 2150 886 2218 Syrupi
899 2148 931 2201 de
945 2148 1083 2201 Maeonior
1094 2146 1236 2199 drachmas
1247 2164 1303 2211 sex,

790 2235 886 2305 Syrupi
900 2235 1068 2306 Paralyaeos¹
1078 2235 1256 2297 semunciam

669 2322 755 2375 Misce
766 2342 772 2385 ;
791 2323 837 2375 liat
848 2322 966 2375 haustus.

372 2445 500 2573 filfflm
534 2463 616 2547 [49.]
643 2464 754 2527 Nolim
774 2471 882 2527 autem
901 2464 981 2527 haec
995 2464 1042 2527 ita
1056 2464 1206 2545 intelligi,
1227 2464 1319 2548 quasi
1336 2465 1624 2549 Haemorrhagiam

372 2576 513 2636 pensitan-
528 2564 703 2648 quamlibet
717 2566 764 2629 ita
778 2566 887 2629 statim
909 2566 1015 2629 curari
1028 2566 1133 2643 velim,
1149 2567 1226 2649 quin
1242 2569 1349 2650 potins
1371 2568 1427 2630 illa
1441 2589 1534 2651 saepe
1553 2590 1625 2652 per·

373 2638 514 2765 ἓζζᾚξξῑε
527 2667 686 2731 mittenda
707 2676 766 2743 est,
782 2676 878 2752 atque
894 2690 990 2751 aegro
1008 2668 1182 2751 plurimum
1205 2670 1355 2751 prodesse
1375 2677 1491 2752 potest,
1506 2672 1625 2753 partim

372 2767 421 2895 :³1:¹3
423 2771 513 2884 [mene
526 2770 657 2835 nimiam
683 2770 903 2835 ebullitionem
929 2770 1144 2853 reprimendo,
1167 2771 1285 2853 partim
1311 2772 1407 2835 etiam
1432 2773 1542 2837 critice
1566 2774 1625 2836 ali·

372 2897 479 2950 solvitur.
526 2874 655 2958 quando
681 2874 828 2939 morbum
859 2874 1020 2938 solvendo.
1064 2875 1174 2956 Atque
1202 2894 1312 2938 revera
1339 2896 1454 2958 parum
1482 2875 1624 2958 proderit

525 2978 601 3042 huic
616 2978 822 3061 symptomati
836 2978 983 3041 fraenum
997 2976 1196 3059 praedictum
1212 2984 1332 3060 aptare,
1344 2978 1528 3061 priusquam
1543 2978 1626 3042 illud

525 3080 755 3164 aliquantisper
769 3081 953 3155 excurrerit,
970 3080 1019 3142 vel
1034 3079 1131 3143 etiam
1146 3079 1332 3161 prinsquam
1347 3102 1429 3143 vena
1443 3081 1478 3143 in
1493 3079 1624 3145 brachio

375 3190 500 3241 Posthac·
525 3192 613 3245 secta
626 3184 734 3246 suerit.
779 3182 867 3245 Illud
889 3182 1063 3263 diligenter
1084 3182 1316 3245 advertendum
1340 3189 1398 3260 est,
1414 3183 1499 3246 hanc
1521 3182 1624 3266 ipsam

372 3256 497 3381 ffihssm
525 3290 621 3365 atque
639 3272 717 3347 alias'
736 3305 847 3348 omnes
867 3284 1053 3347 immodicas
1077 3284 1338 3365 haemorrhagias
1358 3285 1518 3368 peculiare
1542 3284 1625 3348 illud

373 3382 507 3507 quuqffiqffit
525 3385 681 3464 obtinere,
704 3387 799 3469 quod,
822 3386 1058 3469 quamprimum
1084 3386 1158 3450 illae
1184 3385 1470 3469 quomodocunque
1495 3386 1625 3451 sedatae

373 3513 514 3572 purgandus
527 3488 656 3566 fuerint,
673 3489 735 3551 nisi
754 3490 878 3553 leniens
894 3490 1002 3572 aliqua
1017 3490 1168 3573 purgatio
1188 3488 1377 3567 celebretur,
1393 3497 1498 3553 metus
1513 3497 1562 3553 est
1581 3510 1624 3552 ne

372 3582 502 3687 tt‘ttt:
526 3590 695 3653 recidivam
711 3592 976 3674 agerratiatun
999 3592 1196 3675 proindeque
1207 3590 1412 3674 cuculum
1427 3591 1499 3668 ml»
1511 3611 1623 3673 uuam·

373 3718 430 3749 vam
443 3704 505 3766 psti-
526 3692 573 3755 vis
596 3692 634 3772 (si
657 3692 767 3756 Febris
788 3700 933 3777 tempora
955 3696 1162 3778 spectentur,)
1187 3695 1289 3758 serius
1313 3694 1476 3775 aliquanto
1497 3692 1531 3754 id
1553 3691 1623 3754 deri

373 3776 434 3815 '²¹²¹'
527 3794 637 3871 soleat,
653 3802 749 3878 atque
765 3795 890 3874 debeat,
906 3796 969 3859 nisi
984 3805 1165 3881 symptoma
1179 3797 1240 3861 hoc
1255 3795 1429 3861 accideritl.

373 3916 488 3964 siccus·
577 3896 658 3981 [50.]
688 3898 760 3961 Hoc
796 3905 977 3981 symptoma
1008 3900 1197 3982 plerumque
1233 3899 1363 3963 senibus
1399 3895 1515 3961 accidit
1550 3902 1624 3981 post

373 3993 668 4083 TEb-copiosas
694 4000 926 4078 evacuationes,
952 4002 1004 4065 vel
1031 4022 1089 4084 per
1117 4022 1277 4065 secessum
1303 4022 1343 4065 er
1372 3999 1550 4078 diarrhoea,
1573 4000 1625 4063 '0¹

373 4070 512 4183 pppssqqus,
526 4103 662 4167 mammo
691 4124 748 4187 per
772 4103 972 4183 vomitiones,
999 4112 1096 4187 atque
1126 4125 1356 4187 saepenumero
1386 4110 1522 4167 mortem
1546 4122 1625 4184 prae

374 4214 486 4311 2¹22}qu
524 4206 646 4271 foribus
658 4206 767 4271 adesse
779 4206 963 4270 denunciat.
1009 4208 1157 4290 Ingenue
1169 4207 1273 4270 fateor
1283 4226 1335 4269 me
1346 4204 1493 4268 mihimet
1507 4202 1570 4287 ipsi
1584 4202 1625 4267 de

373 4336 426 4389 post
434 4328 513 4391 copto.
526 4309 695 4391 Singultus
707 4330 803 4373 causa
814 4308 1005 4393 disquirenti
1014 4309 1197 4373 satisfacere
1207 4329 1271 4372 non
1283 4327 1375 4391 posse
1381 4333 1391 4383 ;
1413 4304 1624 4369 nihilominus

373 4406 511 4511 ζῗξοξζξξιι
525 4410 686 4475 observavi
704 4434 798 4495 saepe
813 4412 904 4475 illum
927 4433 965 4475 ex
985 4410 1100 4489 turbis,
1117 4432 1154 4474 ae
1175 4410 1322 4474 tumultu
1345 4408 1386 4472 ab
1411 4406 1625 4491 asperioribus

373 4534 512 4582 saepemor·
526 4512 766 4577 medicamentis
787 4515 823 4577 in
846 4514 1028 4578 ventrimslo‘
1046 4514 1187 4597 locisque
1207 4511 1321 4577 vicinis
1345 4510 1494 4586 excitato,
1516 4516 1625 4572 ortum

372 4584 491 4711 im„
526 4612 651 4692 duoere,
667 4616 784 4698 quibus
799 4616 947 4681 sedandis
963 4626 1060 4700 atque
1074 4618 1109 4681 in
1123 4616 1292 4701 pristinam
1307 4634 1419 4698 pacem
1434 4610 1625 4675 reducendis

373 4728 432 4760 Μ·
557 4747 567 4777 ⁴
585 4740 675 4803 tollere]
688 4744 741 4788 licet
752 4744 830 4789 tollere
841 4742 893 4789 edd.
906 4750 994 4793 recent.
1128 4739 1138 4767 ¹
1155 4741 1279 4805 acciderit]
1297 4742 1333 4788 sic
1350 4739 1404 4787 edd.
1418 4740 1466 4795 ’66,
1483 4736 1532 4793 ’68,
1549 4740 1626 4785 md.

558 4818 566 4841 ¹
584 4808 635 4867 Syr.
648 4808 675 4853 de
688 4806 789 4929 Maojo
799 4806 850 4852 edd.
863 4808 911 4861 ³66,
923 4808 971 4855 ¹68.
1095 4805 1155 4868 (vox
1167 4806 1259 4867 nihili,)
1277 4806 1331 4854 edd
1348 4805 1397 4863 76,
1415 4806 1464 4860 '85‚
1478 4818 1561 4851 arun.
1572 4802 1626 4849 edd.

557 4876 564 4900 ·
581 4874 633 4932 Syr.
641 4872 745 4931 Purat3
767 4870 1006 4927 seddxccsscauc.
1094 4880 1182 4919 recent
