3825 5759
531 657 593 717 182
840 651 1035 718 'FHOMAF
1059 651 1317 715 SYDENHAM
1604 697 1619 726 .

399 833 497 884 vanna
530 814 685 898 eupeptis,
698 833 793 894 aegro
804 812 997 876 interdicere
1005 837 1015 889 3
1039 833 1114 875 cum
1128 812 1208 875 haec
1218 834 1276 895 per
1289 811 1518 895 purgationem
1529 812 1629 875 medi-

377 899 517 1010 ffloffi
531 917 615 980 catio
638 937 677 979 ea
699 915 877 996 indulgeat,
901 935 983 996 quae
1007 934 1074 977 non
1098 921 1249 997 poterant
1275 915 1408 978 concedi
1433 915 1461 977 si
1485 915 1539 979 alii
1561 915 1630 978 viae

400 1029 501 1104 'oe-'72
530 1019 742 1082 insisteretur.
787 1017 896 1080 Tertia
917 1017 1146 1100 utplurimum
1166 1017 1326 1099 purgatio,
1342 1017 1533 1100 interposito
1547 1038 1629 1079 sem·

377 1099 520 1228 ἓξὲ-
530 1143 588 1204 per
608 1121 668 1198 die,
685 1120 835 1184 morbum
857 1119 992 1183 absolvit
1002 1145 1011 1196 3
1034 1141 1139 1202 neque
1159 1127 1269 1183 tamen
1289 1126 1483 1202 perpetuum
1504 1119 1538 1181 id
1555 1119 1628 1194 fuit,

376 1245 486 1292 cenninus
532 1223 587 1286 scd
603 1223 682 1286 uliae
697 1223 828 1305 insuper
842 1243 1079 1304 nonnunquam
1093 1221 1314 1285 instituendae
1328 1229 1431 1284 erant.
1467 1222 1511 1299 Si,
1527 1221 1630 1284 Febre

376 1307 509 1434 {zugffim
528 1327 596 1410 jam
622 1326 725 1408 pulsa,
750 1325 914 1388 fractiores
941 1325 1047 1388 adhuc
1069 1331 1176 1388 essent
1199 1346 1236 1387 ac
1260 1325 1364 1405 magis
1386 1324 1520 1387 effoetae
1542 1324 1630 1405 aegri

376 1436 435 1526 desi,
446 1437 518 1485 biduo
531 1429 621 1506 vires,
634 1437 731 1512 atque
745 1429 773 1490 is
788 1428 911 1491 tardius
927 1427 1170 1505 convalesceret,
1186 1427 1283 1509 (quod
1298 1427 1466 1510 hystoricis
1480 1427 1629 1509 frequen·

375 1507 510 1625 ἑᾞζζζίξῃῗ
530 1531 653 1595 tissime
676 1531 862 1612 accidebat)
891 1529 1032 1594 laudano
1054 1530 1090 1592 in
1115 1551 1212 1612 parva
1237 1529 1306 1592 dosi
1335 1528 1478 1592 exhibito
1502 1530 1630 1592 easdem

375 1630 492 1738 epitasi·
530 1641 718 1712 restaurare,
743 1641 776 1696 et
801 1633 931 1715 spiritus
956 1632 1142 1714 transfugos
1168 1653 1205 1695 ac
1232 1631 1401 1714 dissipatos
1425 1631 1461 1693 in
1486 1631 1629 1695 desertas

375 1705 518 1806 {mg-m
531 1737 684 1800 stationes
699 1757 845 1800 revocare
861 1735 1001 1799 conabar
1009 1761 1019 1812 ς
1041 1756 1114 1798 raro
1128 1741 1237 1797 autem
1251 1734 1429 1797 remedium
1444 1734 1525 1796 illud
1539 1756 1629 1818 repe·

375 1821 453 1948 2³³³·
479 1905 484 1916 ,
530 1839 649 1917 tebam,
665 1859 770 1922 neque
785 1859 929 1922 unquam
948 1836 1146 1920 praescripsi,
1162 1836 1225 1898 nisi
1244 1836 1345 1899 biduo
1357 1836 1504 1900 triduove
1522 1858 1542 1898 a
1556 1858 1628 1919 pos-

376 1903 518 2015 biiiiffiss„
531 1951 635 2004 trema
656 1941 804 2004 catharsi.
849 1939 943 2002 Nihil
957 1960 1032 2002 vero
1053 1937 1209 2021 nequead
1228 1938 1428 2002 renovandos
1442 1938 1525 2002 vires
1545 1939 1628 2001 refo-

374 2030 516 2142 fflffiff·
531 2042 748 2125 cillandosqne
772 2041 902 2122 spiritus
917 2039 1064 2118 faciebat,
1080 2046 1178 2122 atque
1195 2061 1292 2104 amae
1311 2039 1442 2104 liberior
1454 2061 1533 2103 usus
1552 2061 1628 2103 mox

375 2158 496 2220 imprimis
530 2152 567 2208 ui
583 2144 694 2206 Febris
708 2143 882 2206 recesserit.
1286 2209 1294 2218 .

376 2223 510 2344 ἱζῖᾟξδη
577 2246 660 2330 [10.]
687 2247 811 2308 Ansam
837 2251 946 2308 autem
972 2245 1014 2308 ad
1038 2244 1153 2328 praxin
1178 2245 1264 2309 banc
1289 2244 1525 2308 instituendam
1550 2245 1628 2309 hinc

373 2351 464 2412 fugata
529 2349 669 2432 primum
690 2348 828 2431 arripui,
851 2347 939 2432 quod
957 2368 1085 2431 nempe,
1103 2355 1256 2412 nascente
1271 2347 1371 2411 ferme
1386 2348 1628 2412 Constitutione

375 2430 599 2542 {fllssglfcmhae
626 2451 714 2534 (dum
736 2450 909 2535 irrequieto
931 2451 1118 2533 solicitoqne
1143 2451 1251 2514 animo
1272 2471 1374 2514 novae
1395 2450 1492 2533 hujus
1514 2450 1627 2514 Febris

374 2559 460 2632 praxin
472 2559 509 2606 in·
529 2561 680 2617 naturam
694 2553 894 2634 volutarem)
913 2552 954 2615 ad
970 2553 1177 2636 juvenculam
1191 2553 1272 2616 mihi
1286 2553 1424 2616 vicinam
1439 2551 1627 2630 advocabar,

373 2623 519 2736 Ξῗῖξῗζῗω
528 2655 765 2719 febricitantem
777 2655 906 2737 quidem
918 2654 1017 2732 illam,
1027 2662 1124 2737 atque
1135 2655 1338 2720 acerbissimo
1350 2655 1507 2738 sincipitis
1518 2655 1627 2720 dolore

528 2758 595 2822 fere
610 2766 766 2836 enectam,
783 2757 915 2839 aliisque
936 2757 1159 2840 symptomatis
1174 2757 1291 2840 quibus
1310 2756 1447 2821 Febrem
1466 2758 1626 2840 Dysenta-

525 2861 625 2924 ricam
638 2860 764 2924 onerari
775 2859 844 2942 jam
861 2859 894 2944 [p
907 2859 953 2942 2.]
971 2859 1120 2922 diximus.
1156 2857 1256 2938 Haec,
1269 2880 1343 2922 cum
1355 2881 1375 2922 a
1384 2880 1437 2922 me
1448 2858 1627 2940 interroga-

524 2972 615 3027 retur
627 2972 659 3027 et
676 2963 715 3026 dc
727 2962 822 3026 modo
835 2984 898 3045 quo
914 2962 1026 3025 Febris
1038 2962 1179 3046 primum
1190 2960 1373 3039 invadebat,
1385 2968 1418 3024 et
1430 2960 1470 3024 de
1481 2960 1627 3044 ejusdem

526 3068 705 3144 duratione,
715 3067 800 3130 fassa
810 3073 859 3130 est
871 3087 904 3128 se
914 3087 933 3128 a
942 3066 1135 3149 dysenteria,
1148 3073 1312 3150 quactum
1328 3064 1450 3147 ubique
1460 3065 1527 3128 fere
1538 3085 1627 3146 gras-

526 3170 667 3248 sabatur,
691 3191 711 3232 a
731 3168 974 3251 quatuordecim
996 3175 1083 3232 retm
1105 3167 1218 3231 diebus
1241 3167 1338 3230 fuisse
1360 3167 1542 3244 liberatam
1573 3167 1627 3230 cui

526 3271 591 3334 sive
614 3293 673 3334 sua
694 3278 808 3354 sponte
834 3269 1021 3349 discedenti,
1043 3270 1108 3333 sive
1130 3270 1357 3333 medicamenti
1378 3291 1438 3352 ope
1465 3269 1626 3353 depulsae,

526 3373 673 3455 protinus
693 3373 843 3436 successit
866 3371 953 3435 dicta
971 3372 1082 3436 Febris
1105 3371 1307 3436 cumdolore
1329 3372 1452 3454 capitis.
1498 3370 1626 3436 Quibus

526 3496 586 3558 ego
602 3495 653 3537 me
668 3475 844 3537 rectissime
856 3495 1023 3537 occurrere
1033 3494 1127 3556 posse
1142 3473 1372 3556 conjectabam,
1385 3473 1411 3535 si
1423 3472 1626 3556 dysenteriae

526 3576 595 3638 loco
615 3575 711 3638 aliam
730 3575 971 3639 evacuationem
993 3575 1232 3652 substituerem,
1250 3575 1320 3657 ejus
1340 3575 1546 3652 simillimam,
1562 3595 1627 3657 qua

525 3677 700 3760 praeclusa,
711 3677 822 3740 Febris
837 3678 950 3741 oborta
961 3685 1024 3755 est3
1044 3699 1081 3741 ac
1092 3676 1226 3760 proinde
1237 3676 1389 3740 methodo
1404 3698 1502 3758 supra
1515 3676 1626 3739 landa·

526 3788 562 3842 ta
576 3777 713 3842 eandem
727 3779 863 3842 restitui.
909 3781 1019 3862 Atque
1033 3779 1109 3842 huic
1124 3778 1254 3862 quidem
1270 3800 1303 3842 se
1317 3778 1555 3862 promptissime
1570 3778 1625 3841 de·

375 3894 492 3940 Adcom—
528 3881 649 3944 debant
659 3880 757 3962 hujus
769 3880 1018 3945 Constitutionis
1030 3881 1159 3945 Febres.
1199 3881 1333 3963 Semper
1347 3880 1435 3944 enim
1450 3880 1544 3944 rebar
1558 3902 1626 3944 non

369 3957 518 4066 probaffim
528 3985 672 4048 sufficere
693 3983 733 4046 ad
755 3984 1025 4066 comprobandam
1047 3986 1083 4048 in
1103 3985 1205 4048 acutis
1227 3984 1378 4048 medendi
1399 3984 1568 4061 rationem,
1586 3993 1625 4047 nt

375 4022 444 4068 mede

370 4085 514 4197 :22:232181111
527 4087 662 4151 feliciter
673 4108 712 4150 ea
723 4087 860 4165 eederet,
879 4087 965 4168 (cum
980 4087 1021 4151 ab
1035 4088 1348 4171 imperitissimarum
1362 4087 1625 4150 muliercularum

371 4214 503 4276 requiritur
525 4191 708 4254 temeritate
729 4197 884 4254 sanentur
898 4191 1070 4272 nonnulli)
1092 4191 1150 4254 sed
1168 4190 1288 4273 requiri
1304 4190 1409 4253 adhuc
1428 4196 1466 4252 ut
1481 4189 1624 4268 morbus,

372 4279 507 4388 ufflflffl
526 4295 615 4357 nullo
636 4293 768 4376 negotio
787 4293 899 4370 victus,
916 4293 1007 4374 quasi
1027 4301 1141 4375 suopte
1156 4293 1251 4374 genio
1270 4292 1363 4356 cedat
1382 4300 1479 4374 atque
1500 4292 1626 4356 abitum

370 4359 427 4468 ipre
442 4407 513 4467 gerno
526 4397 664 4473 affectet,
680 4402 839 4477 quantum
854 4395 923 4478 ejus
938 4394 1001 4457 fert
1016 4403 1142 4457 natura.
1190 4394 1256 4458 Sed
1271 4394 1330 4458 hoc
1345 4393 1477 4458 obicere.

371 4470 446 4519 cedat.
574 4497 655 4579 [11.]
684 4497 825 4560 Ineunte
852 4497 873 4558 J
876 4497 962 4574 unio,
987 4499 1082 4574 1672,
1104 4497 1153 4558 vir
1177 4496 1395 4560 nobilissimus
1422 4518 1459 4560 ac
1484 4497 1625 4580 pmdeu-

524 4599 676 4676 tissimus,
689 4598 850 4661 Dominus
866 4599 981 4663 Comes
998 4599 1245 4663 Sarisbnriensis
1251 4611 1273 4679 ⁰,
1284 4601 1346 4664 hac
1357 4599 1459 4664 Febre
1474 4601 1625 4665 laborans

687 4753 697 4774 ¹¹
715 4758 756 4801 doc
766 4755 850 4816 obiter]
864 4758 919 4802 llaec
930 4765 995 4804 extra
1010 4761 1070 4804 oleos
1082 4757 1118 4804 ed.
1131 4758 1179 4807 ⁰1¹6,

686 4823 696 4846 ⁰
714 4819 816 4880 Saros]
827 4818 911 4866 Minus
921 4821 980 4867 benc
993 4821 1049 4883 Syd.
1060 4825 1155 4879 Solird.;
1168 4823 1198 4872 cs.
1209 4823 1252 4870 ins.
1264 4837 1285 4869 v.
1299 4824 1321 4868 3.
1334 4823 1355 4868 3.
