3825 5759
543 630 607 693 372
789 630 792 639 ’
855 622 1052 687 ΤΗΟΜΑΕ
1074 624 1335 688 SYDENHAM

405 806 445 853 m·
459 806 509 853 nr·
545 790 609 855 Hic
634 788 704 873 jam
730 786 871 871 spiritus,
897 786 984 851 lacto
1010 786 1101 868 quasi
1126 787 1256 871 agmine
1284 787 1321 851 in
1345 794 1462 851 ventre
1489 788 1675 851 inferiore.
1701 793 1702 796 ’

390 870 527 983 'mels
542 890 728 955 catervatim
751 909 934 973 magnoque
959 888 1082 972 impetu
1106 890 1142 953 in
1167 889 1277 954 fauces
1304 884 1483 968 irruentes,
1510 912 1675 973 spasmos
1702 879 1703 882 ¹

388 998 527 1075 scirpo?
542 994 684 1059 excitant
699 1013 757 1077 per
778 1012 908 1056 omnem
924 1012 1022 1075 quam
1044 992 1216 1056 transeunt
1238 992 1415 1075 regionem,
1431 1000 1604 1057 ventrem
1622 995 1672 1055 in·
1704 1049 1705 1068 ,

387 1084 409 1124 ‘⁸
421 1078 487 1140 ⁰⁶⁸⁰
496 1096 501 1124 ²
541 1098 656 1161 flantes
672 1094 711 1159 ad
727 1096 830 1159 instar
845 1093 932 1178 globi
946 1095 1166 1178 praegrandis,
1182 1095 1238 1178 qui
1254 1102 1365 1159 tamen
1381 1096 1466 1159 nihil
1485 1096 1594 1159 aliud
1609 1111 1668 1162 est,
1705 1137 1706 1148 ,

541 1202 637 1282 quain
652 1198 792 1281 partium
803 1198 934 1281 'spasmo
949 1204 1150 1261 teutatamm
1164 1198 1347 1262 convolatio
1360 1205 1394 1261 et
1405 1198 1506 1281 quasi
1522 1200 1666 1279 conglo-
1706 1219 1707 1244 ³

540 1302 629 1365 batio
650 1299 818 1385 quaedam,
841 1320 923 1383 quae
949 1322 1017 1365 non
1039 1299 1103 1363 nisi
1124 1322 1245 1383 magna
1264 1292 1453 1383 vi'reprimi
1478 1308 1608 1385 potest
1634 1311 1665 1364 et
1707 1303 1708 1332 ¹

540 1404 689 1469 coireeri.
723 1404 835 1468 Partes
850 1403 981 1467 interim
996 1411 1149 1467 externae
1162 1423 1330 1485 massaque
1344 1423 1475 1481 carnea,
1492 1426 1519 1467 a
1535 1406 1662 1488 spiriti·

539 1508 600 1571 bus
614 1509 683 1592 jam
699 1507 762 1571 alio
782 1506 882 1590 raptis
901 1528 1022 1589 magua
1041 1527 1080 1569 ex
1099 1512 1191 1589 parte
1210 1504 1394 1582 destitutae,
1410 1526 1453 1568 eo
1470 1528 1593 1590 usqne
1608 1509 1660 1571 fri·

540 1616 676 1693 gescuut
697 1630 859 1693 persaepe,
876 1630 942 1671 non
961 1608 996 1670 in
1018 1606 1079 1670 bac
1096 1606 1165 1670 sola
1177 1605 1324 1669 Affectus
1340 1605 1513 1690 Hysterici
1538 1610 1660 1693 specie,

540 1713 596 1778 sed
619 1714 656 1776 in
678 1712 748 1775 aliis
770 1710 930 1788 omnibus,
956 1709 1055 1793 (quod
1082 1710 1172 1793 prius
1203 1710 1237 1795 [b
1267 1710 1335 1794 72]
1362 1710 1599 1795 adnotatum,)
1626 1724 1658 1776 ut

539 1818 693 1881 cadavera
714 1837 780 1879 nou
802 1814 942 1897 frigeant
968 1814 1081 1897 magia
1131 1814 1248 1879 Pulsus
1268 1813 1398 1877 interim
1421 1816 1536 1897 qualis
1561 1839 1657 1880 sana·

539 1942 610 1983 rum
632 1926 691 1995 est,
714 1939 774 1981 nce
796 1938 893 1999 aegra
910 1916 950 1979 ab
971 1916 1033 1980 hoc
1054 1916 1173 1998 frigore
1195 1915 1323 1979 devita
1342 1916 1567 1999 periclitatur,
1592 1920 1655 1983 nisi

541 2022 621 2085 illud
641 2021 681 2085 ab
697 2021 904 2085 evacuatione
926 2020 1033 2103 aliqua
1053 2019 1225 2084 enormiori
1246 2020 1459 2103 praecedente
1482 2024 1655 2107 originem
1715 2070 1718 2128 J

543 2124 651 2187 (lucili.
1717 2157 1718 2196 l

413 2250 429 2309 ι,
480 2248 524 2281 use
587 2225 670 2309 [82]
698 2224 790 2289 Idem
814 2226 911 2289 etiam
934 2226 998 2291 diei
1022 2232 1128 2310 potest
1150 2226 1191 2291 de
1212 2226 1393 2291 violentiori
1417 2227 1483 2291 isto
1509 2230 1650 2293 Affeeto
1718 2241 1719 2244 ’

398 2313 445 2410 ξ’,κ
469 2378 493 2409 m
540 2328 721 2414 Hysterico,
737 2328 792 2411 qui
813 2336 946 2393 externa
960 2329 1041 2393 faeie
1063 2329 1196 2393 colicam
1216 2328 1373 2407 biliosum,
1387 2330 1437 2393 vel
1453 2330 1558 2394 etiam
1574 2354 1648 2415 pas-

396 2442 478 2475 ‘¹¹²¹¹¹
507 2443 526 2475 r.
538 2433 661 2497 sionem
676 2432 812 2511 iliacam,
828 2432 1010 2497 aemulatur
1017 2456 1028 2510 ς
1050 2432 1086 2495 in
1101 2453 1165 2515 quo
1179 2453 1277 2514 aegra
1290 2431 1400 2496 dolore
1410 2432 1462 2496 vix
1472 2434 1650 2500 tolerando

537 2536 572 2599 in
592 2535 723 2619 regione
743 2535 847 2599 cordis
869 2534 1046 2599 scrobiculo
1067 2535 1301 2619 circumposita,
1322 2556 1390 2599 uua
1408 2556 1485 2599 eum
1505 2538 1646 2602 immani

537 2640 690 2704 materiae
713 2638 847 2704 herbam
872 2640 978 2704 colore
999 2639 1167 2703 referentis
1192 2638 1394 2717 evomitione,
1416 2638 1642 2705 discmciamr.

539 2742 636 2809 Quod
651 2742 780 2826 quidem
796 2750 978 2827 symptoma
990 2741 1079 2805 baud
1094 2740 1225 2805 aliunde
1240 2741 1328 2804 nasci
1338 2741 1495 2820 existimo,
1507 2764 1609 2827 quam
1622 2767 1642 2807 a

538 2847 720 2913 vehementi
735 2846 905 2931 spirituum
920 2844 1020 2910 dense
1034 2843 1346 2927 conglomeratorum
1365 2842 1401 2906 in
1415 2843 1522 2907 dictas
1533 2854 1640 2928 partes

537 2950 689 3034 impulsu,
708 2950 795 3015 unde
818 2957 852 3014 et
874 2970 1030 3033 spasmus,
1053 2954 1087 3011 et
1110 2946 1210 3025 dolor,
1226 2954 1259 3011 et
1281 2968 1392 3010 earum
1413 2948 1524 3011 totalis
1538 2950 1637 3013 facul·

538 3061 643 3118 tatum
659 3054 831 3119 subversio.

587 3156 670 3240 [83]
698 3156 814 3239 Neque
834 3176 872 3218 ex
888 3176 926 3219 eo
941 3156 1028 3238 quod
1042 3156 1114 3233 istc,
1130 3174 1213 3237 quae
1231 3153 1267 3217 in
1280 3153 1343 3217 hoc
1363 3153 1481 3217 affectu
1496 3155 1563 3219 sive
1580 3178 1637 3239 per

538 3282 585 3335 oa,
607 3260 671 3323 sive
691 3280 748 3341 per
770 3257 888 3333 sedem,
909 3254 1096 3338 egeruntur,
1118 3256 1223 3321 colore
1246 3257 1439 3341 quandoque
1459 3256 1552 3321 viridi
1573 3259 1634 3321 tin·

538 3366 667 3443 gantur,
691 3358 799 3422 statim
815 3358 994 3437 conficitur,
1005 3359 1154 3423 morbum
1175 3359 1265 3424 hunc
1285 3360 1323 3423 in
1344 3359 1535 3424 humoribus
1555 3362 1633 3424 reei-

538 3463 623 3537 dere,
646 3468 703 3524 aut
730 3459 964 3525 atrocissimum
987 3462 1079 3525 illum
1104 3462 1246 3525 dolorem
1272 3462 1313 3526 ab
1336 3461 1482 3526 humoris
1503 3462 1632 3546 alicujus

537 3563 723 3639 acrimonia,
743 3570 868 3645 partem
890 3565 942 3628 cui
967 3564 1115 3630 inhaeret
1136 3565 1333 3643 dilaniantis,
1360 3565 1511 3649 produci3
1542 3588 1631 3649 quem

535 3665 653 3731 idcirco
668 3687 726 3749 pro
740 3665 865 3730 minero
878 3668 982 3731 morbi
997 3668 1183 3744 babeamus,
1199 3690 1237 3733 ac
1250 3668 1386 3752 proinde
1405 3670 1556 3733 remediis
1568 3678 1630 3735 tam

536 3768 601 3833 ἅνω
616 3790 712 3852 quam
728 3765 814 3832 κάτω
828 3768 1012 3833 catharticis
1027 3770 1180 3835 radicitus
1198 3772 1425 3855 extirpandum
1439 3793 1629 3837 censeamus.

536 3874 667 3939 Etenim
694 3873 733 3938 de
754 3872 840 3936 facto
866 3880 1004 3950 constat,
1027 3875 1263 3956 aegritudinem
1288 3876 1377 3939 illam
1400 3898 1464 3959 qua
1488 3874 1628 3939 laborant

536 3976 723 4060 navigantes
742 3978 772 4059 (a
787 3975 960 4059 spirituum
974 3976 1164 4040 animalium
1179 3978 1356 4060 agitatione
1376 3987 1493 4057 ortam,
1508 3980 1544 4042 in
1556 3980 1626 4042 fluc-

535 4080 642 4145 tuanti
657 4100 694 4145 ac
709 4078 882 4165 irrequieto
897 4078 1001 4159 mari)
1015 4078 1183 4142 colluviem
1198 4080 1312 4145 coloris
1326 4080 1422 4163 plane
1430 4081 1578 4147 herbacei
1590 4103 1623 4145 er

535 4186 704 4251 hominum
719 4186 768 4251 vel
784 4184 1026 4249 sanissimorum
1041 4180 1218 4246 ventriculo
1233 4184 1407 4263 exantlare,
1423 4184 1481 4248 ubi
1495 4186 1624 4269 primum

534 4292 569 4353 in
583 4310 672 4355 mare
686 4288 814 4372 longius
829 4292 904 4350 sunt
919 4284 1070 4368 provecti,
1086 4283 1203 4367 quibus
1216 4294 1329 4350 tamen
1348 4293 1426 4351 ante
1440 4288 1622 4351 semihoram

533 4390 649 4455 ultimo
675 4392 815 4475 elapsam
838 4409 905 4453 uon
928 4388 1034 4451 inerat
1055 4386 1128 4452 bilis
1151 4388 1241 4467 haec,
1260 4410 1358 4471 quam
1371 4409 1558 4470 porraceoav
1577 4411 1623 4471 ap

533 4494 651 4577 pellare
673 4494 762 4557 libet.
807 4492 929 4555 Annon
951 4498 984 4554 et
1006 4490 1146 4557 infantes
1165 4491 1364 4575 paroxysmis
1385 4492 1622 4570 convulsiviaiu

535 4596 650 4680 quibus
680 4596 851 4679 spirituum
882 4594 1068 4661 animalium
1094 4598 1234 4662 maxime
1258 4616 1310 4661 res
1335 4596 1454 4680 agitur,
1481 4606 1549 4661 tam
1577 4618 1625 4680 per

534 4697 705 4779 superiora,
719 4716 815 4778 quam
832 4716 888 4781 per
903 4697 1063 4779 iuferiora,
1076 4700 1244 4764 materiam
1256 4698 1400 4783 ejusdem
1415 4699 1510 4782 plane
1521 4698 1622 4763 coloris

534 4797 689 4884 ejiciunt?
718 4797 844 4863 Quibus
867 4800 1051 4867 addendum
1075 4810 1124 4867 est
1147 4802 1180 4865 id
1203 4801 1289 4884 quod
1314 4801 1512 4885 experientia
1534 4801 1621 4864 ferme
