3825 5759
434 680 831 747 OBSERVATIONUM
854 680 1139 746 MEDICARUM
1161 690 1185 744 1.
1197 696 1224 757 ³,
1235 698 1260 749 4.
1348 680 1392 743 39

289 836 381 907 finito
399 848 547 926 tempora
564 842 672 926 exigat
692 841 910 925 eliminetque.
955 841 1010 905 Ad
1026 840 1116 920 haee,
1131 839 1393 924 qnandoquidem
1414 853 1539 903 eornm.

289 945 361 1009 illae
376 966 540 1008 annorum
555 944 804 1009 constitutiones
819 964 900 1027 quae
916 941 1176 1008 intermittentes
1187 942 1392 1007 autumnales
1404 917 1545 1030 &2232

288 1053 490 1129 promovent,
528 1046 755 1112 communibus
791 1047 885 1110 annis
922 1047 1027 1111 multo
1062 1047 1189 1131 saepius
1224 1051 1393 1110 recurrant
1405 1047 1542 1119 Q

289 1170 385 1231 quam
407 1148 485 1213 illae
506 1170 588 1234 quae
611 1148 652 1213 ad
676 1155 818 1213 caeteros
833 1148 1034 1232 Epidemicos
1055 1149 1190 1227 faciunt,
1212 1148 1392 1212 necessario
1405 1159 1506 1233 capam

289 1252 437 1334 sequitur
451 1258 490 1315 ut
510 1272 590 1333 quae
606 1252 681 1316 illas
696 1250 870 1317 comitatur
884 1250 996 1316 Febris
1011 1250 1177 1317 Continuo
1189 1250 1391 1334 frequentius
1404 1224 1532 1350 {fiffi'

288 1360 447 1417 accurset.

335 1456 398 1538 [7.]
429 1456 475 1519 At
498 1462 624 1538 praeter
646 1460 865 1540 symptomata
888 1476 971 1539 qnae
997 1461 1139 1519 caeteras
1154 1455 1273 1520 Febres
1290 1456 1392 1538 stipa-

288 1556 378 1635 bant,
412 1557 501 1621 diota
529 1558 640 1621 Febris
674 1556 883 1640 sequentibus
912 1558 1045 1640 insuper
1070 1556 1265 1639 urgebatur:
1296 1578 1393 1639 aeger

288 1659 480 1741 plerumque
495 1659 636 1723 animam
654 1666 785 1723 tantum
800 1680 867 1722 non
887 1654 1014 1742 agebat,
1029 1658 1267 1736 vomituriebat,
1278 1658 1392 1741 lingua
1404 1675 1517 1742 sympto-

288 1760 371 1825 sicca
393 1768 429 1824 et
450 1761 554 1843 nigra,
576 1761 692 1843 ingens
714 1782 751 1825 ac
777 1760 945 1825 subitanea
966 1760 1084 1824 virium
1105 1760 1333 1837 consternatio,
1357 1744 1531 1867 ctssssgu‘juff

287 1863 432 1945 partium
452 1868 658 1926 ertemarum
678 1863 813 1927 siccitas.
859 1864 967 1927 Urina
982 1862 1104 1946 ubique
1126 1862 1178 1926 vel
1201 1882 1317 1939 crassa,
1339 1861 1390 1925 rel
1403 1823 1519 1919 ostiariie

287 1965 408 2043 tenuis,
422 1972 562 2048 unaque
579 1985 735 2049 exaequo
752 1964 920 2029 cruditatis
937 1965 1104 2029 indicium.
1150 1964 1192 2028 In
1209 1964 1314 2031 morbi
1335 1964 1390 2028 de·

287 2067 473 2145 clinatione,
486 2067 654 2131 diarrhoea
672 2068 744 2151 (nisi
759 2068 842 2131 forie
853 2067 1002 2132 Medicus
1016 2067 1173 2151 principio
1188 2066 1387 2151 obstitisset)
1408 2137 1412 2144 ‚

287 2169 553 2253 superjungebat,
583 2168 672 2232 unde
700 2169 832 2233 morbus
865 2170 1057 2253 previcaeior
1089 2168 1235 2233 redditus
1267 2170 1389 2234 diutius

287 2270 461 2354 affligebat.
509 2271 574 2334 Sed
597 2278 710 2355 suopte
731 2271 863 2353 ingenio
889 2293 925 2335 ac
947 2273 1076 2356 propria
1095 2272 1204 2337 indole
1226 2272 1279 2335 vix
1301 2272 1390 2337 ultra

288 2372 376 2437 diem
400 2372 562 2436 decimum
577 2380 730 2455 quartum
750 2374 799 2437 vel
817 2372 1004 2437 vicesimum
1018 2375 1157 2457 primum
1173 2374 1368 2458 perdurabat
1377 2400 1387 2453 3

288 2496 351 2558 quo
374 2475 518 2557 primum
532 2481 686 2557 tempore,
702 2474 816 2539 oborto
838 2474 953 2539 sudore
972 2476 1023 2539 vel
1041 2477 1149 2559 potius
1163 2476 1229 2541 leni
1243 2477 1385 2555 madore,

287 2576 421 2641 morbus
444 2576 644 2641 solvebatur:
670 2596 775 2659 neque
798 2577 884 2661 prius
903 2576 1017 2641 urinae
1034 2576 1188 2641 coctionis
1208 2578 1301 2659 signa
1315 2598 1389 2660 pro-

287 2678 421 2757 debant,
438 2678 524 2761 quod
535 2679 604 2761 jam
619 2686 656 2743 ut
671 2679 846 2762 plurimum
858 2680 1034 2745 eveniebat.
1084 2680 1145 2763 [8.]
1173 2680 1264 2745 Quin
1277 2687 1311 2743 et
1326 2680 1390 2743 alia

287 2780 558 2865 superveniebant
573 2788 789 2865 symptomata
804 2781 927 2864 quoties
942 2783 996 2845 hic
1012 2781 1144 2845 morbus
1161 2781 1270 2843 minus
1284 2780 1387 2863 perite

286 2882 499 2947 tractabatur.
560 2884 605 2947 At
633 2904 707 2947 vero
733 2890 804 2947 tum
829 2882 917 2961 haec,
941 2888 1014 2945 tum
1036 2882 1135 2945 etiam
1157 2880 1262 2944 omnis
1282 2880 1389 2943 morbi

288 2985 413 3067 genius,
440 2984 557 3048 clarius
579 2985 760 3050 elucescent
782 3006 820 3048 ex
842 2983 996 3067 peaniari
1015 2982 1170 3045 methodo
1191 3002 1289 3064 quam
1310 2980 1389 3047 olim

287 3087 363 3151 huic
388 3086 484 3151 Fabri
504 3086 827 3164 accommodaveram,
851 3106 947 3169 quam
969 3084 1079 3167 itaque
1100 3083 1165 3147 huc
1185 3082 1386 3161 transferam,

289 3189 416 3269 (saltem
439 3187 525 3269 quod
545 3187 586 3251 ad
603 3210 672 3253 rem
689 3194 833 3252 nostram
849 3186 992 3270 apprime
1014 3185 1133 3267 faciat)
1150 3191 1246 3269 prout
1256 3184 1388 3269 jamdu-

288 3290 365 3354 dum
380 3291 467 3374 typis
482 3290 722 3373 evrdgaveram3
750 3310 814 3372 quo
832 3288 963 3372 quidem
982 3295 1127 3373 tempore
1144 3288 1291 3353 nondum
1305 3288 1387 3355 mibi

287 3394 473 3458 innotuerat
495 3392 591 3457 ubam
616 3388 756 3476 aliquam
778 3392 890 3457 Febris
915 3393 1054 3476 speciem
1079 3394 1115 3456 in
1136 3414 1245 3457 rerum
1267 3400 1387 3459 natura

287 3516 433 3559 rnvenrrr.

744 3732 841 3798 CAP.
865 3734 937 3799 IV.¹

385 3887 495 3950 Febris
512 3886 663 3950 Continw
678 3907 827 3951 annorum
843 3888 938 3967 1661,
956 3889 1050 3968 1662,
1068 3891 1163 3969 1663,
1180 3891 1298 3954 1664.ἰ

329 4038 447 4101 Persio
472 4036 612 4120 quidem,
637 4037 768 4102 adverto
792 4039 1011 4104 inordinatam
1040 4040 1130 4105 illam
1159 4059 1283 4105 massae
1312 4062 1385 4104 san-

286 4138 1213 4225 guineaecommotionem,uebrishujusrseucausam,seu
1223 4140 1384 4218 comitem,

285 4261 305 4303 a
323 4242 454 4305 Natura
475 4242 639 4321 concitari,
654 4243 705 4307 vel
725 4250 764 4311 ut
785 4244 1001 4326 heterogenea
1022 4243 1180 4326 quaedam
1200 4242 1337 4303 materia
1349 4242 1385 4305 in

317 4389 324 4421 ¹
342 4392 392 4441 Hic
407 4392 454 4440 inc„
472 4392 499 4439 in
515 4392 568 4439 edd.
585 4392 625 4439 ’66
642 4399 666 4441 et
681 4395 720 4442 ’68
737 4398 812 4443 See-tta
855 4399 901 4443 tius
912 4394 987 4459 facio,
999 4402 1025 4441 at
1039 4395 1173 4454 patuarflat
1189 4394 1317 4451 therapium
1332 4411 1386 4441 aor-

285 4457 372 4504 Prima.
397 4458 555 4503 DeFebrilau
568 4458 691 4505 Continuis.
717 4459 812 4507 Deinde
855 4467 914 4507 tram
924 4476 968 4506 aaa
976 4475 1023 4505 erse
1032 4473 1126 4518 proram
1134 4459 1240 4517 empirice
1249 4458 1385 4515 institutam,

284 4534 347 4581 quae
375 4526 527 4580 aeqnuntrns
559 4520 675 4568 Quam
695 4539 711 4569 a
732 4539 766 4569 me
788 4526 812 4569 ia
855 4522 1172 4583 redejarasodiqaueiotiiia
1181 4519 1387 4581 mmaasntcris

284 4584 393 4631 Febriam
412 4585 576 4630 Captianorum
593 4584 679 4629 medela
695 4587 813 4633 observata
856 4590 979 4643 innitatur,
989 4594 1030 4633 cat
1040 4586 1121 4632 ratim
1131 4587 1196 4639 aetia
1207 4586 1276 4630 innui
1286 4590 1336 4634 viso
1345 4592 1384 4634 ait.

283 4655 318 4694 ert
337 4648 461 4702 methodus,
480 4662 524 4707 quo
546 4644 682 4692 luculentius
700 4656 812 4707 poterent,
889 4656 906 4678 ¹¹
922 4641 1316 4709 aaa1661,¹62‚·6a,'64]taju
1327 4654 1385 4698 cm.

282 4727 327 4758 ιω
335 4714 377 4759 abr
386 4728 411 4759 re
415 4707 525 4770 faturum
536 4709 638 4755 arbitror
648 4710 676 4755 de
684 4714 813 4772 principiis,
858 4716 986 4762 stitutionis
996 4714 1034 4763 ed.
1046 4713 1093 4763 ’'lli.

282 4791 295 4821 e
311 4776 395 4836 quibas
409 4776 492 4833 pruris
507 4778 587 4817 nostra
605 4774 725 4827 enascitur,
740 4792 817 4833 pauca
892 4782 903 4805 ¹²
920 4778 1002 4826 Febris
1012 4774 1094 4840 huju]
1107 4777 1214 4825 hirtam
1225 4776 1322 4821 nantum
1334 4773 1386 4822 edd,

283 4840 395 4897 quaedam
402 4838 568 4896 praemittere:
587 4830 612 4875 id
628 4836 688 4889 quod
704 4851 728 4881 eo
743 4839 814 4886 lilaea·
861 4840 909 4897 ³66,
922 4842 970 4889 ’68.
