<?xml version="1.0" encoding="UTF-8"?>
<!DOCTYPE html PUBLIC "-//W3C//DTD XHTML 1.0 Transitional//EN"
    "http://www.w3.org/TR/xhtml1/DTD/xhtml1-transitional.dtd">
<html xmlns="http://www.w3.org/1999/xhtml" xml:lang="en" lang="en">
 <head>
  <title>
</title>
<meta http-equiv="Content-Type" content="text/html;charset=utf-8" />
  <meta name='ocr-system' content='tesseract 3.04.00' />
  <meta name='ocr-capabilities' content='ocr_page ocr_carea ocr_par ocr_line ocrx_word'/>
</head>
<body>
  <div class='ocr_page' id='page_1' title='image "./thomaesydenhamm00greegoog_0265.png"; bbox 0 0 3825 5759; ppageno 0'>
   <div class='ocr_carea' id='block_1_1' title="bbox 445 651 1400 720">
    <p class='ocr_par' dir='ltr' id='par_1_1' title="bbox 445 651 1400 720">
     <span class='ocr_line' id='line_1_1' title="bbox 445 651 1400 720; baseline -0.001 -5"><span class='ocrx_word' id='word_1_1' title='bbox 445 651 843 720; x_wconf 81' lang='lat' dir='ltr'>OBSERVATIONUM</span> <span class='ocrx_word' id='word_1_2' title='bbox 868 653 1154 720; x_wconf 85' lang='lat' dir='ltr'><strong>MEDICARUM</strong></span> <span class='ocrx_word' id='word_1_3' title='bbox 1177 663 1209 716; x_wconf 87' lang='lat' dir='ltr'><strong>V.</strong></span> <span class='ocrx_word' id='word_1_4' title='bbox 1228 673 1254 720; x_wconf 77' lang='lat' dir='ltr'><strong>s.</strong></span> <span class='ocrx_word' id='word_1_5' title='bbox 1335 651 1400 714; x_wconf 81' lang='grc'><strong>238</strong></span> 
     </span>
    </p>
   </div>
   <div class='ocr_carea' id='block_1_2' title="bbox 299 807 1536 934">
    <p class='ocr_par' dir='ltr' id='par_1_2' title="bbox 299 807 1536 934">
     <span class='ocr_line' id='line_1_2' title="bbox 299 807 1536 934; baseline 0.012 -70"><span class='ocrx_word' id='word_1_6' title='bbox 299 807 488 876; x_wconf 81' lang='lat' dir='ltr'><strong>variolamm</strong></span> <span class='ocrx_word' id='word_1_7' title='bbox 499 814 647 896; x_wconf 88' lang='lat' dir='ltr'><strong>pustulas</strong></span> <span class='ocrx_word' id='word_1_8' title='bbox 658 815 777 899; x_wconf 89' lang='lat' dir='ltr'><strong>nigras,</strong></span> <span class='ocrx_word' id='word_1_9' title='bbox 790 837 828 880; x_wconf 91' lang='lat' dir='ltr'><strong>eo</strong></span> <span class='ocrx_word' id='word_1_10' title='bbox 839 817 1020 900; x_wconf 81' lang='lat' dir='ltr'><strong>promptius</strong></span> <span class='ocrx_word' id='word_1_11' title='bbox 1033 817 1206 901; x_wconf 74' lang='lat' dir='ltr'><strong>sumpsisse</strong></span> <span class='ocrx_word' id='word_1_12' title='bbox 1220 817 1399 880; x_wconf 85' lang='lat' dir='ltr'><strong>incremen-</strong></span> <span class='ocrx_word' id='word_1_13' title='bbox 1424 820 1536 934; x_wconf 50' lang='lat' dir='ltr'><strong>ffiffl</strong></span> 
     </span>
    </p>
   </div>
   <div class='ocr_carea' id='block_1_3' title="bbox 298 917 1559 1022">
    <p class='ocr_par' dir='ltr' id='par_1_3' title="bbox 298 917 1559 1022">
     <span class='ocr_line' id='line_1_3' title="bbox 298 917 1559 1022; baseline 0.007 -48"><span class='ocrx_word' id='word_1_14' title='bbox 298 917 375 991; x_wconf 86' lang='lat' dir='ltr'><strong>turn,</strong></span> <span class='ocrx_word' id='word_1_15' title='bbox 399 935 465 997; x_wconf 91' lang='lat' dir='ltr'><strong>quo</strong></span> <span class='ocrx_word' id='word_1_16' title='bbox 489 918 593 999; x_wconf 84' lang='lat' dir='ltr'><strong>magis</strong></span> <span class='ocrx_word' id='word_1_17' title='bbox 618 918 778 982; x_wconf 84' lang='lat' dir='ltr'><strong>calefieret</strong></span> <span class='ocrx_word' id='word_1_18' title='bbox 800 941 913 1002; x_wconf 80' lang='lat' dir='ltr'><strong>aeger3</strong></span> <span class='ocrx_word' id='word_1_19' title='bbox 940 919 1070 984; x_wconf 86' lang='lat' dir='ltr'><strong>easdem</strong></span> <span class='ocrx_word' id='word_1_20' title='bbox 1095 941 1169 984; x_wconf 87' lang='lat' dir='ltr'><strong>vero</strong></span> <span class='ocrx_word' id='word_1_21' title='bbox 1191 940 1250 1002; x_wconf 87' lang='lat' dir='ltr'><strong>pro</strong></span> <span class='ocrx_word' id='word_1_22' title='bbox 1274 925 1399 982; x_wconf 73' lang='lat' dir='ltr'><strong>maone</strong></span> <span class='ocrx_word' id='word_1_23' title='bbox 1419 949 1559 1022; x_wconf 53' lang='lat' dir='ltr'><strong>„Q</strong></span> 
     </span>
    </p>
   </div>
   <div class='ocr_carea' id='block_1_4' title="bbox 297 1015 1547 1204">
    <p class='ocr_par' dir='ltr' id='par_1_4' title="bbox 297 1015 1547 1204">
     <span class='ocr_line' id='line_1_4' title="bbox 298 1015 1517 1104; baseline 0.008 -27"><span class='ocrx_word' id='word_1_24' title='bbox 298 1015 519 1083; x_wconf 82' lang='lat' dir='ltr'><strong>moderatioris</strong></span> <span class='ocrx_word' id='word_1_25' title='bbox 540 1021 717 1103; x_wconf 90' lang='lat' dir='ltr'><strong>regiminis,</strong></span> <span class='ocrx_word' id='word_1_26' title='bbox 733 1022 820 1104; x_wconf 92' lang='lat' dir='ltr'><strong>quod</strong></span> <span class='ocrx_word' id='word_1_27' title='bbox 841 1023 880 1086; x_wconf 89' lang='lat' dir='ltr'><strong>iis</strong></span> <span class='ocrx_word' id='word_1_28' title='bbox 900 1024 1033 1088; x_wconf 92' lang='lat' dir='ltr'><strong>omniuo</strong></span> <span class='ocrx_word' id='word_1_29' title='bbox 1052 1023 1200 1102; x_wconf 78' lang='lat' dir='ltr'><strong>debean,</strong></span> <span class='ocrx_word' id='word_1_30' title='bbox 1217 1021 1398 1088; x_wconf 69' lang='lat' dir='ltr'><strong>decressere</strong></span> <span class='ocrx_word' id='word_1_31' title='bbox 1412 1017 1517 1075; x_wconf 61' lang='lat' dir='ltr'><strong>fernum</strong></span> 
     </span>
     <span class='ocr_line' id='line_1_5' title="bbox 297 1092 1547 1204; baseline -0.001 -24"><span class='ocrx_word' id='word_1_32' title='bbox 297 1115 577 1184; x_wconf 88' lang='lat' dir='ltr'><strong>sclereacminui.</strong></span> <span class='ocrx_word' id='word_1_33' title='bbox 1409 1092 1547 1204; x_wconf 57' lang='lat' dir='ltr'><strong>fflffi&#39;,</strong></span> 
     </span>
    </p>
   </div>
   <div class='ocr_carea' id='block_1_5' title="bbox 294 1220 1555 1655">
    <p class='ocr_par' dir='ltr' id='par_1_5' title="bbox 294 1220 1555 1655">
     <span class='ocr_line' id='line_1_6' title="bbox 342 1220 1555 1346; baseline 0.007 -63"><span class='ocrx_word' id='word_1_34' title='bbox 342 1220 424 1305; x_wconf 67' lang='lat' dir='ltr'><strong>[le]</strong></span> <span class='ocrx_word' id='word_1_35' title='bbox 455 1223 477 1286; x_wconf 82' lang='lat' dir='ltr'><strong>J</strong></span> <span class='ocrx_word' id='word_1_36' title='bbox 479 1245 532 1287; x_wconf 91' lang='lat' dir='ltr'><strong>am</strong></span> <span class='ocrx_word' id='word_1_37' title='bbox 547 1225 575 1288; x_wconf 90' lang='lat' dir='ltr'><strong>si</strong></span> <span class='ocrx_word' id='word_1_38' title='bbox 590 1226 661 1308; x_wconf 86' lang='lat' dir='ltr'><strong>quis</strong></span> <span class='ocrx_word' id='word_1_39' title='bbox 675 1248 728 1290; x_wconf 87' lang='lat' dir='ltr'><strong>me</strong></span> <span class='ocrx_word' id='word_1_40' title='bbox 747 1235 848 1310; x_wconf 89' lang='lat' dir='ltr'><strong>roget,</strong></span> <span class='ocrx_word' id='word_1_41' title='bbox 865 1227 921 1310; x_wconf 93' lang='lat' dir='ltr'><strong>qui</strong></span> <span class='ocrx_word' id='word_1_42' title='bbox 935 1228 992 1291; x_wconf 88' lang='lat' dir='ltr'><strong>fist</strong></span> <span class='ocrx_word' id='word_1_43' title='bbox 1008 1235 1058 1306; x_wconf 91' lang='lat' dir='ltr'><strong>ut,</strong></span> <span class='ocrx_word' id='word_1_44' title='bbox 1072 1249 1147 1292; x_wconf 87' lang='lat' dir='ltr'><strong>cum</strong></span> <span class='ocrx_word' id='word_1_45' title='bbox 1161 1229 1346 1311; x_wconf 71' lang='lat' dir='ltr'><strong>malignitas</strong></span> <span class='ocrx_word' id='word_1_46' title='bbox 1361 1227 1397 1290; x_wconf 92' lang='lat' dir='ltr'><strong>in</strong></span> <span class='ocrx_word' id='word_1_47' title='bbox 1408 1229 1555 1346; x_wconf 52' lang='lat' dir='ltr'><strong>ffiffi·</strong></span> 
     </span>
     <span class='ocr_line' id='line_1_7' title="bbox 296 1323 1546 1412; baseline 0.01 -27"><span class='ocrx_word' id='word_1_48' title='bbox 296 1323 451 1405; x_wconf 82' lang='lat' dir='ltr'><strong>ejusmodi</strong></span> <span class='ocrx_word' id='word_1_49' title='bbox 466 1327 632 1409; x_wconf 79' lang='lat' dir='ltr'><strong>particulis</strong></span> <span class='ocrx_word' id='word_1_50' title='bbox 652 1328 762 1392; x_wconf 90' lang='lat' dir='ltr'><strong>calidis</strong></span> <span class='ocrx_word' id='word_1_51' title='bbox 777 1350 814 1393; x_wconf 88' lang='lat' dir='ltr'><strong>ac</strong></span> <span class='ocrx_word' id='word_1_52' title='bbox 834 1328 1014 1412; x_wconf 89' lang='lat' dir='ltr'><strong>spiritucsis</strong></span> <span class='ocrx_word' id='word_1_53' title='bbox 1036 1331 1200 1407; x_wconf 89' lang='lat' dir='ltr'><strong>consistat,</strong></span> <span class='ocrx_word' id='word_1_54' title='bbox 1214 1330 1303 1398; x_wconf 88' lang='lat' dir='ltr'><strong>baud</strong></span> <span class='ocrx_word' id='word_1_55' title='bbox 1322 1350 1395 1392; x_wconf 87' lang='lat' dir='ltr'><strong>raro</strong></span> <span class='ocrx_word' id='word_1_56' title='bbox 1408 1366 1423 1397; x_wconf 74' lang='grc' dir='ltr'>ι</span> <span class='ocrx_word' id='word_1_57' title='bbox 1434 1350 1546 1398; x_wconf 66' lang='lat' dir='ltr'><strong>ealefaci-</strong></span> 
     </span>
     <span class='ocr_line' id='line_1_8' title="bbox 294 1414 1552 1540; baseline 0.01 -53"><span class='ocrx_word' id='word_1_58' title='bbox 294 1424 339 1488; x_wconf 56' lang='grc' dir='ltr'><strong>να</strong></span> <span class='ocrx_word' id='word_1_59' title='bbox 358 1427 678 1514; x_wconf 72' lang='lat' dir='ltr'><strong>parcafebmsigna</strong></span> <span class='ocrx_word' id='word_1_60' title='bbox 696 1432 1058 1516; x_wconf 58' lang='lat' dir='ltr'><strong>complasmatum</strong></span> <span class='ocrx_word' id='word_1_61' title='bbox 1079 1433 1114 1496; x_wconf 73' lang='lat' dir='ltr'><strong>in</strong></span> <span class='ocrx_word' id='word_1_62' title='bbox 1132 1434 1253 1498; x_wconf 69' lang='lat' dir='ltr'><strong>morea</strong></span> <span class='ocrx_word' id='word_1_63' title='bbox 1267 1437 1394 1498; x_wconf 68' lang='lat' dir='ltr'><strong>summe</strong></span> <span class='ocrx_word' id='word_1_64' title='bbox 1404 1414 1552 1540; x_wconf 59' lang='lat' dir='ltr'><strong>gssglffl·</strong></span> 
     </span>
     <span class='ocr_line' id='line_1_9' title="bbox 295 1515 1546 1655; baseline 0.01 -67"><span class='ocrx_word' id='word_1_65' title='bbox 295 1525 461 1610; x_wconf 70' lang='lat' dir='ltr'><strong>malignis,</strong></span> <span class='ocrx_word' id='word_1_66' title='bbox 485 1531 711 1613; x_wconf 84' lang='lat' dir='ltr'><strong>responderem</strong></span> <span class='ocrx_word' id='word_1_67' title='bbox 732 1535 943 1617; x_wconf 77' lang='lat' dir='ltr'><strong>percontanti,</strong></span> <span class='ocrx_word' id='word_1_68' title='bbox 964 1535 1068 1618; x_wconf 89' lang='lat' dir='ltr'><strong>primo</strong></span> <span class='ocrx_word' id='word_1_69' title='bbox 1089 1536 1125 1598; x_wconf 91' lang='lat' dir='ltr'><strong>in</strong></span> <span class='ocrx_word' id='word_1_70' title='bbox 1146 1536 1317 1618; x_wconf 84' lang='lat' dir='ltr'><strong>praecipua</strong></span> <span class='ocrx_word' id='word_1_71' title='bbox 1337 1515 1546 1655; x_wconf 56' lang='lat' dir='ltr'><strong>ilhffliffii‘.</strong></span> 
     </span>
    </p>
   </div>
   <div class='ocr_carea' id='block_1_6' title="bbox 294 1637 1551 1730">
    <p class='ocr_par' dir='ltr' id='par_1_6' title="bbox 294 1637 1551 1730">
     <span class='ocr_line' id='line_1_10' title="bbox 294 1637 1551 1730; baseline 0.009 -34"><span class='ocrx_word' id='word_1_72' title='bbox 294 1641 325 1696; x_wconf 92' lang='lat' dir='ltr'><strong>et</strong></span> <span class='ocrx_word' id='word_1_73' title='bbox 346 1637 488 1701; x_wconf 83' lang='lat' dir='ltr'><strong>maxime</strong></span> <span class='ocrx_word' id='word_1_74' title='bbox 511 1639 633 1722; x_wconf 85' lang='lat' dir='ltr'><strong>insigni</strong></span> <span class='ocrx_word' id='word_1_75' title='bbox 654 1641 865 1724; x_wconf 82' lang='lat' dir='ltr'><strong>malignitatis</strong></span> <span class='ocrx_word' id='word_1_76' title='bbox 880 1641 1046 1720; x_wconf 84' lang='lat' dir='ltr'><strong>instantia,</strong></span> <span class='ocrx_word' id='word_1_77' title='bbox 1061 1642 1131 1724; x_wconf 84' lang='lat' dir='ltr'><strong>ipsa</strong></span> <span class='ocrx_word' id='word_1_78' title='bbox 1150 1650 1249 1724; x_wconf 89' lang='lat' dir='ltr'><strong>peste,</strong></span> <span class='ocrx_word' id='word_1_79' title='bbox 1265 1641 1394 1704; x_wconf 89' lang='lat' dir='ltr'><strong>abunde</strong></span> <span class='ocrx_word' id='word_1_80' title='bbox 1405 1671 1551 1730; x_wconf 73' lang='lat' dir='ltr'><strong>conmuni,</strong></span> 
     </span>
    </p>
   </div>
   <div class='ocr_carea' id='block_1_7' title="bbox 293 1735 1545 1942">
    <p class='ocr_par' dir='ltr' id='par_1_7' title="bbox 293 1735 1545 1942">
     <span class='ocr_line' id='line_1_11' title="bbox 293 1735 1545 1862; baseline 0.006 -57"><span class='ocrx_word' id='word_1_81' title='bbox 293 1749 416 1806; x_wconf 86' lang='lat' dir='ltr'><strong>constat</strong></span> <span class='ocrx_word' id='word_1_82' title='bbox 446 1744 619 1827; x_wconf 68' lang='lat' dir='ltr'><strong>peruenias</strong></span> <span class='ocrx_word' id='word_1_83' title='bbox 645 1745 780 1832; x_wconf 75' lang='lat' dir='ltr'><strong>moqus</strong></span> <span class='ocrx_word' id='word_1_84' title='bbox 804 1747 852 1811; x_wconf 91' lang='lat' dir='ltr'><strong>ita</strong></span> <span class='ocrx_word' id='word_1_85' title='bbox 880 1769 977 1830; x_wconf 88' lang='lat' dir='ltr'><strong>supra</strong></span> <span class='ocrx_word' id='word_1_86' title='bbox 1005 1747 1138 1812; x_wconf 91' lang='lat' dir='ltr'><strong>modum</strong></span> <span class='ocrx_word' id='word_1_87' title='bbox 1167 1747 1301 1810; x_wconf 88' lang='lat' dir='ltr'><strong>subtiles</strong></span> <span class='ocrx_word' id='word_1_88' title='bbox 1326 1735 1545 1862; x_wconf 34' lang='lat' dir='ltr'><strong>⁰⁸³⁰&amp;thae</strong></span> 
     </span>
     <span class='ocr_line' id='line_1_12' title="bbox 293 1846 1542 1942; baseline 0.006 -35"><span class='ocrx_word' id='word_1_89' title='bbox 293 1849 386 1926; x_wconf 86' lang='lat' dir='ltr'><strong>atque</strong></span> <span class='ocrx_word' id='word_1_90' title='bbox 406 1846 570 1910; x_wconf 72' lang='lat' dir='ltr'><strong>semustas</strong></span> <span class='ocrx_word' id='word_1_91' title='bbox 588 1848 787 1931; x_wconf 87' lang='lat' dir='ltr'><strong>(praesertim</strong></span> <span class='ocrx_word' id='word_1_92' title='bbox 807 1848 864 1913; x_wconf 93' lang='lat' dir='ltr'><strong>ubi</strong></span> <span class='ocrx_word' id='word_1_93' title='bbox 884 1850 1026 1932; x_wconf 88' lang='lat' dir='ltr'><strong>primum</strong></span> <span class='ocrx_word' id='word_1_94' title='bbox 1047 1849 1161 1932; x_wconf 78' lang='lat' dir='ltr'><strong>incipit</strong></span> <span class='ocrx_word' id='word_1_95' title='bbox 1180 1850 1340 1932; x_wconf 64' lang='lat' dir='ltr'><strong>grassari)</strong></span> <span class='ocrx_word' id='word_1_96' title='bbox 1357 1855 1395 1912; x_wconf 89' lang='lat' dir='ltr'><strong>ut</strong></span> <span class='ocrx_word' id='word_1_97' title='bbox 1406 1877 1542 1942; x_wconf 50' lang='lat' dir='ltr'><strong>„min</strong></span> 
     </span>
    </p>
   </div>
   <div class='ocr_carea' id='block_1_8' title="bbox 293 1943 1552 2070">
    <p class='ocr_par' dir='ltr' id='par_1_8' title="bbox 293 1943 1552 2070">
     <span class='ocr_line' id='line_1_13' title="bbox 293 1943 1552 2070; baseline -0.001 -56"><span class='ocrx_word' id='word_1_98' title='bbox 293 1969 386 2014; x_wconf 81' lang='lat' dir='ltr'><strong>aurae</strong></span> <span class='ocrx_word' id='word_1_99' title='bbox 419 1949 463 2013; x_wconf 88' lang='lat' dir='ltr'><strong>ed</strong></span> <span class='ocrx_word' id='word_1_100' title='bbox 491 1951 595 2015; x_wconf 90' lang='lat' dir='ltr'><strong>instar</strong></span> <span class='ocrx_word' id='word_1_101' title='bbox 623 1952 814 2035; x_wconf 91' lang='lat' dir='ltr'><strong>sanguinem</strong></span> <span class='ocrx_word' id='word_1_102' title='bbox 843 1952 1094 2036; x_wconf 69' lang='lat' dir='ltr'><strong>pervadentem</strong></span> <span class='ocrx_word' id='word_1_103' title='bbox 1123 1953 1279 2037; x_wconf 84' lang='lat' dir='ltr'><strong>syderatis</strong></span> <span class='ocrx_word' id='word_1_104' title='bbox 1303 1943 1552 2070; x_wconf 54' lang='lat' dir='ltr'><strong>‘lmil&#39;ii‘iiiiue</strong></span> 
     </span>
    </p>
   </div>
   <div class='ocr_carea' id='block_1_9' title="bbox 293 2051 1510 2152">
    <p class='ocr_par' dir='ltr' id='par_1_9' title="bbox 293 2051 1510 2152">
     <span class='ocr_line' id='line_1_14' title="bbox 293 2051 1510 2152; baseline 0.004 -37"><span class='ocrx_word' id='word_1_105' title='bbox 293 2051 359 2134; x_wconf 84' lang='lat' dir='ltr'><strong>ejus</strong></span> <span class='ocrx_word' id='word_1_106' title='bbox 382 2051 562 2136; x_wconf 82' lang='lat' dir='ltr'><strong>spiritibus,</strong></span> <span class='ocrx_word' id='word_1_107' title='bbox 585 2075 628 2117; x_wconf 88' lang='lat' dir='ltr'><strong>ne</strong></span> <span class='ocrx_word' id='word_1_108' title='bbox 649 2053 685 2116; x_wconf 87' lang='lat' dir='ltr'><strong>in</strong></span> <span class='ocrx_word' id='word_1_109' title='bbox 711 2053 936 2152; x_wconf 49' lang='lat' dir='ltr'><strong>ebullitionem⁴</strong></span> <span class='ocrx_word' id='word_1_110' title='bbox 956 2054 1087 2138; x_wconf 90' lang='lat' dir='ltr'><strong>quidem</strong></span> <span class='ocrx_word' id='word_1_111' title='bbox 1111 2054 1204 2118; x_wconf 92' lang='lat' dir='ltr'><strong>illum</strong></span> <span class='ocrx_word' id='word_1_112' title='bbox 1233 2055 1392 2132; x_wconf 88' lang='lat' dir='ltr'><strong>attollant,</strong></span> <span class='ocrx_word' id='word_1_113' title='bbox 1405 2072 1510 2120; x_wconf 69' lang='lat' dir='ltr'><strong>subrues</strong></span> 
     </span>
    </p>
   </div>
   <div class='ocr_carea' id='block_1_10' title="bbox 292 2143 1552 2448">
    <p class='ocr_par' dir='ltr' id='par_1_10' title="bbox 292 2143 1552 2448">
     <span class='ocr_line' id='line_1_15' title="bbox 292 2143 1552 2264; baseline 0.013 -47"><span class='ocrx_word' id='word_1_114' title='bbox 292 2155 377 2218; x_wconf 88' lang='lat' dir='ltr'><strong>unde</strong></span> <span class='ocrx_word' id='word_1_115' title='bbox 391 2176 491 2238; x_wconf 86' lang='lat' dir='ltr'><strong>aeger</strong></span> <span class='ocrx_word' id='word_1_116' title='bbox 505 2155 576 2219; x_wconf 90' lang='lat' dir='ltr'><strong>sine</strong></span> <span class='ocrx_word' id='word_1_117' title='bbox 590 2155 679 2221; x_wconf 88' lang='lat' dir='ltr'><strong>febre</strong></span> <span class='ocrx_word' id='word_1_118' title='bbox 693 2157 787 2239; x_wconf 89' lang='lat' dir='ltr'><strong>perit.</strong></span> <span class='ocrx_word' id='word_1_119' title='bbox 1405 2143 1552 2264; x_wconf 45' lang='lat' dir='ltr'><strong>:22aess</strong></span> 
     </span>
     <span class='ocr_line' id='line_1_16' title="bbox 338 2255 1540 2344; baseline 0.009 -26"><span class='ocrx_word' id='word_1_120' title='bbox 338 2256 424 2340; x_wconf 87' lang='lat'>[16.]</span> <span class='ocrx_word' id='word_1_121' title='bbox 453 2255 500 2320; x_wconf 92' lang='lat' dir='ltr'><strong>At</strong></span> <span class='ocrx_word' id='word_1_122' title='bbox 522 2277 597 2321; x_wconf 86' lang='lat' dir='ltr'><strong>veru</strong></span> <span class='ocrx_word' id='word_1_123' title='bbox 622 2256 657 2320; x_wconf 93' lang='lat' dir='ltr'><strong>in</strong></span> <span class='ocrx_word' id='word_1_124' title='bbox 682 2258 800 2322; x_wconf 90' lang='lat' dir='ltr'><strong>minori</strong></span> <span class='ocrx_word' id='word_1_125' title='bbox 825 2258 887 2324; x_wconf 90' lang='lat' dir='ltr'><strong>isto</strong></span> <span class='ocrx_word' id='word_1_126' title='bbox 913 2259 1126 2342; x_wconf 83' lang='lat' dir='ltr'><strong>malignitatis</strong></span> <span class='ocrx_word' id='word_1_127' title='bbox 1151 2260 1255 2342; x_wconf 90' lang='lat' dir='ltr'><strong>gradu</strong></span> <span class='ocrx_word' id='word_1_128' title='bbox 1279 2261 1335 2343; x_wconf 94' lang='lat' dir='ltr'><strong>qui</strong></span> <span class='ocrx_word' id='word_1_129' title='bbox 1357 2261 1540 2344; x_wconf 66' lang='lat' dir='ltr'><strong>inquidqnin</strong></span> 
     </span>
     <span class='ocr_line' id='line_1_17' title="bbox 292 2331 1546 2448; baseline 0.01 -25"><span class='ocrx_word' id='word_1_130' title='bbox 292 2360 360 2424; x_wconf 87' lang='lat' dir='ltr'><strong>aliis</strong></span> <span class='ocrx_word' id='word_1_131' title='bbox 390 2359 578 2444; x_wconf 88' lang='lat' dir='ltr'><strong>epidemicis</strong></span> <span class='ocrx_word' id='word_1_132' title='bbox 607 2361 775 2444; x_wconf 85' lang='lat' dir='ltr'><strong>reperitur,</strong></span> <span class='ocrx_word' id='word_1_133' title='bbox 805 2369 1022 2446; x_wconf 81' lang='lat' dir='ltr'><strong>symptomata</strong></span> <span class='ocrx_word' id='word_1_134' title='bbox 1049 2363 1177 2427; x_wconf 82' lang='lat' dir='ltr'><strong>fabrilia</strong></span> <span class='ocrx_word' id='word_1_135' title='bbox 1204 2364 1252 2428; x_wconf 93' lang='lat' dir='ltr'><strong>ita</strong></span> <span class='ocrx_word' id='word_1_136' title='bbox 1279 2331 1546 2448; x_wconf 49' lang='lat' dir='ltr'><strong>panmfjissnffi.</strong></span> 
     </span>
    </p>
   </div>
   <div class='ocr_carea' id='block_1_11' title="bbox 291 2459 1544 2549">
    <p class='ocr_par' dir='ltr' id='par_1_11' title="bbox 291 2459 1544 2549">
     <span class='ocr_line' id='line_1_18' title="bbox 291 2459 1544 2549; baseline 0.01 -25"><span class='ocrx_word' id='word_1_137' title='bbox 291 2463 464 2544; x_wconf 86' lang='lat' dir='ltr'><strong>conspicua</strong></span> <span class='ocrx_word' id='word_1_138' title='bbox 478 2461 669 2542; x_wconf 90' lang='lat' dir='ltr'><strong>redduntur,</strong></span> <span class='ocrx_word' id='word_1_139' title='bbox 684 2484 919 2546; x_wconf 88' lang='lat' dir='ltr'><strong>nonnunquam</strong></span> <span class='ocrx_word' id='word_1_140' title='bbox 937 2486 957 2528; x_wconf 92' lang='lat' dir='ltr'><strong>a</strong></span> <span class='ocrx_word' id='word_1_141' title='bbox 974 2465 1162 2529; x_wconf 78' lang='lat' dir='ltr'><strong>confirsione</strong></span> <span class='ocrx_word' id='word_1_142' title='bbox 1180 2465 1217 2528; x_wconf 90' lang='lat' dir='ltr'><strong>in</strong></span> <span class='ocrx_word' id='word_1_143' title='bbox 1236 2465 1394 2549; x_wconf 90' lang='lat' dir='ltr'><strong>sanguine</strong></span> <span class='ocrx_word' id='word_1_144' title='bbox 1406 2459 1465 2517; x_wconf 66' lang='lat'><strong>¹⁸⁰¹·</strong></span> <span class='ocrx_word' id='word_1_145' title='bbox 1477 2461 1544 2536; x_wconf 67' lang='lat'>”¹3⁶⁰</span> 
     </span>
    </p>
   </div>
   <div class='ocr_carea' id='block_1_12' title="bbox 291 2539 1548 2650">
    <p class='ocr_par' dir='ltr' id='par_1_12' title="bbox 291 2539 1548 2650">
     <span class='ocr_line' id='line_1_19' title="bbox 291 2539 1548 2650; baseline 0.009 -24"><span class='ocrx_word' id='word_1_146' title='bbox 291 2571 387 2648; x_wconf 91' lang='lat' dir='ltr'><strong>atque</strong></span> <span class='ocrx_word' id='word_1_147' title='bbox 417 2565 607 2630; x_wconf 84' lang='lat' dir='ltr'><strong>humoribus</strong></span> <span class='ocrx_word' id='word_1_148' title='bbox 636 2567 775 2630; x_wconf 85' lang='lat' dir='ltr'><strong>excitata</strong></span> <span class='ocrx_word' id='word_1_149' title='bbox 804 2588 824 2630; x_wconf 86' lang='lat' dir='ltr'><strong>a</strong></span> <span class='ocrx_word' id='word_1_150' title='bbox 852 2565 1017 2650; x_wconf 82' lang='lat' dir='ltr'><strong>particulis</strong></span> <span class='ocrx_word' id='word_1_151' title='bbox 1050 2568 1189 2631; x_wconf 90' lang='lat' dir='ltr'><strong>inimicis</strong></span> <span class='ocrx_word' id='word_1_152' title='bbox 1218 2587 1330 2632; x_wconf 91' lang='lat' dir='ltr'><strong>eorum</strong></span> <span class='ocrx_word' id='word_1_153' title='bbox 1358 2539 1548 2650; x_wconf 51' lang='lat' dir='ltr'><strong>inlafdffiii</strong></span> 
     </span>
    </p>
   </div>
   <div class='ocr_carea' id='block_1_13' title="bbox 292 2663 1552 2777">
    <p class='ocr_par' dir='ltr' id='par_1_13' title="bbox 292 2663 1552 2777">
     <span class='ocr_line' id='line_1_20' title="bbox 292 2663 1552 2777; baseline -0.003 -44"><span class='ocrx_word' id='word_1_154' title='bbox 292 2668 415 2749; x_wconf 84' lang='lat' dir='ltr'><strong>gremio</strong></span> <span class='ocrx_word' id='word_1_155' title='bbox 434 2667 592 2732; x_wconf 89' lang='lat' dir='ltr'><strong>conclusis</strong></span> <span class='ocrx_word' id='word_1_156' title='bbox 600 2694 611 2748; x_wconf 89' lang='lat'>;</span> <span class='ocrx_word' id='word_1_157' title='bbox 632 2669 720 2734; x_wconf 88' lang='lat' dir='ltr'><strong>unde</strong></span> <span class='ocrx_word' id='word_1_158' title='bbox 735 2670 864 2732; x_wconf 87' lang='lat' dir='ltr'><strong>Natura</strong></span> <span class='ocrx_word' id='word_1_159' title='bbox 884 2669 976 2752; x_wconf 88' lang='lat' dir='ltr'><strong>quasi</strong></span> <span class='ocrx_word' id='word_1_160' title='bbox 992 2689 1144 2751; x_wconf 90' lang='lat' dir='ltr'><strong>oppressa</strong></span> <span class='ocrx_word' id='word_1_161' title='bbox 1156 2689 1225 2731; x_wconf 92' lang='lat' dir='ltr'><strong>non</strong></span> <span class='ocrx_word' id='word_1_162' title='bbox 1243 2669 1328 2751; x_wconf 91' lang='lat' dir='ltr'><strong>potis</strong></span> <span class='ocrx_word' id='word_1_163' title='bbox 1344 2675 1394 2730; x_wconf 86' lang='lat' dir='ltr'><strong>est</strong></span> <span class='ocrx_word' id='word_1_164' title='bbox 1406 2663 1552 2777; x_wconf 53' lang='lat' dir='ltr'><strong>{mp-</strong></span> 
     </span>
    </p>
   </div>
   <div class='ocr_carea' id='block_1_14' title="bbox 292 2767 1546 2854">
    <p class='ocr_par' dir='ltr' id='par_1_14' title="bbox 292 2767 1546 2854">
     <span class='ocr_line' id='line_1_21' title="bbox 292 2767 1546 2854; baseline -0.003 -20"><span class='ocrx_word' id='word_1_165' title='bbox 292 2778 508 2854; x_wconf 79' lang='lat' dir='ltr'><strong>symptomata</strong></span> <span class='ocrx_word' id='word_1_166' title='bbox 529 2771 585 2834; x_wconf 88' lang='lat' dir='ltr'><strong>illa</strong></span> <span class='ocrx_word' id='word_1_167' title='bbox 605 2771 708 2852; x_wconf 90' lang='lat' dir='ltr'><strong>magis</strong></span> <span class='ocrx_word' id='word_1_168' title='bbox 730 2769 892 2853; x_wconf 85' lang='lat' dir='ltr'><strong>regularia</strong></span> <span class='ocrx_word' id='word_1_169' title='bbox 917 2789 1046 2832; x_wconf 84' lang='lat' dir='ltr'><strong>exerere</strong></span> <span class='ocrx_word' id='word_1_170' title='bbox 1068 2789 1151 2850; x_wconf 82' lang='lat' dir='ltr'><strong>quae</strong></span> <span class='ocrx_word' id='word_1_171' title='bbox 1171 2767 1285 2830; x_wconf 90' lang='lat' dir='ltr'><strong>morbo</strong></span> <span class='ocrx_word' id='word_1_172' title='bbox 1306 2787 1392 2830; x_wconf 89' lang='lat' dir='ltr'><strong>com·</strong></span> <span class='ocrx_word' id='word_1_173' title='bbox 1405 2792 1546 2854; x_wconf 52' lang='lat' dir='ltr'><strong>,Pamph</strong></span> 
     </span>
    </p>
   </div>
   <div class='ocr_carea' id='block_1_15' title="bbox 291 2855 1536 2984">
    <p class='ocr_par' dir='ltr' id='par_1_15' title="bbox 291 2855 1536 2984">
     <span class='ocr_line' id='line_1_22' title="bbox 291 2855 1536 2984; baseline -0.01 -48"><span class='ocrx_word' id='word_1_174' title='bbox 291 2877 418 2952; x_wconf 75' lang='lat' dir='ltr'><strong>petimt,</strong></span> <span class='ocrx_word' id='word_1_175' title='bbox 434 2877 468 2935; x_wconf 90' lang='lat' dir='ltr'><strong>at</strong></span> <span class='ocrx_word' id='word_1_176' title='bbox 488 2871 636 2935; x_wconf 86' lang='lat' dir='ltr'><strong>anomala</strong></span> <span class='ocrx_word' id='word_1_177' title='bbox 650 2877 728 2936; x_wconf 92' lang='lat' dir='ltr'><strong>suut</strong></span> <span class='ocrx_word' id='word_1_178' title='bbox 748 2867 923 2956; x_wconf 79' lang='grc' dir='ltr'>φαινόμενα</span> <span class='ocrx_word' id='word_1_179' title='bbox 939 2869 1007 2932; x_wconf 81' lang='lat' dir='ltr'><strong>tere</strong></span> <span class='ocrx_word' id='word_1_180' title='bbox 1026 2869 1136 2932; x_wconf 89' lang='lat' dir='ltr'><strong>omnia</strong></span> <span class='ocrx_word' id='word_1_181' title='bbox 1157 2867 1198 2931; x_wconf 92' lang='lat' dir='ltr'><strong>cb</strong></span> <span class='ocrx_word' id='word_1_182' title='bbox 1214 2865 1394 2947; x_wconf 79' lang='grc' dir='ltr'>οἰκονομίαν</span> <span class='ocrx_word' id='word_1_183' title='bbox 1405 2855 1536 2984; x_wconf 47' lang='lat'><strong>{3353}</strong></span> 
     </span>
    </p>
   </div>
   <div class='ocr_carea' id='block_1_16' title="bbox 290 2972 1554 3096">
    <p class='ocr_par' dir='ltr' id='par_1_16' title="bbox 290 2972 1554 3096">
     <span class='ocr_line' id='line_1_23' title="bbox 290 2972 1554 3096; baseline 0 -58"><span class='ocrx_word' id='word_1_184' title='bbox 290 2975 421 3058; x_wconf 90' lang='lat' dir='ltr'><strong>penitus</strong></span> <span class='ocrx_word' id='word_1_185' title='bbox 439 2995 581 3039; x_wconf 88' lang='lat' dir='ltr'><strong>eversam</strong></span> <span class='ocrx_word' id='word_1_186' title='bbox 598 2975 824 3059; x_wconf 80' lang='lat' dir='ltr'><strong>dimtamque3</strong></span> <span class='ocrx_word' id='word_1_187' title='bbox 847 2995 910 3058; x_wconf 91' lang='lat' dir='ltr'><strong>quo</strong></span> <span class='ocrx_word' id='word_1_188' title='bbox 932 2974 969 3036; x_wconf 91' lang='lat' dir='ltr'><strong>in</strong></span> <span class='ocrx_word' id='word_1_189' title='bbox 990 2993 1067 3036; x_wconf 87' lang='lat' dir='ltr'><strong>casu</strong></span> <span class='ocrx_word' id='word_1_190' title='bbox 1087 2972 1279 3056; x_wconf 84' lang='lat' dir='ltr'><strong>deprimitm</strong></span> <span class='ocrx_word' id='word_1_191' title='bbox 1298 2993 1393 3056; x_wconf 86' lang='lat' dir='ltr'><strong>saepe</strong></span> <span class='ocrx_word' id='word_1_192' title='bbox 1405 2997 1437 3058; x_wconf 67' lang='grc' dir='ltr'><strong>οι</strong></span> <span class='ocrx_word' id='word_1_193' title='bbox 1447 2989 1554 3096; x_wconf 49' lang='lat' dir='ltr'><strong>qotqppig</strong></span> 
     </span>
    </p>
   </div>
   <div class='ocr_carea' id='block_1_17' title="bbox 290 3062 1519 3162">
    <p class='ocr_par' dir='ltr' id='par_1_17' title="bbox 290 3062 1519 3162">
     <span class='ocr_line' id='line_1_24' title="bbox 290 3062 1519 3162; baseline 0 -23"><span class='ocrx_word' id='word_1_194' title='bbox 290 3076 399 3156; x_wconf 79' lang='lat' dir='ltr'><strong>febris,</strong></span> <span class='ocrx_word' id='word_1_195' title='bbox 415 3099 506 3160; x_wconf 87' lang='lat' dir='ltr'><strong>quae,</strong></span> <span class='ocrx_word' id='word_1_196' title='bbox 523 3077 691 3142; x_wconf 89' lang='lat' dir='ltr'><strong>obtinente</strong></span> <span class='ocrx_word' id='word_1_197' title='bbox 707 3077 849 3161; x_wconf 87' lang='lat' dir='ltr'><strong>genuino</strong></span> <span class='ocrx_word' id='word_1_198' title='bbox 869 3075 1017 3138; x_wconf 86' lang='lat' dir='ltr'><strong>Naturae</strong></span> <span class='ocrx_word' id='word_1_199' title='bbox 1032 3073 1142 3150; x_wconf 87' lang='lat' dir='ltr'><strong>ductu,</strong></span> <span class='ocrx_word' id='word_1_200' title='bbox 1158 3073 1291 3137; x_wconf 90' lang='lat' dir='ltr'><strong>omnino</strong></span> <span class='ocrx_word' id='word_1_201' title='bbox 1305 3074 1392 3156; x_wconf 83' lang='lat' dir='ltr'><strong>vige·</strong></span> <span class='ocrx_word' id='word_1_202' title='bbox 1405 3062 1519 3162; x_wconf 44' lang='grc' dir='ltr'><strong>ζζῃῃῃζ</strong></span> 
     </span>
    </p>
   </div>
   <div class='ocr_carea' id='block_1_18' title="bbox 291 3175 1530 3292">
    <p class='ocr_par' dir='ltr' id='par_1_18' title="bbox 291 3175 1530 3292">
     <span class='ocr_line' id='line_1_25' title="bbox 291 3175 1530 3292; baseline 0.005 -52"><span class='ocrx_word' id='word_1_203' title='bbox 291 3185 349 3244; x_wconf 89' lang='lat' dir='ltr'><strong>ret.</strong></span> <span class='ocrx_word' id='word_1_204' title='bbox 396 3179 600 3263; x_wconf 81' lang='lat' dir='ltr'><strong>Quandoque</strong></span> <span class='ocrx_word' id='word_1_205' title='bbox 618 3180 716 3244; x_wconf 87' lang='lat' dir='ltr'><strong>etiam</strong></span> <span class='ocrx_word' id='word_1_206' title='bbox 735 3179 886 3263; x_wconf 87' lang='lat' dir='ltr'><strong>pauciora</strong></span> <span class='ocrx_word' id='word_1_207' title='bbox 908 3199 942 3240; x_wconf 89' lang='lat' dir='ltr'><strong>se</strong></span> <span class='ocrx_word' id='word_1_208' title='bbox 962 3175 1140 3241; x_wconf 89' lang='lat' dir='ltr'><strong>ostendunt</strong></span> <span class='ocrx_word' id='word_1_209' title='bbox 1156 3175 1255 3240; x_wconf 86' lang='lat' dir='ltr'><strong>febris</strong></span> <span class='ocrx_word' id='word_1_210' title='bbox 1273 3175 1392 3240; x_wconf 87' lang='lat' dir='ltr'><strong>iudicia</strong></span> <span class='ocrx_word' id='word_1_211' title='bbox 1405 3179 1530 3292; x_wconf 45' lang='lat'><strong>2333</strong></span> 
     </span>
    </p>
   </div>
   <div class='ocr_carea' id='block_1_19' title="bbox 290 3278 1549 3486">
    <p class='ocr_par' dir='ltr' id='par_1_19' title="bbox 290 3278 1549 3486">
     <span class='ocr_line' id='line_1_26' title="bbox 291 3278 1549 3366; baseline 0 -20"><span class='ocrx_word' id='word_1_212' title='bbox 291 3302 389 3364; x_wconf 89' lang='lat' dir='ltr'><strong>quam</strong></span> <span class='ocrx_word' id='word_1_213' title='bbox 410 3303 468 3364; x_wconf 91' lang='lat' dir='ltr'><strong>pro</strong></span> <span class='ocrx_word' id='word_1_214' title='bbox 487 3282 592 3346; x_wconf 89' lang='lat' dir='ltr'><strong>morbi</strong></span> <span class='ocrx_word' id='word_1_215' title='bbox 614 3283 719 3366; x_wconf 89' lang='lat' dir='ltr'><strong>genio,</strong></span> <span class='ocrx_word' id='word_1_216' title='bbox 735 3281 776 3345; x_wconf 91' lang='lat' dir='ltr'><strong>ob</strong></span> <span class='ocrx_word' id='word_1_217' title='bbox 796 3279 987 3344; x_wconf 88' lang='lat' dir='ltr'><strong>metastasin</strong></span> <span class='ocrx_word' id='word_1_218' title='bbox 1003 3279 1147 3344; x_wconf 83' lang='lat' dir='ltr'><strong>minerae</strong></span> <span class='ocrx_word' id='word_1_219' title='bbox 1168 3278 1329 3360; x_wconf 84' lang='lat' dir='ltr'><strong>malignae</strong></span> <span class='ocrx_word' id='word_1_220' title='bbox 1343 3279 1393 3342; x_wconf 85' lang='lat' dir='ltr'><strong>vel</strong></span> <span class='ocrx_word' id='word_1_221' title='bbox 1405 3307 1549 3358; x_wconf 65' lang='lat' dir='ltr'><strong>neminen-</strong></span> 
     </span>
     <span class='ocr_line' id='line_1_27' title="bbox 290 3370 1514 3486; baseline -0.001 -40"><span class='ocrx_word' id='word_1_222' title='bbox 290 3383 325 3446; x_wconf 94' lang='lat' dir='ltr'><strong>in</strong></span> <span class='ocrx_word' id='word_1_223' title='bbox 347 3405 450 3466; x_wconf 88' lang='lat' dir='ltr'><strong>genus</strong></span> <span class='ocrx_word' id='word_1_224' title='bbox 471 3405 643 3449; x_wconf 88' lang='lat' dir='ltr'><strong>nervosum</strong></span> <span class='ocrx_word' id='word_1_225' title='bbox 664 3384 792 3462; x_wconf 87' lang='lat' dir='ltr'><strong>factam,</strong></span> <span class='ocrx_word' id='word_1_226' title='bbox 815 3383 866 3448; x_wconf 84' lang='lat' dir='ltr'><strong>vel</strong></span> <span class='ocrx_word' id='word_1_227' title='bbox 887 3383 923 3446; x_wconf 95' lang='lat' dir='ltr'><strong>in</strong></span> <span class='ocrx_word' id='word_1_228' title='bbox 945 3382 1023 3446; x_wconf 87' lang='lat' dir='ltr'><strong>alias</strong></span> <span class='ocrx_word' id='word_1_229' title='bbox 1046 3389 1151 3465; x_wconf 89' lang='lat' dir='ltr'><strong>partes</strong></span> <span class='ocrx_word' id='word_1_230' title='bbox 1174 3381 1323 3465; x_wconf 89' lang='lat' dir='ltr'><strong>corporis,</strong></span> <span class='ocrx_word' id='word_1_231' title='bbox 1342 3383 1393 3446; x_wconf 87' lang='lat' dir='ltr'><strong>vel</strong></span> <span class='ocrx_word' id='word_1_232' title='bbox 1405 3370 1514 3486; x_wconf 59' lang='lat' dir='ltr'><strong>ffin‘}</strong></span> 
     </span>
    </p>
   </div>
   <div class='ocr_carea' id='block_1_20' title="bbox 290 3485 1530 3572">
    <p class='ocr_par' dir='ltr' id='par_1_20' title="bbox 290 3485 1530 3572">
     <span class='ocr_line' id='line_1_28' title="bbox 290 3485 1530 3572; baseline 0.002 -23"><span class='ocrx_word' id='word_1_233' title='bbox 290 3487 388 3550; x_wconf 88' lang='lat' dir='ltr'><strong>etiam</strong></span> <span class='ocrx_word' id='word_1_234' title='bbox 403 3487 554 3552; x_wconf 89' lang='lat' dir='ltr'><strong>humores</strong></span> <span class='ocrx_word' id='word_1_235' title='bbox 569 3495 659 3552; x_wconf 85' lang='lat' dir='ltr'><strong>extra</strong></span> <span class='ocrx_word' id='word_1_236' title='bbox 673 3488 840 3572; x_wconf 84' lang='lat' dir='ltr'><strong>sanguinis</strong></span> <span class='ocrx_word' id='word_1_237' title='bbox 853 3485 1116 3571; x_wconf 88' lang='lat' dir='ltr'><strong>pomoeria,du1u</strong></span> <span class='ocrx_word' id='word_1_238' title='bbox 1130 3493 1275 3570; x_wconf 88' lang='lat' dir='ltr'><strong>turgeret</strong></span> <span class='ocrx_word' id='word_1_239' title='bbox 1286 3487 1392 3551; x_wconf 91' lang='lat' dir='ltr'><strong>adhuc</strong></span> <span class='ocrx_word' id='word_1_240' title='bbox 1404 3500 1458 3559; x_wconf 70' lang='lat' dir='ltr'><strong>bus,</strong></span> <span class='ocrx_word' id='word_1_241' title='bbox 1469 3517 1530 3552; x_wconf 81' lang='lat' dir='ltr'><strong>nou·</strong></span> 
     </span>
    </p>
   </div>
   <div class='ocr_carea' id='block_1_21' title="bbox 290 3579 1531 3680">
    <p class='ocr_par' dir='ltr' id='par_1_21' title="bbox 290 3579 1531 3680">
     <span class='ocr_line' id='line_1_29' title="bbox 290 3579 1531 3680; baseline 0.015 -28"><span class='ocrx_word' id='word_1_242' title='bbox 290 3590 426 3653; x_wconf 89' lang='lat' dir='ltr'><strong>materia</strong></span> <span class='ocrx_word' id='word_1_243' title='bbox 439 3591 589 3654; x_wconf 89' lang='lat' dir='ltr'><strong>morbum</strong></span> <span class='ocrx_word' id='word_1_244' title='bbox 604 3591 820 3656; x_wconf 90' lang='lat' dir='ltr'><strong>committens.</strong></span> <span class='ocrx_word' id='word_1_245' title='bbox 1403 3579 1531 3680; x_wconf 51' lang='lat' dir='ltr'><strong>{diff</strong></span> 
     </span>
    </p>
   </div>
   <div class='ocr_carea' id='block_1_22' title="bbox 290 3690 1544 3982">
    <p class='ocr_par' dir='ltr' id='par_1_22' title="bbox 290 3690 1544 3982">
     <span class='ocr_line' id='line_1_30' title="bbox 339 3690 1544 3776; baseline -0.008 -20"><span class='ocrx_word' id='word_1_246' title='bbox 339 3693 396 3776; x_wconf 81' lang='lat'><strong>[1⁷</strong></span> <span class='ocrx_word' id='word_1_247' title='bbox 399 3693 421 3776; x_wconf 96' lang='lat'>]</span> <span class='ocrx_word' id='word_1_248' title='bbox 450 3693 613 3776; x_wconf 81' lang='lat' dir='ltr'><strong>Quicquid</strong></span> <span class='ocrx_word' id='word_1_249' title='bbox 627 3715 701 3757; x_wconf 84' lang='lat' dir='ltr'><strong>vero</strong></span> <span class='ocrx_word' id='word_1_250' title='bbox 718 3694 752 3757; x_wconf 93' lang='lat' dir='ltr'><strong>id</strong></span> <span class='ocrx_word' id='word_1_251' title='bbox 766 3692 873 3772; x_wconf 87' lang='lat' dir='ltr'><strong>fuerit,</strong></span> <span class='ocrx_word' id='word_1_252' title='bbox 889 3713 931 3756; x_wconf 92' lang='lat' dir='ltr'><strong>ne</strong></span> <span class='ocrx_word' id='word_1_253' title='bbox 948 3691 1098 3755; x_wconf 79' lang='lat' dir='ltr'><strong>hariolari</strong></span> <span class='ocrx_word' id='word_1_254' title='bbox 1113 3690 1243 3774; x_wconf 90' lang='lat' dir='ltr'><strong>quidem</strong></span> <span class='ocrx_word' id='word_1_255' title='bbox 1260 3711 1391 3774; x_wconf 88' lang='lat' dir='ltr'><strong>possum</strong></span> <span class='ocrx_word' id='word_1_256' title='bbox 1403 3699 1544 3770; x_wconf 56' lang='lat' dir='ltr'><strong>maalain</strong></span> 
     </span>
     <span class='ocr_line' id='line_1_31' title="bbox 291 3773 1526 3887; baseline 0 -31"><span class='ocrx_word' id='word_1_257' title='bbox 291 3813 449 3874; x_wconf 88' lang='lat' dir='ltr'><strong>quaenam</strong></span> <span class='ocrx_word' id='word_1_258' title='bbox 478 3793 541 3858; x_wconf 88' lang='lat' dir='ltr'><strong>alia</strong></span> <span class='ocrx_word' id='word_1_259' title='bbox 568 3795 719 3859; x_wconf 88' lang='lat' dir='ltr'><strong>medendi</strong></span> <span class='ocrx_word' id='word_1_260' title='bbox 748 3795 920 3859; x_wconf 86' lang='lat' dir='ltr'><strong>methodus</strong></span> <span class='ocrx_word' id='word_1_261' title='bbox 953 3794 1148 3877; x_wconf 82' lang='lat' dir='ltr'><strong>malignitati</strong></span> <span class='ocrx_word' id='word_1_262' title='bbox 1178 3794 1391 3878; x_wconf 89' lang='lat' dir='ltr'><strong>qualicunque</strong></span> <span class='ocrx_word' id='word_1_263' title='bbox 1403 3773 1526 3887; x_wconf 50' lang='lat'><strong>3532„</strong></span> 
     </span>
     <span class='ocr_line' id='line_1_32' title="bbox 290 3887 1518 3982; baseline -0.001 -23"><span class='ocrx_word' id='word_1_264' title='bbox 290 3895 473 3960; x_wconf 87' lang='lat' dir='ltr'><strong>adhibenda</strong></span> <span class='ocrx_word' id='word_1_265' title='bbox 501 3899 552 3978; x_wconf 91' lang='lat' dir='ltr'><strong>sit,</strong></span> <span class='ocrx_word' id='word_1_266' title='bbox 578 3906 705 3981; x_wconf 88' lang='lat' dir='ltr'><strong>praeter</strong></span> <span class='ocrx_word' id='word_1_267' title='bbox 734 3919 805 3962; x_wconf 89' lang='lat' dir='ltr'><strong>eam</strong></span> <span class='ocrx_word' id='word_1_268' title='bbox 831 3919 913 3982; x_wconf 85' lang='lat' dir='ltr'><strong>quae</strong></span> <span class='ocrx_word' id='word_1_269' title='bbox 941 3897 1128 3980; x_wconf 88' lang='lat' dir='ltr'><strong>epidemico,</strong></span> <span class='ocrx_word' id='word_1_270' title='bbox 1155 3897 1208 3959; x_wconf 89' lang='lat' dir='ltr'><strong>oui</strong></span> <span class='ocrx_word' id='word_1_271' title='bbox 1232 3896 1388 3976; x_wconf 86' lang='lat' dir='ltr'><strong>inhaeret,</strong></span> <span class='ocrx_word' id='word_1_272' title='bbox 1403 3887 1518 3950; x_wconf 69' lang='lat' dir='ltr'><strong>ingena.</strong></span> 
     </span>
    </p>
   </div>
   <div class='ocr_carea' id='block_1_23' title="bbox 289 3965 1539 4084">
    <p class='ocr_par' dir='ltr' id='par_1_23' title="bbox 289 3965 1539 4094">
     <span class='ocr_line' id='line_1_33' title="bbox 289 3965 1539 4084; baseline 0.006 -25"><span class='ocrx_word' id='word_1_273' title='bbox 289 3995 443 4076; x_wconf 78' lang='lat' dir='ltr'><strong>debetm3</strong></span> <span class='ocrx_word' id='word_1_274' title='bbox 469 3999 516 4063; x_wconf 92' lang='lat' dir='ltr'><strong>ita</strong></span> <span class='ocrx_word' id='word_1_275' title='bbox 537 4007 575 4064; x_wconf 91' lang='lat' dir='ltr'><strong>ut</strong></span> <span class='ocrx_word' id='word_1_276' title='bbox 597 4000 661 4063; x_wconf 90' lang='lat' dir='ltr'><strong>sive</strong></span> <span class='ocrx_word' id='word_1_277' title='bbox 683 4001 876 4084; x_wconf 89' lang='lat' dir='ltr'><strong>epidemicus</strong></span> <span class='ocrx_word' id='word_1_278' title='bbox 899 4000 939 4064; x_wconf 90' lang='lat' dir='ltr'><strong>de</strong></span> <span class='ocrx_word' id='word_1_279' title='bbox 963 4021 1075 4062; x_wconf 89' lang='lat' dir='ltr'><strong>eorum</strong></span> <span class='ocrx_word' id='word_1_280' title='bbox 1100 4018 1235 4061; x_wconf 90' lang='lat' dir='ltr'><strong>numero</strong></span> <span class='ocrx_word' id='word_1_281' title='bbox 1258 3999 1310 4075; x_wconf 92' lang='lat' dir='ltr'><strong>sit,</strong></span> <span class='ocrx_word' id='word_1_282' title='bbox 1334 4000 1389 4080; x_wconf 91' lang='lat' dir='ltr'><strong>qui</strong></span> <span class='ocrx_word' id='word_1_283' title='bbox 1402 3965 1539 4066; x_wconf 55' lang='lat' dir='ltr'><strong>ifflff’</strong></span> 
     </span>
    </p>
   </div>
   <div class='ocr_carea' id='block_1_24' title="bbox 290 4095 1508 4204">
    <p class='ocr_par' dir='ltr' id='par_1_24' title="bbox 290 4095 1508 4204">
     <span class='ocr_line' id='line_1_34' title="bbox 290 4095 1508 4204; baseline 0.001 -41"><span class='ocrx_word' id='word_1_284' title='bbox 290 4101 393 4182; x_wconf 90' lang='lat' dir='ltr'><strong>primo</strong></span> <span class='ocrx_word' id='word_1_285' title='bbox 414 4105 654 4168; x_wconf 89' lang='lat' dir='ltr'><strong>concoctionem</strong></span> <span class='ocrx_word' id='word_1_286' title='bbox 673 4105 826 4168; x_wconf 89' lang='lat' dir='ltr'><strong>materiae</strong></span> <span class='ocrx_word' id='word_1_287' title='bbox 848 4101 979 4179; x_wconf 88' lang='lat' dir='ltr'><strong>febrilis,</strong></span> <span class='ocrx_word' id='word_1_288' title='bbox 994 4121 1068 4164; x_wconf 86' lang='lat' dir='ltr'><strong>mox</strong></span> <span class='ocrx_word' id='word_1_289' title='bbox 1088 4099 1232 4182; x_wconf 87' lang='lat' dir='ltr'><strong>ejusdem</strong></span> <span class='ocrx_word' id='word_1_290' title='bbox 1250 4099 1312 4162; x_wconf 92' lang='lat' dir='ltr'><strong>rite</strong></span> <span class='ocrx_word' id='word_1_291' title='bbox 1326 4100 1389 4161; x_wconf 92' lang='lat' dir='ltr'><strong>dis·</strong></span> <span class='ocrx_word' id='word_1_292' title='bbox 1402 4095 1508 4204; x_wconf 48' lang='lat' dir='ltr'><strong>iffi?</strong></span> 
     </span>
    </p>
   </div>
   <div class='ocr_carea' id='block_1_25' title="bbox 288 4201 1547 4696">
    <p class='ocr_par' dir='ltr' id='par_1_25' title="bbox 288 4201 1547 4696">
     <span class='ocr_line' id='line_1_35' title="bbox 288 4201 1539 4290; baseline -0.015 -16"><span class='ocrx_word' id='word_1_293' title='bbox 288 4204 412 4286; x_wconf 80' lang='lat' dir='ltr'><strong>positae</strong></span> <span class='ocrx_word' id='word_1_294' title='bbox 427 4205 679 4270; x_wconf 87' lang='lat' dir='ltr'><strong>eliminationem</strong></span> <span class='ocrx_word' id='word_1_295' title='bbox 697 4227 755 4290; x_wconf 89' lang='lat' dir='ltr'><strong>per</strong></span> <span class='ocrx_word' id='word_1_296' title='bbox 775 4205 906 4269; x_wconf 87' lang='lat' dir='ltr'><strong>sudores</strong></span> <span class='ocrx_word' id='word_1_297' title='bbox 927 4203 988 4266; x_wconf 90' lang='lat' dir='ltr'><strong>sibi</strong></span> <span class='ocrx_word' id='word_1_298' title='bbox 1002 4201 1173 4266; x_wconf 86' lang='lat' dir='ltr'><strong>vendicant</strong></span> <span class='ocrx_word' id='word_1_299' title='bbox 1181 4226 1191 4278; x_wconf 82' lang='lat'>3</span> <span class='ocrx_word' id='word_1_300' title='bbox 1214 4201 1264 4264; x_wconf 85' lang='lat' dir='ltr'><strong>vel</strong></span> <span class='ocrx_word' id='word_1_301' title='bbox 1278 4222 1389 4264; x_wconf 88' lang='lat' dir='ltr'><strong>eorum</strong></span> <span class='ocrx_word' id='word_1_302' title='bbox 1403 4223 1539 4276; x_wconf 72' lang='lat' dir='ltr'><strong>Nullum</strong></span> 
     </span>
     <span class='ocr_line' id='line_1_36' title="bbox 290 4290 1531 4405; baseline -0.039 -16"><span class='ocrx_word' id='word_1_303' title='bbox 290 4307 346 4389; x_wconf 70' lang='lat' dir='ltr'><strong>(lui</strong></span> <span class='ocrx_word' id='word_1_304' title='bbox 360 4328 418 4391; x_wconf 71' lang='grc' dir='ltr'><strong>Ρθῐ</strong></span> <span class='ocrx_word' id='word_1_305' title='bbox 435 4309 635 4393; x_wconf 75' lang='lat' dir='ltr'><strong>eruptionem</strong></span> <span class='ocrx_word' id='word_1_306' title='bbox 657 4309 798 4391; x_wconf 87' lang='lat' dir='ltr'><strong>aliquam</strong></span> <span class='ocrx_word' id='word_1_307' title='bbox 812 4307 922 4388; x_wconf 86' lang='lat' dir='ltr'><strong>fugam</strong></span> <span class='ocrx_word' id='word_1_308' title='bbox 943 4303 1005 4367; x_wconf 89' lang='lat' dir='ltr'><strong>sibi</strong></span> <span class='ocrx_word' id='word_1_309' title='bbox 1025 4309 1202 4385; x_wconf 80' lang='lat' dir='ltr'><strong>quaerunt3</strong></span> <span class='ocrx_word' id='word_1_310' title='bbox 1224 4301 1274 4364; x_wconf 84' lang='lat' dir='ltr'><strong>vel</strong></span> <span class='ocrx_word' id='word_1_311' title='bbox 1291 4301 1389 4365; x_wconf 87' lang='lat' dir='ltr'><strong>etiam</strong></span> <span class='ocrx_word' id='word_1_312' title='bbox 1401 4290 1531 4405; x_wconf 51' lang='lat' dir='ltr'><strong>Q?</strong></span> 
     </span>
     <span class='ocr_line' id='line_1_37' title="bbox 289 4402 1547 4496; baseline -0.011 -25"><span class='ocrx_word' id='word_1_313' title='bbox 289 4426 401 4470; x_wconf 87' lang='lat' dir='ltr'><strong>eorum</strong></span> <span class='ocrx_word' id='word_1_314' title='bbox 421 4409 477 4490; x_wconf 93' lang='lat' dir='ltr'><strong>qui</strong></span> <span class='ocrx_word' id='word_1_315' title='bbox 499 4409 538 4472; x_wconf 90' lang='lat' dir='ltr'><strong>ab</strong></span> <span class='ocrx_word' id='word_1_316' title='bbox 561 4409 639 4472; x_wconf 87' lang='lat' dir='ltr'><strong>artis</strong></span> <span class='ocrx_word' id='word_1_317' title='bbox 660 4407 818 4492; x_wconf 90' lang='lat' dir='ltr'><strong>praesidio</strong></span> <span class='ocrx_word' id='word_1_318' title='bbox 831 4407 916 4470; x_wconf 87' lang='lat' dir='ltr'><strong>viam</strong></span> <span class='ocrx_word' id='word_1_319' title='bbox 939 4404 1001 4469; x_wconf 92' lang='lat' dir='ltr'><strong>sibi</strong></span> <span class='ocrx_word' id='word_1_320' title='bbox 1022 4402 1226 4487; x_wconf 85' lang='lat' dir='ltr'><strong>aperiendam</strong></span> <span class='ocrx_word' id='word_1_321' title='bbox 1248 4412 1388 4487; x_wconf 89' lang='lat' dir='ltr'><strong>praesto-</strong></span> <span class='ocrx_word' id='word_1_322' title='bbox 1401 4419 1547 4496; x_wconf 48' lang='lat' dir='ltr'><strong>niumm,</strong></span> 
     </span>
     <span class='ocr_line' id='line_1_38' title="bbox 290 4485 1529 4610; baseline -0.022 -17"><span class='ocrx_word' id='word_1_323' title='bbox 290 4509 417 4588; x_wconf 67' lang='lat' dir='ltr'>1³¹¹me</span> <span class='ocrx_word' id='word_1_324' title='bbox 439 4511 475 4574; x_wconf 77' lang='lat' dir='ltr'><strong>in</strong></span> <span class='ocrx_word' id='word_1_325' title='bbox 490 4511 623 4595; x_wconf 77' lang='lat' dir='ltr'><strong>singuli·</strong></span> <span class='ocrx_word' id='word_1_326' title='bbox 639 4512 688 4575; x_wconf 88' lang='lat' dir='ltr'><strong>his</strong></span> <span class='ocrx_word' id='word_1_327' title='bbox 707 4511 872 4594; x_wconf 55' lang='lat' dir='ltr'><strong>(inquam)</strong></span> <span class='ocrx_word' id='word_1_328' title='bbox 891 4508 1061 4591; x_wconf 87' lang='lat' dir='ltr'><strong>generibus</strong></span> <span class='ocrx_word' id='word_1_329' title='bbox 1076 4509 1269 4590; x_wconf 87' lang='lat' dir='ltr'><strong>malignitas,</strong></span> <span class='ocrx_word' id='word_1_330' title='bbox 1284 4510 1389 4575; x_wconf 91' lang='lat' dir='ltr'><strong>morbi</strong></span> <span class='ocrx_word' id='word_1_331' title='bbox 1402 4485 1529 4610; x_wconf 54' lang='lat' dir='ltr'><strong>{mm</strong></span> 
     </span>
     <span class='ocr_line' id='line_1_39' title="bbox 290 4611 1502 4696; baseline -0.025 -4"><span class='ocrx_word' id='word_1_332' title='bbox 290 4631 405 4688; x_wconf 56' lang='lat' dir='ltr'><strong>mmet</strong></span> <span class='ocrx_word' id='word_1_333' title='bbox 422 4633 496 4675; x_wconf 76' lang='lat' dir='ltr'><strong>cum</strong></span> <span class='ocrx_word' id='word_1_334' title='bbox 513 4613 581 4696; x_wconf 88' lang='lat' dir='ltr'><strong>ipsc</strong></span> <span class='ocrx_word' id='word_1_335' title='bbox 599 4613 712 4677; x_wconf 88' lang='lat' dir='ltr'><strong>morbo</strong></span> <span class='ocrx_word' id='word_1_336' title='bbox 731 4613 829 4676; x_wconf 91' lang='lat' dir='ltr'><strong>stabit</strong></span> <span class='ocrx_word' id='word_1_337' title='bbox 851 4611 1017 4694; x_wconf 82' lang='lat' dir='ltr'><strong>cedetque,</strong></span> <span class='ocrx_word' id='word_1_338' title='bbox 1031 4611 1102 4694; x_wconf 88' lang='lat' dir='ltr'><strong>pari</strong></span> <span class='ocrx_word' id='word_1_339' title='bbox 1122 4633 1182 4674; x_wconf 77' lang='lat' dir='ltr'><strong>rasa</strong></span> <span class='ocrx_word' id='word_1_340' title='bbox 1199 4612 1340 4693; x_wconf 72' lang='lat' dir='ltr'><strong>fortuma,</strong></span> <span class='ocrx_word' id='word_1_341' title='bbox 1356 4623 1389 4678; x_wconf 72' lang='lat' dir='ltr'><strong>et</strong></span> <span class='ocrx_word' id='word_1_342' title='bbox 1402 4621 1502 4662; x_wconf 71' lang='lat' dir='ltr'><strong>ceream</strong></span> 
     </span>
    </p>
   </div>
   <div class='ocr_carea' id='block_1_26' title="bbox 290 4679 1553 4801">
    <p class='ocr_par' dir='ltr' id='par_1_26' title="bbox 290 4679 1553 4801">
     <span class='ocr_line' id='line_1_40' title="bbox 290 4679 1553 4801; baseline 0.009 -28"><span class='ocrx_word' id='word_1_343' title='bbox 290 4713 359 4793; x_wconf 89' lang='lat' dir='ltr'><strong>pari</strong></span> <span class='ocrx_word' id='word_1_344' title='bbox 374 4712 472 4774; x_wconf 87' lang='lat' dir='ltr'><strong>etiam</strong></span> <span class='ocrx_word' id='word_1_345' title='bbox 483 4733 578 4795; x_wconf 85' lang='lat' dir='ltr'><strong>passu</strong></span> <span class='ocrx_word' id='word_1_346' title='bbox 592 4714 762 4793; x_wconf 81' lang='lat' dir='ltr'><strong>recedens3</strong></span> <span class='ocrx_word' id='word_1_347' title='bbox 786 4723 882 4798; x_wconf 88' lang='lat' dir='ltr'><strong>atque</strong></span> <span class='ocrx_word' id='word_1_348' title='bbox 897 4737 935 4778; x_wconf 83' lang='lat' dir='ltr'><strong>ex</strong></span> <span class='ocrx_word' id='word_1_349' title='bbox 950 4715 1169 4797; x_wconf 86' lang='lat' dir='ltr'><strong>consequenti,</strong></span> <span class='ocrx_word' id='word_1_350' title='bbox 1181 4738 1390 4801; x_wconf 75' lang='lat' dir='ltr'><strong>quaecamque</strong></span> <span class='ocrx_word' id='word_1_351' title='bbox 1402 4679 1553 4790; x_wconf 42' lang='lat' dir='ltr'><strong>diffidi*</strong></span> 
     </span>
    </p>
   </div>
   <div class='ocr_carea' id='block_1_27' title="bbox 290 4807 1517 4986">
    <p class='ocr_par' dir='ltr' id='par_1_27' title="bbox 290 4807 1517 4986">
     <span class='ocr_line' id='line_1_41' title="bbox 290 4807 1517 4918; baseline 0.005 -45"><span class='ocrx_word' id='word_1_352' title='bbox 290 4813 454 4876; x_wconf 86' lang='lat' dir='ltr'><strong>evacuatio</strong></span> <span class='ocrx_word' id='word_1_353' title='bbox 469 4813 549 4876; x_wconf 86' lang='lat' dir='ltr'><strong>febri</strong></span> <span class='ocrx_word' id='word_1_354' title='bbox 566 4815 601 4878; x_wconf 92' lang='lat' dir='ltr'><strong>in</strong></span> <span class='ocrx_word' id='word_1_355' title='bbox 622 4837 739 4898; x_wconf 89' lang='lat' dir='ltr'><strong>genere</strong></span> <span class='ocrx_word' id='word_1_356' title='bbox 759 4817 923 4902; x_wconf 90' lang='lat' dir='ltr'><strong>competit,</strong></span> <span class='ocrx_word' id='word_1_357' title='bbox 940 4816 1053 4881; x_wconf 90' lang='lat' dir='ltr'><strong>cadem</strong></span> <span class='ocrx_word' id='word_1_358' title='bbox 1070 4825 1103 4880; x_wconf 92' lang='lat' dir='ltr'><strong>et</strong></span> <span class='ocrx_word' id='word_1_359' title='bbox 1126 4817 1321 4901; x_wconf 88' lang='lat' dir='ltr'><strong>malignitati</strong></span> <span class='ocrx_word' id='word_1_360' title='bbox 1335 4821 1389 4882; x_wconf 88' lang='lat' dir='ltr'><strong>de·</strong></span> <span class='ocrx_word' id='word_1_361' title='bbox 1402 4807 1517 4918; x_wconf 51' lang='grc' dir='ltr'><strong>ἓᾞέζζῃῐῗ·</strong></span> 
     </span>
     <span class='ocr_line' id='line_1_42' title="bbox 812 4921 1353 4986; baseline -0.015 -2"><span class='ocrx_word' id='word_1_362' title='bbox 812 4941 834 4984; x_wconf 84' lang='lat' dir='ltr'><strong>u</strong></span> <span class='ocrx_word' id='word_1_363' title='bbox 851 4921 874 4986; x_wconf 92' lang='lat' dir='ltr'><strong>h</strong></span> <span class='ocrx_word' id='word_1_364' title='bbox 1347 4929 1353 4938; x_wconf 89' lang='lat'>·</span> 
     </span>
    </p>
   </div>
   <div class='ocr_carea' id='block_1_28' title="bbox 0 0 1918 5759">
    <p class='ocr_par' dir='ltr' id='par_1_28' title="bbox 0 0 1918 5759">
     <span class='ocr_line' id='line_1_43' title="bbox 0 0 1918 5759; baseline 0 3"><span class='ocrx_word' id='word_1_365' title='bbox 0 0 1918 5759; x_wconf 95' lang='lat' dir='ltr'><strong> </strong></span> 
     </span>
    </p>
   </div>
   <div class='ocr_carea' id='block_1_29' title="bbox 1419 4563 1647 4612">
    <p class='ocr_par' dir='ltr' id='par_1_29' title="bbox 1419 4563 1647 4612">
     <span class='ocr_line' id='line_1_44' title="bbox 1419 4563 1647 4612; baseline 0.026 -17"><span class='ocrx_word' id='word_1_366' title='bbox 1419 4563 1458 4605; x_wconf 85' lang='lat' dir='ltr'><strong>ue,</strong></span> <span class='ocrx_word' id='word_1_367' title='bbox 1468 4565 1538 4612; x_wconf 83' lang='lat' dir='ltr'><strong>prse-</strong></span> <span class='ocrx_word' id='word_1_368' title='bbox 1642 4601 1647 4608; x_wconf 85' lang='grc'>,</span> 
     </span>
    </p>
   </div>
  </div>
 </body>
</html>
