3825 5759
514 620 579 681 570
821 616 1017 683 ΤΗΟΜΑΕ
1041 618 1300 684 SYDENHAM

947 904 1045 969 CAP.
1070 906 1182 971 XVII.

942 1067 1189 1149 DeApopazta.

561 1204 701 1267 Soranus
716 1208 766 1267 est
779 1201 1059 1287 profundissimis,
1075 1212 1108 1268 et
1123 1206 1309 1270 omnimoda
1326 1228 1440 1271 sensus
1455 1215 1492 1273 et
1514 1218 1635 1275 motus

515 1305 661 1391 privatio,
682 1312 817 1389 excepta
836 1305 1056 1389 respiratione,
1080 1328 1178 1389 quam
1200 1309 1288 1392 aegri
1309 1308 1432 1374 habent
1456 1310 1636 1377 difficilem

517 1429 592 1472 cum
607 1415 755 1473 stertore

364 1514 494 1561 vaw·
565 1512 627 1598 [2.]
655 1512 812 1577 Mittatnr
843 1512 975 1595 sanguis
1012 1532 1030 1575 e
1059 1512 1192 1577 brachio
1228 1512 1270 1577 ad
1298 1513 1411 1578 uncias
1446 1514 1635 1581 duodecim

517 1614 756 1702 quamprimum
763 1642 774 1696 3
797 1636 835 1680 ac
849 1622 961 1699 postea
975 1636 1012 1679 ex
1022 1616 1112 1680 venis
1123 1616 1328 1700 jugularibus
1343 1617 1384 1682 ad
1399 1618 1516 1682 uncias
1532 1628 1635 1685 octo:

517 1719 635 1785 deinde
657 1719 864 1783 vomitorium
885 1739 924 1783 ex
950 1719 1156 1802 sesquiuncia
1176 1720 1228 1783 vel
1248 1721 1353 1785 unciis
1380 1720 1509 1785 duabus
1533 1723 1636 1788 infu-

517 1823 616 1888 sionis
631 1822 715 1887 croci
730 1822 935 1885 metallorum
948 1821 1139 1905 propinetur
1153 1822 1274 1887 statim.

565 1926 627 2011 [3.]
654 1927 876 2010 Emplastrum
897 1925 1124 2010 epispsstioum
1139 1926 1216 1990 satis
1232 1926 1376 2011 amplum
1397 1948 1436 1991 ac
1450 1928 1536 1992 forte
1553 1950 1634 1995 cer-

516 2030 578 2095 vici
593 2030 779 2113 applicetur.

560 2134 649 2197 Dum
663 2132 743 2196 haec
757 2138 909 2215 aguntur,
925 2138 1051 2197 erectus
1067 2132 1177 2197 sedeat
1192 2154 1287 2215 aeger
1300 2133 1337 2197 in
1350 2134 1444 2211 lecto,
1460 2156 1523 2198 nee
1538 2142 1632 2200 stra-

517 2234 602 2319 gulis
616 2234 713 2298 nimis
728 2234 873 2299 obrutus.

561 2336 700 2421 Spiritus
726 2336 802 2401 salis
830 2338 1006 2403 armoniaci
1036 2337 1156 2423 optime
1184 2339 1382 2403 rectificatns
1408 2337 1631 2405 admoveatur

516 2438 660 2505 naribus.

564 2542 625 2627 [4.]
652 2541 762 2607 Finita
797 2542 959 2607 vomitorii
995 2542 1191 2627 operatione,
1229 2542 1367 2607 subinde
1403 2542 1630 2607 exhibeantur
1754 2546 1755 2561 ¹

515 2644 694 2711 cochlearia
706 2645 771 2710 tria
783 2645 834 2709 vel
848 2653 988 2729 quatuor
1002 2646 1166 2729 sequentis
1177 2646 1292 2730 julapii
1304 2670 1357 2710 :-

517 2782 619 2850 [Fam.
634 2784 707 2849 ros]
744 2778 776 2859 R
794 2780 888 2851 Aquae
900 2781 988 2835 Butae
1000 2782 1092 2835 uncias
1103 2792 1226 2851 quatuor,

797 2871 891 2941 Aquae
903 2869 1035 2940 Bryoniae
1048 2870 1227 2939 compositae,

798 2956 917 3027 [Aquae]
931 2957 1151 3027 Antiepilepticae
1165 2956 1271 3027 Langii
1283 2974 1336 3010 ana
1347 2956 1454 3009 unciam
1466 2971 1559 3018 unam,

799 3043 913 3113 Spiritus
924 3043 1016 3097 Cornu
1029 3044 1107 3097 Cerri
1120 3052 1210 3113 guttas
1222 3044 1328 3114 viginti,

798 3133 922 3188 Succhari
935 3134 1081 3205 crystallini
1095 3136 1274 3204 quantitatem
1287 3133 1462 3189 sufficientem
1473 3154 1479 3195 ;

658 3220 720 3276 Fiat
726 3222 871 3293 julapium.

517 3369 581 3435 Vel
604 3370 769 3436 cochleare
793 3391 898 3433 unum
927 3368 1059 3454 spiritus
1085 3368 1275 3433 lavendulae
1300 3366 1468 3451 compositi
1498 3388 1556 3451 per
1586 3388 1620 3429 se

516 3472 681 3556 propinari
694 3473 796 3555 possit
809 3472 859 3536 bis
873 3473 925 3537 vel
939 3480 1000 3552 ter,
1017 3472 1156 3537 durante
1175 3492 1375 3557 paroxysmo,
1391 3470 1472 3535 hora
1487 3470 1620 3534 dimidia

516 3572 568 3637 val
581 3573 710 3655 integra
723 3574 923 3657 interposita.

568 3674 629 3757 [5.]
656 3672 847 3739 Cavendum
864 3682 971 3740 estne
991 3676 1138 3741 cardiace
1152 3676 1224 3761 plus
1238 3676 1327 3760 justo
1342 3674 1455 3753 calida,
1473 3697 1510 3739 ac
1524 3672 1615 3738 nimis

518 3775 712 3859 frequenter,
726 3775 787 3857 (uti
795 3796 865 3840 mos
876 3777 947 3860 est)
960 3777 1174 3842 exhibeantur
1178 3805 1187 3856 3
1203 3799 1280 3841 uam
1290 3798 1480 3861 quacunque
1489 3776 1619 3839 demum

520 3876 667 3963 specifica
684 3877 804 3941 virtute
825 3878 945 3961 pollere
963 3880 1144 3959 videantur,
1160 3881 1233 3965 plus
1256 3879 1367 3943 damni
1382 3900 1477 3963 quam
1496 3876 1618 3939 emolu-

520 3980 624 4046 menti
649 4000 746 4065 aegro
772 3988 954 4065 apportant,
980 3988 1094 4067 utpote
1125 4004 1206 4067 quae
1232 3984 1384 4047 humores
1409 3978 1540 4045 undere
1567 3976 1618 4057 (ac

520 4084 655 4169 proinde
669 4084 792 4149 mulum
812 4086 952 4169 augere)
971 4094 1047 4170 apta
1061 4092 1140 4150 nata
1158 4092 1255 4163 sunt;
1279 4085 1366 4169 quod
1386 4084 1484 4149 etiam
1497 4082 1620 4144 incoru-

520 4187 654 4253 modum
683 4208 751 4253 non
780 4188 888 4252 minus
917 4188 1056 4253 infertur
1093 4208 1132 4260 ex
1162 4188 1262 4252 nimia
1292 4187 1510 4271 stragulorum
1546 4204 1622 4247 oon-

521 4291 677 4375 gestione.

369 4412 504 4461 Atmid-
566 4394 626 4479 [6.]
654 4394 851 4479 Paroxysmo
876 4395 946 4478 jam
971 4395 1073 4473 finito,
1100 4392 1142 4458 ad
1170 4392 1422 4477 praecavendam
1453 4388 1624 4455 recidivam

366 4491 501 4591 mm
520 4496 688 4580 sequeutia
702 4496 917 4561 exhibeantur
927 4522 981 4561 :—

366 4606 508 4719 ffiw'
520 4630 621 4695 [Μὴ
637 4630 710 4693 186]
749 4628 779 4709 ἱ]
799 4630 948 4685 Pilnlarum
961 4632 1121 4687 Cochiarum
1135 4632 1271 4703 Majorum
1284 4631 1421 4701 scrupulos
1433 4629 1515 4693 ducs;

659 4717 758 4785 Capiat
775 4718 853 4769 tertia
873 4734 979 4787 qusque
997 4716 1040 4771 die
1058 4734 1104 4787 per
1120 4734 1166 4770 sex
1186 4718 1264 4781 vices,
1276 4716 1342 4769 hora
1362 4722 1460 4785 quarta
1480 4712 1624 4776 matutina,

659 4801 899 4871 superdonaiendc.
