3825 5759
532 640 597 703 434
844 638 1040 706 ΤΗΟΜΑΕ
1063 636 1323 703 SYDENHAM

388 810 430 859 ns
443 810 511 860 Pos-
531 802 695 887 pensione,
722 809 755 867 et
780 802 959 867 ventriculo
983 800 1116 866 tandem
1137 801 1180 866 ad
1200 800 1252 865 Iac
1271 804 1462 878 nauseante,
1484 796 1661 865 absistere

380 890 660 969 Quonam
683 912 741 969 est.
786 905 947 969 Nonnulli
968 926 1043 969 vero
1063 904 1344 989 bypocbondriaci,
1367 924 1474 967 masso
1496 905 1658 988 corporis

531 1007 655 1087 habitu,
670 1008 720 1071 vel
735 1008 790 1091 qui
805 1008 883 1073 alias
900 1007 1077 1092 liquoribus
1094 1008 1273 1091 spirituosis
1292 1007 1349 1071 diu
1368 1006 1577 1090 multumque
1593 1029 1657 1071 as-

532 1130 671 1187 sueverc,
682 1110 774 1173 lactis
792 1132 888 1173 usum
902 1111 1089 1175 nullatcnus
1102 1110 1187 1174 ferre
1200 1115 1347 1193 pomunt.
1369 1110 1503 1175 Interea
1516 1110 1654 1174 emolu-

531 1218 679 1277 mentum
694 1212 775 1277 illud
789 1213 941 1297 perbreve
956 1235 994 1278 ac
1007 1213 1106 1297 fugax
1120 1213 1208 1296 qnod
1218 1235 1257 1277 ex
1267 1213 1329 1277 hac
1339 1212 1446 1277 diaeta
1455 1213 1652 1297 percipiunt

474 1326 478 1335 “
531 1316 578 1379 illi
594 1315 710 1399 quibus
725 1336 800 1381 cum
814 1317 897 1381 lacte
912 1318 1072 1395 convenit,
1087 1316 1165 1380 hinc
1179 1317 1293 1395 oritur,
1304 1316 1453 1381 videlicet
1468 1316 1558 1401 qnod
1571 1338 1650 1381 non

530 1407 662 1484 tontum
677 1420 783 1485 diaeta
797 1421 839 1485 sit
850 1420 1096 1505 simplicissima,
1110 1420 1209 1502 (unde
1223 1420 1333 1483 nullus
1347 1419 1462 1484 dubito
1476 1420 1559 1502 quin
1570 1421 1649 1503 jus·

530 1524 640 1587 culum
650 1544 853 1603 avenaccum,
865 1522 962 1587 modo
971 1523 1169 1587 ventriculus
1180 1523 1262 1587 illud
1271 1523 1363 1600 ferat,
1374 1521 1461 1587 idem
1475 1530 1647 1605 praestare

530 1626 654 1711 possit,)
672 1627 729 1691 sed
743 1628 841 1691 etiam
859 1626 1052 1710 sanguinem
1071 1626 1248 1691 dulciorem
1264 1624 1491 1708 mitioremque
1512 1625 1645 1703 reddat,

530 1728 704 1809 particulas
719 1728 754 1793 in
765 1748 803 1793 eo
815 1728 951 1791 acriores
965 1726 1258 1811 contemporand03
1274 1734 1372 1810 atque
1381 1727 1525 1811 insuper,
1539 1728 1643 1811 (qnod

531 1850 592 1913 ego
600 1831 790 1914 palmarium
802 1830 934 1915 judica)
946 1852 1022 1894 cum
1032 1830 1083 1895 lac
1094 1830 1240 1895 alimenti
1248 1849 1353 1913 genus
1364 1830 1406 1893 sit
1416 1830 1537 1894 adultis
1547 1852 1641 1914 pror·

521 1955 586 1997 sus
600 1934 712 2019 impar,
728 1935 824 1998 istam
838 1934 1012 1999 humorum
1028 1934 1280 2017 turgescentiam
1294 1932 1360 1997 sive
1373 1934 1574 1998 maritatam
1587 1954 1641 1997 re·

530 2036 641 2119 primit
661 2038 714 2101 cui
729 2038 877 2121 Podagra
898 2050 1007 2101 ortum
1022 2037 1128 2116 debet,
1144 2044 1241 2121 atque
1255 2056 1294 2101 eo
1308 2036 1440 2101 nomine
1453 2058 1576 2120 paucos
1595 2038 1643 2100 is·

530 2146 581 2203 tos
605 2139 721 2221 quibus
750 2140 910 2223 congruit,
934 2140 1061 2204 tamdiu
1084 2162 1105 2203 a
1127 2140 1274 2223 Podagra
1301 2140 1463 2204 immunes
1491 2148 1640 2224 praestat

530 2242 1334 2327 quamdiueosolovescuntur,nccjuvatulteriua.
1357 2243 1642 2307 CumenimPod-

531 2364 627 2427 agrae
641 2365 755 2409 causae
772 2346 921 2429 originali
942 2366 981 2410 ac
1001 2346 1170 2429 primariae
1187 2346 1315 2429 (nempe
1336 2346 1585 2410 concoctionum
1600 2367 1640 2410 ac

529 2446 763 2513 fermentorum
775 2449 955 2533 debilitati)
969 2450 1103 2515 omnino
1113 2449 1338 2527 contrarietur,
1349 2450 1447 2532 longe
1457 2450 1561 2533 magis
1575 2448 1641 2513 bae

529 2551 656 2616 ratione
679 2551 771 2617 obest
793 2574 891 2637 quam
914 2552 1016 2617 altera
1035 2551 1187 2637 prodest:
1224 2551 1312 2635 quod
1332 2572 1409 2615 cum
1429 2550 1539 2615 minus
1562 2572 1639 2634 per-

529 2661 676 2739 spectum
694 2655 802 2735 fuerit,
820 2656 973 2721 nonnulli
991 2654 1185 2719 brcantiores
1203 2654 1240 2718 in
1258 2674 1380 2719 errores
1393 2674 1586 2737 permagnos
1600 2660 1637 2717 et
1750 2637 1752 2770 ⁴

530 2756 625 2842 plane
648 2758 826 2823 exitiabiles
847 2758 1032 2823 inciderant
1041 2783 1052 2834 ς
1079 2756 1167 2836 dum,
1189 2755 1295 2820 morbi
1316 2776 1432 2820 causae
1455 2754 1633 2819 continenti
1751 2781 1752 2784 ¹

531 2862 716 2943 (humorum
732 2862 852 2927 scilicet
874 2862 973 2926 calori
994 2868 1027 2925 et
1049 2859 1213 2943 acredini,)
1230 2858 1357 2924 obviam
1373 2858 1422 2923 ire
1439 2862 1630 2941 satagentes,

529 2964 752 3029 concoctiones
771 2962 1059 3050 pessundederunt,
1073 2969 1107 3026 et
1121 2962 1303 3027 functiones
1316 2960 1481 3025 naturales
1494 2963 1632 3044 prostra-

528 3075 645 3133 verunt
660 3088 782 3133 omnes.

397 3174 483 3251 aussi
577 3170 661 3254 [46]
689 3172 845 3255 Liquores
868 3170 955 3255 quod
974 3176 1107 3254 spectat,
1127 3168 1151 3232 ii
1174 3168 1238 3250 (me
1255 3167 1387 3253 judica)
1409 3165 1524 3250 optimi
1544 3173 1632 3245 sant,

373 3254 489 3351 Ἢω
529 3274 584 3357 qui
599 3294 705 3357 neque
720 3274 761 3337 ad
775 3274 842 3337 vini
860 3252 1107 3356 generositatem
1126 3270 1315 3349 ascendunt,
1330 3290 1391 3335 nec
1404 3268 1447 3333 ad
1460 3290 1564 3352 aquae
1577 3270 1630 3334 de·

398 3384 428 3417 ⁰¹¹
437 3370 466 3447 ‚³⁸
527 3375 688 3440 bilitatem
703 3372 928 3456 deprimuntur
936 3398 946 3452 3
967 3372 1149 3456 cujusmodi
1162 3379 1240 3436 sunt
1254 3372 1404 3437 cerevisia
1421 3372 1531 3435 tenuis
1546 3372 1632 3437 Iron·

375 3450 463 3483 nenos.
528 3475 681 3554 dioensis,
697 3475 761 3538 sive
786 3474 942 3559 lupulata,
965 3475 1031 3538 sive
1056 3496 1124 3539 non
1147 3475 1303 3559 lupulata,
1329 3496 1405 3539 cum
1425 3481 1571 3539 extrema
1591 3475 1630 3539 ab

527 3584 664 3660 utraque
678 3583 771 3662 parte
787 3584 936 3643 noceant.
974 3577 1122 3641 Primum
1136 3576 1178 3642 de
1196 3578 1282 3656 vino,
1297 3577 1373 3643 licet
1386 3576 1554 3661 proverbio
1563 3578 1629 3661 jac·

526 3686 625 3759 tetm,
656 3686 677 3717 “
688 3682 812 3745 Vinum
841 3688 959 3765 potans
984 3680 1133 3765 Podagra
1160 3681 1330 3762 laborabis,
1360 3689 1394 3747 et
1422 3682 1535 3747 nuum
1563 3703 1627 3747 non

526 3792 643 3869 potans
664 3784 825 3851 laborabis
847 3784 1028 3867 Podagra,”
1050 3792 1143 3849 extra
1165 3784 1414 3849 controversiam
1435 3791 1547 3850 tamen
1567 3789 1622 3860 est,

387 3897 466 3944 'inum
528 3894 562 3952 et
575 3886 670 3952 variis
684 3884 929 3973 Ποδσιγρώντων
942 3886 1170 3972 experimentis
1183 3886 1509 3966 confirmatissimam,
1519 3886 1625 3951 rium

375 3977 403 4073 ,⁸
418 3976 479 4085 οἷο
528 3990 568 4056 de
585 3990 671 4056 facto
693 3992 836 4057 officere:
858 3992 935 4057 licet
952 3992 1041 4056 enim
1057 3990 1209 4076 prodesse
1227 3990 1378 4055 credatur
1391 3989 1544 4074 jurandis
1559 4009 1626 4054 coc·

527 4094 681 4175 tionibus,
699 4096 848 4179 (quarum
862 4094 941 4159 vitia
956 4116 1085 4160 causam
1100 4094 1266 4177 Podagrce
1287 4092 1534 4158 antecedentem
1547 4092 1626 4176 jam·

527 4198 652 4263 dudum
681 4198 802 4282 statui)
832 4198 960 4263 ratione
987 4204 1099 4263 tamen
1130 4216 1246 4261 causae
1274 4196 1470 4261 continentis
1499 4194 1627 4261 omnino

526 4301 638 4367 obesse
660 4300 857 4367 censendum
881 4308 940 4381 est,
960 4300 1111 4365 humores
1134 4298 1264 4377 scilicet,
1275 4298 1423 4364 fomitem
1435 4297 1551 4377 morbi,
1561 4298 1625 4381 jam

527 4406 562 4469 in
577 4405 745 4490 procinctu
764 4411 888 4470 stantes
908 4402 1112 4469 accendendo
1129 4401 1396 4485 exagitandoque.
1443 4401 1509 4466 Sed
1527 4421 1625 4485 neque

525 4508 650 4588 damus,
668 4510 780 4574 vinum
801 4530 859 4593 pro
881 4514 963 4592 potu
983 4505 1144 4572 ordinario
1164 4512 1357 4589 usurpatum
1378 4504 1541 4570 coctiones
1558 4526 1624 4588 pro-

525 4632 663 4689 movere,
675 4619 708 4677 ct
722 4612 831 4695 potius
845 4610 1031 4675 subvertere
1040 4608 1187 4686 dicimus,
1199 4608 1263 4671 nisi
1273 4608 1308 4671 in
1319 4607 1378 4671 diu
1387 4608 1462 4673 vinc
1477 4607 1623 4673 manain

370 4726 486 4785 etquare.
526 4712 670 4796 quamvis
690 4715 778 4777 enim
797 4714 935 4778 calorem
956 4713 1128 4798 aliqualem
1146 4712 1183 4775 in
1207 4711 1349 4776 transitu
1367 4711 1542 4795 impertiat,
1562 4731 1623 4775 cer-

525 4812 686 4878 tissimum
700 4822 750 4879 est
764 4824 874 4879 tamen
886 4816 1046 4881 fermenta
1060 4814 1201 4897 corporis
1216 4812 1257 4879 ab
1271 4834 1310 4878 eo
1322 4812 1498 4896 subjugari,
1510 4819 1544 4876 et
1558 4832 1622 4876 aro·
