3825 5759
511 637 578 700 330
669 638 774 704 ΤΗΟ.
802 637 1062 705 SYDENHAM
1084 640 1286 705 DISSER'I'.
1309 640 1449 705 EPIS'R

357 797 605 908 Gucfflfflfuerit
623 805 757 883 sanquis.
801 801 970 885 Postquam
991 823 1069 876 uero,
1081 802 1212 885 perlecto
1234 824 1326 866 aureo
1348 803 1416 864 Tuo
1438 801 1522 874 lihro,
1545 819 1613 860 sen·

354 877 498 974 Εῃὲτιέω,
510 922 609 962 seram
624 902 743 964 ta'udem
761 903 890 985 pauicos
906 924 976 978 esse,
992 906 1047 988 qni
1059 925 1105 965 me
1122 905 1256 990 aliosque
1275 906 1392 967 tamdiu
1411 905 1611 977 detinuerunt,

391 993 493 1000 *-
509 1006 637 1078 timores,
661 1026 811 1088 aususque
823 1006 953 1087 sueram
969 1007 1065 1088 justa
1094 1006 1158 1067 Tui
1177 1014 1342 1089 praecepto
1363 1001 1611 1089 (reclamantibus

509 1104 579 1168 licet
592 1106 770 1190 quandoque
784 1128 843 1170 non
863 1107 959 1168 solum
980 1108 1078 1191 uulqo,
1094 1108 1148 1169 sed
1167 1111 1257 1170 etiam
1272 1106 1429 1191 Medicis,)
1443 1126 1547 1189 aeqros
1562 1126 1611 1164 re·

504 1227 584 1290 qere,
601 1216 719 1270 tantum
740 1210 809 1272 inde
830 1210 1018 1272 emolumenti
1039 1212 1077 1272 iis
1096 1208 1164 1294 (uhi
1184 1211 1217 1271 in
1238 1210 1470 1292 obtemperantes
1491 1201 1612 1287 incidi)

508 1310 655 1373 obvenisse
677 1315 816 1396 comperi,
835 1322 870 1375 ut
895 1311 1052 1397 (quicquid
1072 1312 1130 1374 alii
1149 1310 1315 1393 senserint)
1339 1333 1386 1372 me
1397 1310 1611 1392 felicissimum

508 1423 650 1498 reputem,
666 1418 751 1499 ceq'us
771 1418 803 1480 in
818 1437 927 1478 neonus
942 1424 1046 1479 tantus
1060 1415 1177 1478 devenit
1189 1416 1360 1477 thesaurus.
1404 1411 1504 1472 Porro
1518 1417 1547 1470 et
1560 1407 1613 1469 uhi

507 1515 552 1578 ad
573 1515 703 1579 Variolis
723 1516 949 1604 Confluentihus
971 1518 1143 1582 laborantes
1164 1515 1261 1601 (quod
1280 1525 1380 1578 tamen
1402 1511 1488 1575 haud
1507 1509 1613 1574 admo-

507 1619 578 1682 dum
605 1641 693 1704 saepe
717 1618 866 1706 coatiqit,)
892 1622 1007 1682 accitus
1025 1620 1157 1701 fuerim,
1183 1639 1243 1680 non
1267 1616 1411 1690 dubitaui,
1435 1631 1612 1698 quanquam

507 1722 642 1783 animam
650 1723 722 1805 jam
736 1743 825 1804 oqere
838 1721 1019 1795 uiderentur,
1035 1719 1079 1781 ad
1090 1720 1273 1802 poreqorico
1288 1717 1378 1800 (Tua
1385 1718 1490 1800 fretus
1502 1714 1613 1776 autho-

506 1819 626 1904 ritate)
652 1822 821 1904 coufuqere,
851 1822 940 1906 idque
969 1843 1104 1883 successu
1134 1821 1220 1882 haud
1241 1820 1427 1902 poenitendo,
1454 1821 1514 1881 imo
1541 1839 1612 1879 nero

505 1921 658 2005 stupendo.
712 1922 792 1984 Tam
808 1921 935 1983 multum
949 1922 1082 2005 equidem
1103 1922 1161 1982 hac
1180 1924 1213 1984 in
1229 1930 1321 2004 parte
1337 1924 1524 2004 praestitisse
1537 1920 1614 1981 mihi

506 2025 625 2101 videris,
642 2032 677 2086 ut
697 2023 744 2086 nil
757 2045 909 2107 superesse
922 2024 1005 2108 quod
1020 2023 1067 2085 vel
1087 2024 1227 2098 aliorum,
1242 2022 1396 2085 ueletiam
1417 2023 1490 2098 Tui,
1506 2021 1612 2084 indus·

506 2135 598 2198 triam
613 2142 755 2208 exerceat,
760 2131 862 2216 facile
876 2133 1023 2197 crederem
1030 2157 1043 2208 ,·
1060 2135 1121 2196 nisi
1133 2135 1303 2217 nuperrime
1317 2156 1338 2196 a
1352 2134 1521 2196 doctissimo
1534 2134 1610 2207 viro,

506 2235 660 2318 amicoque
688 2255 751 2296 meo
778 2236 976 2318 inteqenimo,
999 2234 1063 2298 1)ἰο
1089 2235 1275 2299 Kendrichio
1299 2236 1369 2322 (qui
1392 2239 1611 2302 humam'totem

513 2335 616 2398 lisam
633 2335 803 2418 plurimum
820 2337 973 2421 celebrat)
988 2339 1178 2416 audivissem,
1201 2339 1246 2400 Te
1259 2341 1392 2402 innuisse
1406 2360 1499 2403 novas
1517 2357 1611 2422 quas·

506 2437 578 2500 dam
593 2435 685 2522 (qnos
701 2445 731 2500 et
746 2439 790 2500 ad
803 2440 920 2522 praeire
935 2441 992 2502 rite
1005 2440 1198 2503 exercendam
1216 2443 1360 2525 perutiles
1371 2444 1446 2524 sore
1460 2463 1519 2503 uon
1537 2463 1610 2524 pos-

506 2560 573 2602 sum
595 2560 655 2602 noa
674 2543 835 2625 auqurari,
851 2549 952 2626 utpote
977 2563 998 2604 a
1028 2543 1074 2604 Tc
1088 2543 1222 2626 factas)
1239 2547 1321 2607 circa
1345 2545 1421 2606 uem
1443 2543 1609 2626 uchjectum

513 2641 586 2704 Tibi
602 2643 765 2704 occurrisse
779 2643 1014 2718 obseruationem
1037 2667 1116 2730 quas
1130 2647 1191 2708 nisi
1205 2647 1327 2729 publico
1345 2643 1507 2724 impertias,
1523 2650 1553 2700 et
1572 2644 1607 2704 in

509 2741 572 2806 Tui
583 2742 720 2824 famam,
741 2751 770 2804 et
787 2745 820 2804 iu
841 2743 1008 2806 humanum
1027 2768 1132 2829 qenm,
1148 2750 1277 2829 injurius
1295 2747 1361 2805 eris.
1406 2741 1540 2803 Proinde
1562 2738 1607 2824 (si

503 2842 580 2926 quid
599 2842 686 2925 apud
710 2841 755 2906 Te
773 2844 869 2926 iqnoti
887 2845 1011 2908 valeant
1026 2846 1157 2931 preces,)
1175 2848 1262 2909 houd
1277 2847 1426 2929 qraoeris,
1450 2844 1605 2928 (obsecro,)

509 2942 702 3010 Celeberrime
721 2944 785 3019 Vir,
800 2965 852 3006 eas
865 2946 898 3008 iu
913 2946 1008 3009 lucem
1022 2951 1161 3010 emittere.

548 3047 611 3110 Sed
623 3068 676 3110 nec
689 3046 738 3108 hic
752 3045 931 3114 mhssstam:
954 3071 1058 3132 nempe
1071 3049 1109 3110 oh
1128 3047 1226 3109 eodem
1248 3049 1352 3130 accepi
1370 3049 1494 3110 ramora
1513 3069 1607 3132 quoe·

503 3148 576 3214 dam
602 3149 673 3210 Tibi
686 3149 840 3211 obseruata
851 3149 954 3231 fuisse
969 3154 1051 3213 circa
1070 3148 1198 3234 affictus
1212 3148 1402 3234 Hysterioos
1415 3150 1531 3224 dictos,·
1552 3154 1608 3235 qui

503 3271 585 3324 sanc,
601 3250 680 3310 sicut
700 3249 936 3314 doctissimorum
952 3251 1143 3314 Medicorum
1156 3252 1196 3314 ah
1210 3254 1292 3315 omisi
1312 3255 1455 3315 mensoria
1469 3274 1607 3316 moue·

504 3359 587 3427 rum,
606 3352 666 3412 imo
689 3349 852 3428 lassarunt,
873 3354 1004 3438 inqenia,
1022 3354 1066 3414 sic
1088 3353 1181 3438 (proh
1202 3356 1293 3417 nimis
1312 3355 1435 3440 soepel)
1464 3363 1495 3416 et
1512 3356 1607 3418 medi·

504 3453 596 3516 caudi
606 3453 736 3516 traditos
746 3455 895 3518 methodos
905 3457 1040 3533 eludunt,
1051 3457 1285 3543 docummoque
1294 3458 1379 3533 dont,
1391 3478 1485 3542 quam
1492 3479 1608 3540 parum

437 3548 441 3556 ’
504 3564 602 3618 tutum
617 3557 658 3618 sit
675 3558 707 3620 iu
721 3557 936 3642 philosophicis
956 3567 1077 3622 nostrae
1094 3561 1209 3622 rationi
1226 3561 1352 3621 nimium
1359 3559 1473 3638 fidere,
1488 3559 1549 3620 nesi
1568 3560 1607 3620 iis

503 3657 536 3720 in
551 3656 637 3719 rebus
650 3677 782 3742 quorum
799 3660 1006 3723 certihedinem
1026 3683 1048 3723 a
1067 3683 1208 3724 sensuum
1223 3662 1389 3724 testimonio
1404 3670 1506 3744 petere
1524 3661 1606 3724 vale·

504 3779 579 3820 mm.
623 3758 807 3840 Plurimum,
830 3761 1018 3846 Diquissime
1045 3760 1111 3836 Ver,
1133 3761 1259 3823 ulterius
1278 3769 1308 3822 et
1327 3783 1348 3822 a
1365 3764 1522 3844 praescisti
1539 3783 1606 3824 sae·

503 3859 579 3935 culo,
595 3869 624 3924 et
641 3883 663 3924 a
680 3865 820 3946 posteris,
835 3863 923 3926 haud
939 3864 1027 3926 dubie
1048 3864 1256 3938 mereheriusi
1276 3871 1306 3925 et
1325 3885 1404 3948 quae
1424 3868 1508 3928 circo
1526 3866 1607 3930 horso

504 3965 661 4036 maten'om
684 3965 845 4028 meditatus
864 3987 908 4040 σε,
917 3965 1083 4048 propatore
1101 3965 1365 4048 diqnatusfheris.
1411 3965 1483 4028 Hoc
1501 3967 1607 4029 saltem

503 4087 525 4128 a
546 4066 591 4129 Tc
605 4067 680 4130 mihi
693 4069 855 4152 impetrare
870 4069 971 4142 liceat,
987 4076 1023 4130 ut
1035 4069 1126 4152 aequi
1138 4067 1264 4151 honiquc
1277 4068 1426 4146 consulas,
1441 4068 1532 4152 quod,
1546 4089 1608 4130 non

503 4172 562 4231 mei
574 4170 679 4246 solum,
694 4170 748 4232 scd
761 4169 878 4254 publici
890 4171 982 4232 etiam
999 4190 1104 4244 causo,
1119 4171 1238 4254 quotus
1255 4168 1322 4232 tui
1340 4170 1416 4245 licet,
1425 4178 1528 4253 petere
1546 4189 1609 4232 non

503 4271 670 4334 enehuerim
681 4294 693 4346 ,·
716 4279 807 4356 utque
828 4293 873 4332 me
894 4272 972 4334 inter
994 4274 1164 4334 innumerus
1186 4293 1234 4334 eos
1254 4271 1375 4347 hahens,
1398 4275 1453 4358 qui
1479 4272 1552 4336 utos·
1576 4292 1609 4334 se

503 4395 595 4456 quam
610 4375 739 4438 manime
752 4373 870 4437 devotos
878 4375 1075 4459 prqfitentu-r,

1169 4478 1388 4541 devotissimum

1096 4577 1405 4645 GULIELMUM
1425 4580 1561 4647 GOLE.

515 4743 518 4746 Ι
615 4674 764 4742 Viqorm'ne⁹

558 4753 679 4809 Nosrmh.
697 4763 735 4812 17.
752 4763 826 4813 1681.
