3825 5759
521 674 591 739 388
828 668 1025 737 'l'HOMAE
1048 666 1309 735 SYDENHAM

387 848 430 896 De
443 850 494 897 ιι
523 842 706 949 usurpetur,
721 854 878 917 maguum
893 832 967 897 est
956 854 993 897 ιιι
1004 832 1068 897 boc
1081 830 1196 897 morbo
1208 831 1407 911 remedium,
1428 852 1535 915 neque
1548 851 1625 894 vero

369 915 498 1026 'Jffl
500 936 563 999 'in
576 936 639 999 hoc
650 935 727 1013 solo,
739 934 820 998 sed
810 957 845 997 m
860 934 930 997 aliis
942 934 1197 1050 quamplurimis
1207 956 1228 998 a
1238 934 1351 999 caloris
1365 941 1400 999 et
1411 932 1627 997 concoctionis

370 1044 513 1105 ΤιΓ
402 1060 502 1106 urum
524 1039 590 1105 site
612 1038 800 1122 digestionis
822 1038 950 1102 defectu
972 1037 1062 1117 ortis,
1085 1037 1231 1101 omnium
1249 1038 1332 1102 forte
1354 1036 1626 1121 potentissimum,

371 1124 510 1235 Ἠῶ*
525 1162 607 1223 quse
626 1141 784 1203 hacteuus
805 1138 900 1204 nobis
917 1140 1099 1217 innotuere,
1116 1146 1194 1203 utut
1212 1160 1233 1203 ι
1250 1139 1412 1222 plerisque
1431 1138 1626 1214 fastidiatur,

525 1243 613 1327 quod
627 1252 659 1308 et
674 1243 862 1326 pervulgata
876 1243 929 1323 sit,
944 1250 978 1307 et
992 1265 1013 1307 ιι
1025 1249 1077 1307 ιοι
1087 1243 1157 1327 jam
1168 1242 1301 1306 saeculis
1311 1242 1451 1325 cognito„

371 1354 464 1406 ιιιιιιι
583 1344 688 1429 [113.]
726 1344 814 1411 Vins
847 1344 1025 1429 Hispanics
1061 1345 1224 1427 gentiana,
1261 1344 1417 1427 angelica,
1450 1340 1627 1421 absinthio,

369 1422 491 1544 ἔξω
463 1488 486 1535 1
525 1449 701 1529 centaurio,
720 1450 876 1514 corticum
898 1448 1121 1513 aurantiorum
1142 1447 1308 1527 flevedine,
1324 1446 1457 1530 aliisque
1478 1442 1629 1508 corrobo·

370 1552 481 1664 ωπὲξ·
524 1549 682 1629 rantibus,
697 1550 813 1615 infusis
831 1551 1040 1629 medicata,
1015 1574 1042 1613 ιι
1060 1549 1104 1614 sd
1121 1548 1243 1633 aliquot
1262 1548 1440 1627 cochlearia
1456 1554 1507 1611 ter
1520 1546 1555 1609 in
1573 1545 1629 1609 die

369 1617 433 1727 ,Τῇ
436 1658 689 1735 ο..,]ιοιιιιιιιι·
711 1652 885 1717 udmodum
905 1653 1085 1730 conferunt,
1100 1651 1198 1715 modo
1218 1672 1316 1733 aegra
1337 1649 1431 1714 tenui
1446 1669 1515 1713 non
1528 1647 1630 1711 fuerit

369 1680 435 1803 mii}
384 1811 475 1859 mlex
436 1696 485 1794 elil
525 1754 701 1839 biliosoque
720 1757 859 1839 corporis
879 1754 1004 1819 habitu.
1047 1754 1197 1818 Profecto
1216 1754 1346 1817 velum
1336 1752 1577 1837 Hispanici
1550 1773 1630 1814 sum·

371 1890 436 1935 quan
370 1826 492 1923 'died
523 1856 616 1939 plicis
630 1856 790 1920 liberalior
804 1857 948 1935 haustus,
964 1856 1045 1919 hora
1065 1854 1171 1919 somni
1185 1862 1264 1937 quot
1278 1854 1428 1919 noctibus
1441 1875 1516 1919 meo
1530 1875 1632 1918 suasu

370 1938 408 1985 ¹
410 1948 441 1988 ι
523 1960 722 2043 propinatus,
739 1960 918 2043 Hystericis
937 1958 1102 2022 nonnullis
1121 1979 1276 2041 perquem
1295 1956 1444 2021 salutaris
1462 1957 1536 2036 fuit,
1551 1978 1631 2021 cum

523 2081 563 2125 ex
584 2082 624 2124 eo
644 2060 806 2125 robustior
827 2060 967 2125 universi
989 2060 1130 2143 corporis
1150 2059 1281 2123 babitus
1302 2057 1533 2137 redderetur,
1522 2082 1631 2142 rpsae·

523 2182 585 2245 que
611 2161 691 2226 adeo
717 2160 876 2227 foeminae
901 2182 919 2227 e
945 2160 1133 2225 cachecticis
1158 2160 1280 2225 vividae
1307 2160 1404 2225 simul
1427 2180 1468 2225 ac
1491 2168 1632 2244 vegetae

524 2264 650 2327 fierent.

407 2378 474 2429 reicis
576 2364 683 2453 [114]
710 2366 843 2435 Adhaec
873 2366 1071 2433 Perusianus
1097 2374 1208 2433 cortex
1236 2368 1368 2433 eximias
1400 2368 1629 2454 mirandasque

407 2444 551 2649 ὛᾸῘΞ
522 2490 605 2535 ures
622 2470 658 2535 in
677 2470 835 2554 sangiune
858 2478 892 2536 et
915 2471 1080 2555 spiritibus
1101 2472 1323 2590 confortandis
1344 2471 1628 2557 invigorundisqne

371 2381 406 2427 Co

371 2444 450 2493 Perus

370 2508 423 2620 iads

396 2510 479 2621 mall

525 2802 677 2865 mamque
700 2780 840 2863 corporis
863 2781 969 2845 cresin
996 2783 1076 2863 (tum
1098 2780 1173 2845 viris
1199 2725 1502 2865 Hypoebondiiacis,
1525 2802 1622 2863 quam

526 2882 706 2967 Hystericis
720 2882 878 2962 foeminis,
891 2884 946 2949 diu
957 2884 1162 2967 multumque
1176 2882 1429 2965 aegrotantibus,
1438 2882 1622 2965 dejectuque

521 2986 591 3069 jum
607 2986 697 3069 quasi
711 2986 852 3069 corporis
867 2986 1076 3067 oeconomia)
1091 2985 1280 3063 restituisse,
1295 2985 1363 3069 ipse
1376 2984 1548 3049 observavi.
1579 2986 1624 3049 In

372 3110 422 3205 pn
416 3094 502 3171 ιιιῐιιι
525 3088 615 3153 nullo
629 3096 739 3153 sutem
752 3090 999 3204 Hystericorum
1009 3088 1196 3153 Affectuum
1208 3110 1326 3172 genere
1336 3087 1458 3151 felicius
1472 3087 1624 3167 succedit,

372 3238 477 3348 'endi’
526 3290 714 3354 fortissimos
738 3298 772 3353 et
795 3292 966 3374 plusquam
988 3292 1171 3371 muliebres,
1192 3302 1324 3378 pectora
1347 3239 1443 3358 simul
1462 3292 1625 3359 ferientes.

372 3358 497 3413 um
526 3392 666 3455 Interim
690 3400 802 3455 tamen
824 3394 1046 3457 confitendum
1071 3404 1131 3474 cst,
1153 3398 1240 3480 quod
1265 3398 1327 3463 boc
1354 3397 1626 3462 medicamentum

390 3530 393 3535 -
527 3493 656 3557 nonita
673 3500 761 3557 certo
778 3494 953 3577 crebroque
970 3496 1047 3561 huic
1064 3500 1152 3563 mulo
1171 3508 1346 3580 succmrat,
1360 3522 1399 3565 ac
1414 3500 1587 3565 febribus
1577 3522 1625 3564 m-

526 3594 791 3659 termittentibus.
829 3596 984 3663 Quemvis
997 3620 1071 3665 vero
1088 3602 1138 3683 (ut
1151 3603 1186 3667 id
1199 3602 1304 3668 obiter
1318 3604 1471 3687 dicam)
1462 3626 1498 3667 m
1510 3604 1627 3669 hurum

525 3697 691 3761 curatione
706 3698 837 3781 egregia
849 3708 991 3783 praestet
1008 3704 1062 3785 (ne
1076 3704 1181 3770 dicam
1197 3708 1371 3793 seracula)
1389 3708 1493 3773 dictru
1507 3716 1626 3786 cortex,

526 3804 622 3879 utque
648 3798 762 3861 eodem
785 3806 857 3864 tum
880 3802 940 3885 ipsi
965 3827 1025 3870 nos
1053 3806 1193 3874 libenter
1215 3817 1355 3891 utemur,
1380 3819 1452 3875 tum
1474 3811 1627 3874 uxoribus

524 3898 696 3983 liberisque
712 3904 931 3986 usurpandum
946 3906 1150 3991 imperemus,
1163 3913 1289 3995 quoties
1303 3935 1355 3978 res
1364 3913 1526 3997 postulet3
1549 3920 1627 3976 sunt

524 4010 636 4065 tamen
660 4004 775 4087 quibus
800 4006 888 4073 haud
910 4010 1018 4075 minus
1039 4012 1109 4095 jum
1139 4015 1295 4099 displicet,
1325 4016 1411 4099 quod
1440 4024 1508 4079 tam
1536 4022 1626 4079 certo

525 4102 694 4189 subitoque
708 4107 837 4173 morbos
851 4121 1025 4194 expugnet,
1042 4137 1140 4199 quum
1153 4118 1232 4182 olim
1246 4118 1442 4202 displicebat,
1459 4118 1546 4201 quod
1558 4139 1625 4183 non

525 4206 588 4271 nisi
610 4230 713 4293 nuper
734 4210 785 4274 his
806 4218 966 4279 terrarum
987 4218 1052 4281 oris
1070 4218 1267 4285 innotuerat.
1312 4222 1386 4287 Quo
1408 4222 1538 4305 quidem
1558 4222 1627 4285 fato

525 4320 597 4374 tum
620 4313 733 4396 optimi
755 4314 872 4399 quique
893 4317 963 4397 viri,
981 4327 1054 4385 tum
1075 4322 1174 4387 etiam
1194 4325 1468 4407 praestantissime
1482 4346 1628 4409 quaeque

527 4434 564 4477 sc
579 4410 820 4499 δριστικώτατιι
833 4420 984 4501 remedie,
1000 4445 1126 4508 semper
1135 4426 1204 4491 fere
1215 4436 1381 4511 urgentur.
1401 4428 1628 4493 Veruntamen

528 4514 569 4578 ad
591 4516 675 4582 hanc
697 4528 819 4599 notam,
835 4542 893 4586 seu
911 4524 1050 4607 Lydium
1068 4528 1218 4611 lapidem,
1233 4532 1375 4596 indolem
1392 4540 1537 4597 nostram
1551 4534 1629 4598 licet

529 4616 701 4684 adductam
723 4624 867 4707 experiri,
883 4632 981 4709 atque
998 4629 1114 4694 exinde
1136 4632 1324 4715 dignoscere
1345 4634 1536 4699 hominesne
1550 4634 1628 4699 boni

528 4718 636 4799 simus,
650 4744 691 4785 an
702 4746 776 4789 vero
786 4726 950 4808 probrosi
973 4754 1032 4816 pro
1041 4735 1144 4816 gradu
1158 4736 1278 4801 seilicet
1278 4760 1364 4821 quo
1374 4740 1423 4803 vel
1434 4739 1627 4817 exultamus,

788 4842 944 4899 ιιιιιιιιιιιιι
946 4842 1068 4906 mma
1068 4849 1134 4895 ssu
1134 4850 1213 4896 neu
1214 4852 1264 4897 ιιιιι
1265 4849 1333 4897 ιιι
1346 4852 1395 4898 ’.ιι
