<?xml version="1.0" encoding="UTF-8"?>
<!DOCTYPE html PUBLIC "-//W3C//DTD XHTML 1.0 Transitional//EN"
    "http://www.w3.org/TR/xhtml1/DTD/xhtml1-transitional.dtd">
<html xmlns="http://www.w3.org/1999/xhtml" xml:lang="en" lang="en">
 <head>
  <title>
</title>
<meta http-equiv="Content-Type" content="text/html;charset=utf-8" />
  <meta name='ocr-system' content='tesseract 3.04.00' />
  <meta name='ocr-capabilities' content='ocr_page ocr_carea ocr_par ocr_line ocrx_word'/>
</head>
<body>
  <div class='ocr_page' id='page_1' title='image "./thomaesydenhamm00greegoog_0501.png"; bbox 0 0 3825 5759; ppageno 0'>
   <div class='ocr_carea' id='block_1_1' title="bbox 729 610 1444 677">
    <p class='ocr_par' dir='ltr' id='par_1_1' title="bbox 729 610 1444 677">
     <span class='ocr_line' id='line_1_1' title="bbox 729 610 1444 677; baseline 0.004 -5"><span class='ocrx_word' id='word_1_1' title='bbox 729 610 991 677; x_wconf 76' lang='lat' dir='ltr'><strong>&#39;PRAOTATUS</strong></span> <span class='ocrx_word' id='word_1_2' title='bbox 1014 612 1062 676; x_wconf 91' lang='lat' dir='ltr'><strong>II.</strong></span> <span class='ocrx_word' id='word_1_3' title='bbox 1382 616 1444 677; x_wconf 82' lang='lat'><strong>471</strong></span> 
     </span>
    </p>
   </div>
   <div class='ocr_carea' id='block_1_2' title="bbox 347 763 1586 850">
    <p class='ocr_par' dir='ltr' id='par_1_2' title="bbox 347 763 1586 850">
     <span class='ocr_line' id='line_1_2' title="bbox 347 763 1586 850; baseline 0.002 -21"><span class='ocrx_word' id='word_1_4' title='bbox 347 766 404 829; x_wconf 91' lang='lat' dir='ltr'><strong>hos</strong></span> <span class='ocrx_word' id='word_1_5' title='bbox 426 773 498 828; x_wconf 91' lang='lat' dir='ltr'><strong>tum</strong></span> <span class='ocrx_word' id='word_1_6' title='bbox 524 763 602 827; x_wconf 90' lang='lat' dir='ltr'><strong>alios</strong></span> <span class='ocrx_word' id='word_1_7' title='bbox 623 764 731 847; x_wconf 86' lang='lat' dir='ltr'><strong>plures</strong></span> <span class='ocrx_word' id='word_1_8' title='bbox 753 763 882 828; x_wconf 84' lang='lat' dir='ltr'>morbos</span> <span class='ocrx_word' id='word_1_9' title='bbox 905 764 1073 830; x_wconf 90' lang='lat' dir='ltr'><strong>chronioos</strong></span> <span class='ocrx_word' id='word_1_10' title='bbox 1094 766 1260 850; x_wconf 79' lang='lat' dir='ltr'><strong>sanguinis</strong></span> <span class='ocrx_word' id='word_1_11' title='bbox 1285 766 1445 831; x_wconf 90' lang='lat' dir='ltr'><strong>debilitati</strong></span> <span class='ocrx_word' id='word_1_12' title='bbox 1475 782 1517 831; x_wconf 76' lang='lat' dir='ltr'><strong>ne</strong></span> <span class='ocrx_word' id='word_1_13' title='bbox 1530 784 1586 832; x_wconf 77' lang='lat' dir='ltr'><strong>Hs-</strong></span> 
     </span>
    </p>
   </div>
   <div class='ocr_carea' id='block_1_3' title="bbox 346 862 1596 953">
    <p class='ocr_par' dir='ltr' id='par_1_3' title="bbox 346 862 1596 953">
     <span class='ocr_line' id='line_1_3' title="bbox 346 862 1596 953; baseline -0.02 -19"><span class='ocrx_word' id='word_1_14' title='bbox 346 876 443 953; x_wconf 93' lang='lat' dir='ltr'><strong>atque</strong></span> <span class='ocrx_word' id='word_1_15' title='bbox 457 866 665 951; x_wconf 86' lang='lat' dir='ltr'><strong>indigestioni</strong></span> <span class='ocrx_word' id='word_1_16' title='bbox 679 873 787 930; x_wconf 90' lang='lat' dir='ltr'><strong>ortum</strong></span> <span class='ocrx_word' id='word_1_17' title='bbox 810 866 936 946; x_wconf 90' lang='lat' dir='ltr'><strong>debere,</strong></span> <span class='ocrx_word' id='word_1_18' title='bbox 952 889 1013 933; x_wconf 90' lang='lat' dir='ltr'><strong>nec</strong></span> <span class='ocrx_word' id='word_1_19' title='bbox 1026 869 1162 933; x_wconf 84' lang='lat' dir='ltr'><strong>alterins</strong></span> <span class='ocrx_word' id='word_1_20' title='bbox 1176 869 1327 953; x_wconf 81' lang='lat' dir='ltr'>progredi</span> <span class='ocrx_word' id='word_1_21' title='bbox 1342 869 1444 933; x_wconf 61' lang='lat' dir='ltr'><strong>valea.</strong></span> <span class='ocrx_word' id='word_1_22' title='bbox 1457 862 1596 928; x_wconf 51' lang='lat'><strong>2³3}-</strong></span> 
     </span>
    </p>
   </div>
   <div class='ocr_carea' id='block_1_4' title="bbox 345 944 1589 1051">
    <p class='ocr_par' dir='ltr' id='par_1_4' title="bbox 345 944 1589 1051">
     <span class='ocr_line' id='line_1_4' title="bbox 345 944 1589 1051; baseline 0.003 -16"><span class='ocrx_word' id='word_1_23' title='bbox 345 994 428 1050; x_wconf 88' lang='lat' dir='ltr'><strong>mus,</strong></span> <span class='ocrx_word' id='word_1_24' title='bbox 452 972 557 1035; x_wconf 90' lang='lat' dir='ltr'><strong>adhuc</strong></span> <span class='ocrx_word' id='word_1_25' title='bbox 579 971 615 1033; x_wconf 93' lang='lat' dir='ltr'><strong>in</strong></span> <span class='ocrx_word' id='word_1_26' title='bbox 637 970 756 1034; x_wconf 88' lang='lat' dir='ltr'><strong>extimo</strong></span> <span class='ocrx_word' id='word_1_27' title='bbox 776 970 962 1035; x_wconf 85' lang='lat' dir='ltr'>morborum</span> <span class='ocrx_word' id='word_1_28' title='bbox 984 973 1102 1050; x_wconf 79' lang='lat' dir='ltr'><strong>cortice</strong></span> <span class='ocrx_word' id='word_1_29' title='bbox 1124 973 1303 1051; x_wconf 88' lang='lat' dir='ltr'><strong>haeremus,</strong></span> <span class='ocrx_word' id='word_1_30' title='bbox 1326 993 1386 1036; x_wconf 88' lang='lat' dir='ltr'><strong>neo</strong></span> <span class='ocrx_word' id='word_1_31' title='bbox 1408 944 1589 1050; x_wconf 51' lang='lat' dir='ltr'><strong>inffffilssnie.</strong></span> 
     </span>
    </p>
   </div>
   <div class='ocr_carea' id='block_1_5' title="bbox 346 1065 1599 1180">
    <p class='ocr_par' dir='ltr' id='par_1_5' title="bbox 346 1065 1599 1180">
     <span class='ocr_line' id='line_1_5' title="bbox 346 1065 1599 1180; baseline 0.004 -42"><span class='ocrx_word' id='word_1_32' title='bbox 346 1075 532 1139; x_wconf 81' lang='lat' dir='ltr'><strong>essentiales</strong></span> <span class='ocrx_word' id='word_1_33' title='bbox 546 1073 723 1138; x_wconf 89' lang='lat' dir='ltr'><strong>eorundem</strong></span> <span class='ocrx_word' id='word_1_34' title='bbox 741 1072 948 1152; x_wconf 88' lang='lat' dir='ltr'><strong>differentias,</strong></span> <span class='ocrx_word' id='word_1_35' title='bbox 964 1080 997 1137; x_wconf 93' lang='lat' dir='ltr'><strong>et</strong></span> <span class='ocrx_word' id='word_1_36' title='bbox 1017 1074 1178 1158; x_wconf 87' lang='lat' dir='ltr'><strong>specificas</strong></span> <span class='ocrx_word' id='word_1_37' title='bbox 1199 1074 1374 1138; x_wconf 87' lang='lat' dir='ltr'><strong>humorum</strong></span> <span class='ocrx_word' id='word_1_38' title='bbox 1389 1073 1443 1137; x_wconf 91' lang='lat' dir='ltr'><strong>de·</strong></span> <span class='ocrx_word' id='word_1_39' title='bbox 1457 1065 1599 1180; x_wconf 42' lang='lat' dir='ltr'><strong>leffium</strong></span> 
     </span>
    </p>
   </div>
   <div class='ocr_carea' id='block_1_6' title="bbox 345 1175 1643 1372">
    <p class='ocr_par' dir='ltr' id='par_1_6' title="bbox 345 1175 1643 1372">
     <span class='ocr_line' id='line_1_6' title="bbox 345 1175 1581 1261; baseline -0.012 -18"><span class='ocrx_word' id='word_1_40' title='bbox 345 1178 546 1261; x_wconf 90' lang='lat' dir='ltr'><strong>pravationes</strong></span> <span class='ocrx_word' id='word_1_41' title='bbox 570 1175 610 1239; x_wconf 94' lang='lat' dir='ltr'><strong>ab</strong></span> <span class='ocrx_word' id='word_1_42' title='bbox 635 1175 816 1239; x_wconf 89' lang='lat' dir='ltr'><strong>istiusmodi</strong></span> <span class='ocrx_word' id='word_1_43' title='bbox 844 1176 1114 1259; x_wconf 91' lang='lat' dir='ltr'><strong>indigestionibus</strong></span> <span class='ocrx_word' id='word_1_44' title='bbox 1138 1184 1321 1261; x_wconf 84' lang='lat' dir='ltr'><strong>prognatus,</strong></span> <span class='ocrx_word' id='word_1_45' title='bbox 1351 1176 1581 1259; x_wconf 50' lang='lat' dir='ltr'><strong>(quaem-fia,</strong></span> 
     </span>
     <span class='ocr_line' id='line_1_7' title="bbox 347 1259 1643 1372; baseline -0.039 -30"><span class='ocrx_word' id='word_1_46' title='bbox 347 1278 477 1361; x_wconf 90' lang='lat' dir='ltr'><strong>quidem</strong></span> <span class='ocrx_word' id='word_1_47' title='bbox 491 1277 621 1364; x_wconf 72' lang='grc' dir='ltr'>ἀπεψία</span> <span class='ocrx_word' id='word_1_48' title='bbox 635 1278 816 1343; x_wconf 90' lang='lat' dir='ltr'><strong>communis</strong></span> <span class='ocrx_word' id='word_1_49' title='bbox 838 1279 984 1343; x_wconf 88' lang='lat' dir='ltr'><strong>omnium</strong></span> <span class='ocrx_word' id='word_1_50' title='bbox 1005 1280 1101 1363; x_wconf 80' lang='lat' dir='ltr'><strong>stirps</strong></span> <span class='ocrx_word' id='word_1_51' title='bbox 1116 1282 1187 1362; x_wconf 46' lang='grc' dir='ltr'><strong>ὣς)</strong></span> <span class='ocrx_word' id='word_1_52' title='bbox 1206 1280 1333 1363; x_wconf 63' lang='lat' dir='ltr'><strong>quimus</strong></span> <span class='ocrx_word' id='word_1_53' title='bbox 1347 1301 1444 1362; x_wconf 49' lang='lat' dir='ltr'>pene·</span> <span class='ocrx_word' id='word_1_54' title='bbox 1457 1259 1596 1372; x_wconf 36' lang='lat' dir='ltr'><strong>&amp;griffi</strong></span> <span class='ocrx_word' id='word_1_55' title='bbox 1640 1286 1643 1291; x_wconf 91' lang='lat'>.</span> 
     </span>
    </p>
   </div>
   <div class='ocr_carea' id='block_1_7' title="bbox 345 1381 1598 1569">
    <p class='ocr_par' dir='ltr' id='par_1_7' title="bbox 345 1381 1598 1569">
     <span class='ocr_line' id='line_1_8' title="bbox 345 1381 1569 1465; baseline 0.002 -21"><span class='ocrx_word' id='word_1_56' title='bbox 345 1387 450 1445; x_wconf 88' lang='lat' dir='ltr'><strong>trare:</strong></span> <span class='ocrx_word' id='word_1_57' title='bbox 481 1382 530 1445; x_wconf 89' lang='lat' dir='ltr'><strong>uti</strong></span> <span class='ocrx_word' id='word_1_58' title='bbox 552 1403 657 1465; x_wconf 87' lang='lat' dir='ltr'><strong>neque</strong></span> <span class='ocrx_word' id='word_1_59' title='bbox 679 1381 782 1444; x_wconf 90' lang='lat' dir='ltr'><strong>varias</strong></span> <span class='ocrx_word' id='word_1_60' title='bbox 799 1382 870 1445; x_wconf 86' lang='lat' dir='ltr'><strong>illas</strong></span> <span class='ocrx_word' id='word_1_61' title='bbox 891 1382 1151 1465; x_wconf 89' lang='lat' dir='ltr'><strong>specificationes,</strong></span> <span class='ocrx_word' id='word_1_62' title='bbox 1167 1405 1248 1465; x_wconf 88' lang='lat' dir='ltr'><strong>quae</strong></span> <span class='ocrx_word' id='word_1_63' title='bbox 1268 1384 1303 1445; x_wconf 92' lang='lat' dir='ltr'><strong>in</strong></span> <span class='ocrx_word' id='word_1_64' title='bbox 1325 1383 1445 1447; x_wconf 89' lang='lat' dir='ltr'><strong>morbis</strong></span> <span class='ocrx_word' id='word_1_65' title='bbox 1458 1387 1569 1435; x_wconf 73' lang='lat' dir='ltr'><strong>vicorum</strong></span> 
     </span>
     <span class='ocr_line' id='line_1_9' title="bbox 347 1458 1598 1569; baseline 0.002 -22"><span class='ocrx_word' id='word_1_66' title='bbox 347 1484 449 1547; x_wconf 87' lang='lat' dir='ltr'><strong>acutis</strong></span> <span class='ocrx_word' id='word_1_67' title='bbox 472 1483 512 1547; x_wconf 92' lang='lat' dir='ltr'><strong>ab</strong></span> <span class='ocrx_word' id='word_1_68' title='bbox 534 1506 602 1547; x_wconf 89' lang='lat' dir='ltr'><strong>una</strong></span> <span class='ocrx_word' id='word_1_69' title='bbox 623 1484 800 1569; x_wconf 89' lang='lat' dir='ltr'><strong>eademque</strong></span> <span class='ocrx_word' id='word_1_70' title='bbox 818 1505 914 1547; x_wconf 89' lang='lat' dir='ltr'><strong>causa</strong></span> <span class='ocrx_word' id='word_1_71' title='bbox 931 1484 1110 1567; x_wconf 90' lang='lat' dir='ltr'><strong>(sanguinis</strong></span> <span class='ocrx_word' id='word_1_72' title='bbox 1132 1506 1249 1568; x_wconf 87' lang='lat' dir='ltr'><strong>nempe</strong></span> <span class='ocrx_word' id='word_1_73' title='bbox 1265 1485 1445 1549; x_wconf 86' lang='lat' dir='ltr'><strong>inflamma·</strong></span> <span class='ocrx_word' id='word_1_74' title='bbox 1457 1458 1598 1565; x_wconf 51' lang='lat' dir='ltr'><strong>ffiffl</strong></span> 
     </span>
    </p>
   </div>
   <div class='ocr_carea' id='block_1_8' title="bbox 346 1581 1598 1692">
    <p class='ocr_par' dir='ltr' id='par_1_8' title="bbox 346 1581 1598 1692">
     <span class='ocr_line' id='line_1_10' title="bbox 346 1581 1598 1692; baseline -0.003 -44"><span class='ocrx_word' id='word_1_75' title='bbox 346 1585 456 1668; x_wconf 89' lang='lat' dir='ltr'><strong>tione,)</strong></span> <span class='ocrx_word' id='word_1_76' title='bbox 475 1586 590 1664; x_wconf 89' lang='lat' dir='ltr'><strong>fluunt,</strong></span> <span class='ocrx_word' id='word_1_77' title='bbox 599 1586 762 1650; x_wconf 90' lang='lat' dir='ltr'><strong>ullatenus</strong></span> <span class='ocrx_word' id='word_1_78' title='bbox 773 1586 934 1651; x_wconf 89' lang='lat' dir='ltr'><strong>callemus.</strong></span> <span class='ocrx_word' id='word_1_79' title='bbox 977 1587 1137 1653; x_wconf 82' lang='lat' dir='ltr'><strong>Quocirca</strong></span> <span class='ocrx_word' id='word_1_80' title='bbox 1150 1596 1218 1651; x_wconf 93' lang='lat' dir='ltr'><strong>tam</strong></span> <span class='ocrx_word' id='word_1_81' title='bbox 1231 1588 1268 1650; x_wconf 93' lang='lat' dir='ltr'><strong>in</strong></span> <span class='ocrx_word' id='word_1_82' title='bbox 1282 1587 1332 1651; x_wconf 87' lang='lat' dir='ltr'><strong>his</strong></span> <span class='ocrx_word' id='word_1_83' title='bbox 1347 1610 1446 1673; x_wconf 90' lang='lat' dir='ltr'><strong>quam</strong></span> <span class='ocrx_word' id='word_1_84' title='bbox 1457 1581 1551 1692; x_wconf 46' lang='lat'><strong>{2¹:⁸12</strong></span> <span class='ocrx_word' id='word_1_85' title='bbox 1559 1596 1598 1644; x_wconf 56' lang='grc' dir='ltr'><strong>ι»</strong></span> 
     </span>
    </p>
   </div>
   <div class='ocr_carea' id='block_1_9' title="bbox 346 1687 1599 1773">
    <p class='ocr_par' dir='ltr' id='par_1_9' title="bbox 346 1687 1599 1773">
     <span class='ocr_line' id='line_1_11' title="bbox 346 1687 1599 1773; baseline 0.006 -24"><span class='ocrx_word' id='word_1_86' title='bbox 346 1687 382 1749; x_wconf 91' lang='lat' dir='ltr'><strong>in</strong></span> <span class='ocrx_word' id='word_1_87' title='bbox 396 1688 554 1753; x_wconf 84' lang='lat' dir='ltr'><strong>chronicis</strong></span> <span class='ocrx_word' id='word_1_88' title='bbox 570 1688 700 1767; x_wconf 88' lang='lat' dir='ltr'><strong>morbis,</strong></span> <span class='ocrx_word' id='word_1_89' title='bbox 712 1710 787 1753; x_wconf 89' lang='lat' dir='ltr'><strong>cum</strong></span> <span class='ocrx_word' id='word_1_90' title='bbox 802 1690 956 1773; x_wconf 88' lang='lat' dir='ltr'><strong>specificis</strong></span> <span class='ocrx_word' id='word_1_91' title='bbox 972 1712 1148 1770; x_wconf 85' lang='lat' dir='ltr'><strong>careamus,</strong></span> <span class='ocrx_word' id='word_1_92' title='bbox 1164 1690 1364 1755; x_wconf 90' lang='lat' dir='ltr'><strong>curationem</strong></span> <span class='ocrx_word' id='word_1_93' title='bbox 1378 1710 1446 1756; x_wconf 92' lang='lat' dir='ltr'><strong>non</strong></span> <span class='ocrx_word' id='word_1_94' title='bbox 1458 1721 1506 1754; x_wconf 83' lang='lat' dir='ltr'><strong>non</strong></span> <span class='ocrx_word' id='word_1_95' title='bbox 1515 1708 1599 1757; x_wconf 72' lang='lat' dir='ltr'><strong>datum</strong></span> 
     </span>
    </p>
   </div>
   <div class='ocr_carea' id='block_1_10' title="bbox 347 1773 1598 1885">
    <p class='ocr_par' dir='ltr' id='par_1_10' title="bbox 347 1773 1598 1885">
     <span class='ocr_line' id='line_1_12' title="bbox 347 1773 1598 1885; baseline 0.004 -32"><span class='ocrx_word' id='word_1_96' title='bbox 347 1788 388 1852; x_wconf 88' lang='lat' dir='ltr'><strong>ad</strong></span> <span class='ocrx_word' id='word_1_97' title='bbox 403 1789 606 1853; x_wconf 86' lang='lat' dir='ltr'><strong>essentialem</strong></span> <span class='ocrx_word' id='word_1_98' title='bbox 620 1789 805 1854; x_wconf 87' lang='lat' dir='ltr'><strong>morborum</strong></span> <span class='ocrx_word' id='word_1_99' title='bbox 820 1798 981 1871; x_wconf 77' lang='lat' dir='ltr'><strong>natimam,</strong></span> <span class='ocrx_word' id='word_1_100' title='bbox 997 1793 1054 1857; x_wconf 88' lang='lat' dir='ltr'><strong>sed</strong></span> <span class='ocrx_word' id='word_1_101' title='bbox 1068 1794 1110 1857; x_wconf 90' lang='lat' dir='ltr'><strong>ad</strong></span> <span class='ocrx_word' id='word_1_102' title='bbox 1124 1815 1255 1858; x_wconf 90' lang='lat' dir='ltr'><strong>causam</strong></span> <span class='ocrx_word' id='word_1_103' title='bbox 1269 1793 1446 1859; x_wconf 85' lang='lat' dir='ltr'><strong>eonmdem</strong></span> <span class='ocrx_word' id='word_1_104' title='bbox 1458 1773 1598 1885; x_wconf 49' lang='lat' dir='ltr'><strong>{issefnuss‘</strong></span> 
     </span>
    </p>
   </div>
   <div class='ocr_carea' id='block_1_11' title="bbox 345 1890 1591 2082">
    <p class='ocr_par' dir='ltr' id='par_1_11' title="bbox 345 1890 1591 2082">
     <span class='ocr_line' id='line_1_13' title="bbox 346 1890 1569 1976; baseline 0.008 -24"><span class='ocrx_word' id='word_1_105' title='bbox 346 1890 449 1973; x_wconf 91' lang='lat' dir='ltr'><strong>magis</strong></span> <span class='ocrx_word' id='word_1_106' title='bbox 464 1891 657 1973; x_wconf 85' lang='lat' dir='ltr'><strong>generalem,</strong></span> <span class='ocrx_word' id='word_1_107' title='bbox 674 1890 811 1974; x_wconf 88' lang='lat' dir='ltr'><strong>dirigere</strong></span> <span class='ocrx_word' id='word_1_108' title='bbox 826 1893 973 1976; x_wconf 85' lang='lat' dir='ltr'><strong>cogimur</strong></span> <span class='ocrx_word' id='word_1_109' title='bbox 981 1922 992 1973; x_wconf 80' lang='lat'>3</span> <span class='ocrx_word' id='word_1_110' title='bbox 1016 1896 1150 1959; x_wconf 90' lang='lat' dir='ltr'><strong>curandi</strong></span> <span class='ocrx_word' id='word_1_111' title='bbox 1163 1896 1355 1961; x_wconf 88' lang='lat' dir='ltr'><strong>methodum</strong></span> <span class='ocrx_word' id='word_1_112' title='bbox 1371 1896 1445 1961; x_wconf 90' lang='lat' dir='ltr'><strong>sub-</strong></span> <span class='ocrx_word' id='word_1_113' title='bbox 1458 1900 1569 1963; x_wconf 76' lang='lat' dir='ltr'><strong>uti-isque</strong></span> 
     </span>
     <span class='ocr_line' id='line_1_14' title="bbox 345 1966 1591 2082; baseline 0.003 -25"><span class='ocrx_word' id='word_1_114' title='bbox 345 1993 422 2057; x_wconf 91' lang='lat' dir='ltr'><strong>inde</strong></span> <span class='ocrx_word' id='word_1_115' title='bbox 432 1994 601 2073; x_wconf 89' lang='lat' dir='ltr'><strong>variantes,</strong></span> <span class='ocrx_word' id='word_1_116' title='bbox 613 1994 662 2059; x_wconf 92' lang='lat' dir='ltr'><strong>vel</strong></span> <span class='ocrx_word' id='word_1_117' title='bbox 676 2016 735 2078; x_wconf 93' lang='lat' dir='ltr'><strong>pro</strong></span> <span class='ocrx_word' id='word_1_118' title='bbox 752 1994 872 2059; x_wconf 87' lang='lat' dir='ltr'><strong>indicio</strong></span> <span class='ocrx_word' id='word_1_119' title='bbox 883 1997 1030 2060; x_wconf 86' lang='lat' dir='ltr'><strong>Naturae</strong></span> <span class='ocrx_word' id='word_1_120' title='bbox 1046 2005 1223 2081; x_wconf 91' lang='lat' dir='ltr'><strong>spontaneo</strong></span> <span class='ocrx_word' id='word_1_121' title='bbox 1236 2019 1299 2082; x_wconf 90' lang='lat' dir='ltr'><strong>quo</strong></span> <span class='ocrx_word' id='word_1_122' title='bbox 1314 1998 1351 2062; x_wconf 94' lang='lat' dir='ltr'><strong>in</strong></span> <span class='ocrx_word' id='word_1_123' title='bbox 1360 2020 1445 2062; x_wconf 91' lang='lat' dir='ltr'><strong>mor·</strong></span> <span class='ocrx_word' id='word_1_124' title='bbox 1458 1966 1591 2078; x_wconf 49' lang='lat' dir='ltr'><strong>mig</strong></span> 
     </span>
    </p>
   </div>
   <div class='ocr_carea' id='block_1_12' title="bbox 346 2095 1601 2399">
    <p class='ocr_par' dir='ltr' id='par_1_12' title="bbox 346 2095 1601 2399">
     <span class='ocr_line' id='line_1_15' title="bbox 346 2095 1601 2216; baseline 0.013 -56"><span class='ocrx_word' id='word_1_125' title='bbox 346 2095 461 2161; x_wconf 90' lang='lat' dir='ltr'><strong>borum</strong></span> <span class='ocrx_word' id='word_1_126' title='bbox 486 2096 705 2162; x_wconf 86' lang='lat' dir='ltr'><strong>eliminatione</strong></span> <span class='ocrx_word' id='word_1_127' title='bbox 726 2097 783 2161; x_wconf 92' lang='lat' dir='ltr'><strong>illa</strong></span> <span class='ocrx_word' id='word_1_128' title='bbox 804 2097 917 2177; x_wconf 90' lang='lat' dir='ltr'><strong>utitur,</strong></span> <span class='ocrx_word' id='word_1_129' title='bbox 933 2098 984 2162; x_wconf 89' lang='lat' dir='ltr'><strong>vel</strong></span> <span class='ocrx_word' id='word_1_130' title='bbox 1005 2098 1230 2183; x_wconf 85' lang='lat' dir='ltr'><strong>experientiae,</strong></span> <span class='ocrx_word' id='word_1_131' title='bbox 1246 2100 1300 2163; x_wconf 89' lang='lat' dir='ltr'><strong>cui</strong></span> <span class='ocrx_word' id='word_1_132' title='bbox 1319 2098 1445 2182; x_wconf 79' lang='lat' dir='ltr'><strong>potissi·</strong></span> <span class='ocrx_word' id='word_1_133' title='bbox 1457 2106 1601 2216; x_wconf 57' lang='grc' dir='ltr'><strong><em>ξζηᾚζά</em></strong></span> 
     </span>
     <span class='ocr_line' id='line_1_16' title="bbox 346 2200 1600 2298; baseline 0.008 -36"><span class='ocrx_word' id='word_1_134' title='bbox 346 2220 437 2263; x_wconf 90' lang='lat' dir='ltr'><strong>mum</strong></span> <span class='ocrx_word' id='word_1_135' title='bbox 451 2200 673 2265; x_wconf 88' lang='lat' dir='ltr'><strong>medicationis</strong></span> <span class='ocrx_word' id='word_1_136' title='bbox 688 2200 799 2284; x_wconf 88' lang='lat' dir='ltr'><strong>generi</strong></span> <span class='ocrx_word' id='word_1_137' title='bbox 815 2200 949 2284; x_wconf 91' lang='lat' dir='ltr'><strong>quilibet</strong></span> <span class='ocrx_word' id='word_1_138' title='bbox 972 2202 1104 2267; x_wconf 90' lang='lat' dir='ltr'><strong>morbus</strong></span> <span class='ocrx_word' id='word_1_139' title='bbox 1124 2203 1276 2268; x_wconf 82' lang='lat' dir='ltr'><strong>facillime</strong></span> <span class='ocrx_word' id='word_1_140' title='bbox 1289 2204 1446 2271; x_wconf 85' lang='lat' dir='ltr'><strong>concedat</strong></span> <span class='ocrx_word' id='word_1_141' title='bbox 1458 2222 1489 2268; x_wconf 70' lang='lat' dir='ltr'><strong>aa</strong></span> <span class='ocrx_word' id='word_1_142' title='bbox 1499 2238 1600 2298; x_wconf 60' lang='lat' dir='ltr'><strong>esuum</strong></span> 
     </span>
     <span class='ocr_line' id='line_1_17' title="bbox 346 2300 1590 2399; baseline 0.022 -34"><span class='ocrx_word' id='word_1_143' title='bbox 346 2302 509 2383; x_wconf 86' lang='lat' dir='ltr'><strong>dictantis,</strong></span> <span class='ocrx_word' id='word_1_144' title='bbox 526 2304 616 2367; x_wconf 87' lang='lat' dir='ltr'><strong>filum</strong></span> <span class='ocrx_word' id='word_1_145' title='bbox 631 2304 743 2367; x_wconf 90' lang='lat' dir='ltr'><strong>secuti.</strong></span> <span class='ocrx_word' id='word_1_146' title='bbox 1457 2300 1590 2399; x_wconf 42' lang='lat' dir='ltr'><strong>iffi?</strong></span> 
     </span>
    </p>
   </div>
   <div class='ocr_carea' id='block_1_13' title="bbox 395 2405 1601 2538">
    <p class='ocr_par' dir='ltr' id='par_1_13' title="bbox 395 2405 1601 2538">
     <span class='ocr_line' id='line_1_18' title="bbox 395 2405 1601 2538; baseline 0.001 -69"><span class='ocrx_word' id='word_1_147' title='bbox 395 2406 478 2490; x_wconf 87' lang='lat'><strong>[35.]</strong></span> <span class='ocrx_word' id='word_1_148' title='bbox 505 2406 605 2471; x_wconf 86' lang='lat' dir='ltr'><strong>Porro</strong></span> <span class='ocrx_word' id='word_1_149' title='bbox 625 2406 667 2470; x_wconf 89' lang='lat' dir='ltr'><strong>ad</strong></span> <span class='ocrx_word' id='word_1_150' title='bbox 686 2405 770 2470; x_wconf 89' lang='lat' dir='ltr'><strong>hanc</strong></span> <span class='ocrx_word' id='word_1_151' title='bbox 785 2405 825 2470; x_wconf 88' lang='lat' dir='ltr'><strong>de</strong></span> <span class='ocrx_word' id='word_1_152' title='bbox 840 2426 904 2489; x_wconf 92' lang='lat' dir='ltr'><strong>qua</strong></span> <span class='ocrx_word' id='word_1_153' title='bbox 920 2408 989 2490; x_wconf 88' lang='lat' dir='ltr'><strong>jam</strong></span> <span class='ocrx_word' id='word_1_154' title='bbox 1007 2408 1132 2491; x_wconf 85' lang='lat' dir='ltr'><strong>agimus</strong></span> <span class='ocrx_word' id='word_1_155' title='bbox 1149 2408 1366 2473; x_wconf 88' lang='lat' dir='ltr'><strong>intentionem</strong></span> <span class='ocrx_word' id='word_1_156' title='bbox 1384 2408 1445 2471; x_wconf 92' lang='lat' dir='ltr'><strong>im-</strong></span> <span class='ocrx_word' id='word_1_157' title='bbox 1457 2414 1601 2538; x_wconf 56' lang='lat' dir='ltr'><strong>ffimeci</strong></span> 
     </span>
    </p>
   </div>
   <div class='ocr_carea' id='block_1_14' title="bbox 346 2508 1576 2605">
    <p class='ocr_par' dir='ltr' id='par_1_14' title="bbox 346 2508 1576 2605">
     <span class='ocr_line' id='line_1_19' title="bbox 346 2508 1576 2605; baseline 0.005 -34"><span class='ocrx_word' id='word_1_158' title='bbox 346 2508 507 2593; x_wconf 87' lang='lat' dir='ltr'><strong>piendam,</strong></span> <span class='ocrx_word' id='word_1_159' title='bbox 523 2510 650 2593; x_wconf 85' lang='lat' dir='ltr'><strong>(nempe</strong></span> <span class='ocrx_word' id='word_1_160' title='bbox 660 2515 699 2573; x_wconf 90' lang='lat' dir='ltr'><strong>ut</strong></span> <span class='ocrx_word' id='word_1_161' title='bbox 714 2508 844 2592; x_wconf 89' lang='lat' dir='ltr'><strong>sanguis</strong></span> <span class='ocrx_word' id='word_1_162' title='bbox 860 2509 1105 2593; x_wconf 89' lang='lat' dir='ltr'><strong>corroboretur,)</strong></span> <span class='ocrx_word' id='word_1_163' title='bbox 1122 2510 1188 2574; x_wconf 89' lang='lat' dir='ltr'><strong>sive</strong></span> <span class='ocrx_word' id='word_1_164' title='bbox 1202 2533 1359 2593; x_wconf 90' lang='lat' dir='ltr'><strong>aquarum</strong></span> <span class='ocrx_word' id='word_1_165' title='bbox 1374 2532 1444 2575; x_wconf 89' lang='lat' dir='ltr'><strong>eva·</strong></span> <span class='ocrx_word' id='word_1_166' title='bbox 1458 2544 1576 2605; x_wconf 76' lang='lat' dir='ltr'><strong>nudique</strong></span> 
     </span>
    </p>
   </div>
   <div class='ocr_carea' id='block_1_15' title="bbox 346 2606 1600 2731">
    <p class='ocr_par' dir='ltr' id='par_1_15' title="bbox 346 2606 1600 2731">
     <span class='ocr_line' id='line_1_20' title="bbox 346 2606 1600 2731; baseline -0.002 -56"><span class='ocrx_word' id='word_1_167' title='bbox 346 2612 453 2675; x_wconf 90' lang='lat' dir='ltr'><strong>cuatio</strong></span> <span class='ocrx_word' id='word_1_168' title='bbox 467 2633 524 2695; x_wconf 92' lang='lat' dir='ltr'><strong>per</strong></span> <span class='ocrx_word' id='word_1_169' title='bbox 537 2612 599 2675; x_wconf 93' lang='lat' dir='ltr'><strong>hoc</strong></span> <span class='ocrx_word' id='word_1_170' title='bbox 614 2611 817 2690; x_wconf 91' lang='lat' dir='ltr'><strong>diureticum,</strong></span> <span class='ocrx_word' id='word_1_171' title='bbox 834 2612 898 2675; x_wconf 91' lang='lat' dir='ltr'><strong>sive</strong></span> <span class='ocrx_word' id='word_1_172' title='bbox 912 2634 970 2695; x_wconf 90' lang='lat' dir='ltr'><strong>per</strong></span> <span class='ocrx_word' id='word_1_173' title='bbox 984 2613 1157 2691; x_wconf 88' lang='lat' dir='ltr'><strong>catharsin,</strong></span> <span class='ocrx_word' id='word_1_174' title='bbox 1168 2614 1219 2676; x_wconf 90' lang='lat' dir='ltr'><strong>vel</strong></span> <span class='ocrx_word' id='word_1_175' title='bbox 1232 2615 1331 2679; x_wconf 89' lang='lat' dir='ltr'><strong>etiam</strong></span> <span class='ocrx_word' id='word_1_176' title='bbox 1345 2614 1445 2678; x_wconf 89' lang='lat' dir='ltr'><strong>vomi·</strong></span> <span class='ocrx_word' id='word_1_177' title='bbox 1458 2606 1600 2731; x_wconf 52' lang='lat' dir='ltr'><strong>‘gifflm</strong></span> 
     </span>
    </p>
   </div>
   <div class='ocr_carea' id='block_1_16' title="bbox 345 2716 1580 2808">
    <p class='ocr_par' dir='ltr' id='par_1_16' title="bbox 345 2716 1580 2808">
     <span class='ocr_line' id='line_1_21' title="bbox 345 2716 1580 2808; baseline 0.001 -29"><span class='ocrx_word' id='word_1_178' title='bbox 345 2716 478 2795; x_wconf 91' lang='lat' dir='ltr'><strong>tionem,</strong></span> <span class='ocrx_word' id='word_1_179' title='bbox 491 2722 689 2800; x_wconf 66' lang='lat' dir='ltr'><strong>prodiretur,</strong></span> <span class='ocrx_word' id='word_1_180' title='bbox 704 2718 752 2799; x_wconf 90' lang='lat' dir='ltr'><strong>(ut</strong></span> <span class='ocrx_word' id='word_1_181' title='bbox 769 2717 803 2802; x_wconf 71' lang='lat' dir='ltr'><strong>[q</strong></span> <span class='ocrx_word' id='word_1_182' title='bbox 814 2716 905 2799; x_wconf 66' lang='lat' dir='ltr'><strong>9,sq.]</strong></span> <span class='ocrx_word' id='word_1_183' title='bbox 927 2718 1045 2800; x_wconf 72' lang='lat' dir='ltr'><strong>supra)</strong></span> <span class='ocrx_word' id='word_1_184' title='bbox 1059 2718 1192 2782; x_wconf 92' lang='lat' dir='ltr'><strong>omnino</strong></span> <span class='ocrx_word' id='word_1_185' title='bbox 1202 2740 1331 2783; x_wconf 90' lang='lat' dir='ltr'><strong>necesse</strong></span> <span class='ocrx_word' id='word_1_186' title='bbox 1347 2726 1396 2783; x_wconf 89' lang='lat' dir='ltr'><strong>est</strong></span> <span class='ocrx_word' id='word_1_187' title='bbox 1408 2728 1445 2783; x_wconf 90' lang='lat' dir='ltr'><strong>ut</strong></span> <span class='ocrx_word' id='word_1_188' title='bbox 1458 2734 1497 2808; x_wconf 62' lang='grc' dir='ltr'><strong>ιρι</strong></span> <span class='ocrx_word' id='word_1_189' title='bbox 1508 2750 1580 2797; x_wconf 67' lang='lat' dir='ltr'><strong>expe.</strong></span> 
     </span>
    </p>
   </div>
   <div class='ocr_carea' id='block_1_17' title="bbox 346 2799 1600 2920">
    <p class='ocr_par' dir='ltr' id='par_1_17' title="bbox 346 2799 1600 2920">
     <span class='ocr_line' id='line_1_22' title="bbox 346 2799 1600 2920; baseline 0.005 -37"><span class='ocrx_word' id='word_1_190' title='bbox 346 2840 451 2903; x_wconf 86' lang='lat' dir='ltr'><strong>aeger,</strong></span> <span class='ocrx_word' id='word_1_191' title='bbox 475 2826 634 2902; x_wconf 93' lang='lat' dir='ltr'><strong>quantum</strong></span> <span class='ocrx_word' id='word_1_192' title='bbox 661 2840 712 2883; x_wconf 92' lang='lat' dir='ltr'><strong>res</strong></span> <span class='ocrx_word' id='word_1_193' title='bbox 737 2818 830 2898; x_wconf 90' lang='lat' dir='ltr'><strong>ferat,</strong></span> <span class='ocrx_word' id='word_1_194' title='bbox 852 2818 965 2881; x_wconf 90' lang='lat' dir='ltr'><strong>vinum</strong></span> <span class='ocrx_word' id='word_1_195' title='bbox 989 2826 1101 2902; x_wconf 91' lang='lat' dir='ltr'><strong>potare</strong></span> <span class='ocrx_word' id='word_1_196' title='bbox 1126 2826 1276 2884; x_wconf 90' lang='lat' dir='ltr'><strong>teneatur</strong></span> <span class='ocrx_word' id='word_1_197' title='bbox 1305 2821 1384 2885; x_wconf 90' lang='lat' dir='ltr'><strong>dum</strong></span> <span class='ocrx_word' id='word_1_198' title='bbox 1408 2822 1445 2885; x_wconf 93' lang='lat' dir='ltr'><strong>in</strong></span> <span class='ocrx_word' id='word_1_199' title='bbox 1457 2799 1600 2920; x_wconf 51' lang='lat' dir='ltr'><strong>{ffifficm</strong></span> 
     </span>
    </p>
   </div>
   <div class='ocr_carea' id='block_1_18' title="bbox 346 2918 1598 3114">
    <p class='ocr_par' dir='ltr' id='par_1_18' title="bbox 346 2918 1598 3114">
     <span class='ocr_line' id='line_1_23' title="bbox 346 2918 1565 3005; baseline -0.02 -19"><span class='ocrx_word' id='word_1_200' title='bbox 346 2921 488 2985; x_wconf 88' lang='lat' dir='ltr'><strong>curando</strong></span> <span class='ocrx_word' id='word_1_201' title='bbox 503 2928 562 3000; x_wconf 88' lang='lat' dir='ltr'><strong>est,</strong></span> <span class='ocrx_word' id='word_1_202' title='bbox 578 2920 685 3003; x_wconf 86' lang='lat' dir='ltr'><strong>(modo</strong></span> <span class='ocrx_word' id='word_1_203' title='bbox 699 2942 741 2985; x_wconf 91' lang='lat' dir='ltr'><strong>ne</strong></span> <span class='ocrx_word' id='word_1_204' title='bbox 755 2921 844 3004; x_wconf 92' lang='lat' dir='ltr'><strong>prius</strong></span> <span class='ocrx_word' id='word_1_205' title='bbox 859 2920 992 3003; x_wconf 87' lang='lat' dir='ltr'><strong>incipiat</strong></span> <span class='ocrx_word' id='word_1_206' title='bbox 1007 2918 1193 2985; x_wconf 76' lang='lat' dir='ltr'><strong>olmoofav</strong></span> <span class='ocrx_word' id='word_1_207' title='bbox 1206 2943 1303 3005; x_wconf 77' lang='lat' dir='ltr'><strong>quam</strong></span> <span class='ocrx_word' id='word_1_208' title='bbox 1317 2930 1444 2987; x_wconf 61' lang='lat' dir='ltr'><strong>meam</strong></span> <span class='ocrx_word' id='word_1_209' title='bbox 1456 2939 1565 2974; x_wconf 67' lang='lat' dir='ltr'><strong>commo.</strong></span> 
     </span>
     <span class='ocr_line' id='line_1_24' title="bbox 346 2988 1598 3114; baseline -0.047 -22"><span class='ocrx_word' id='word_1_210' title='bbox 346 3024 571 3107; x_wconf 86' lang='lat' dir='ltr'><strong>quadantenus</strong></span> <span class='ocrx_word' id='word_1_211' title='bbox 590 3023 707 3087; x_wconf 88' lang='lat' dir='ltr'><strong>reclusi</strong></span> <span class='ocrx_word' id='word_1_212' title='bbox 728 3022 860 3101; x_wconf 60' lang='lat' dir='ltr'><strong>ineunt,</strong></span> <span class='ocrx_word' id='word_1_213' title='bbox 876 3028 909 3085; x_wconf 90' lang='lat' dir='ltr'><strong>et</strong></span> <span class='ocrx_word' id='word_1_214' title='bbox 927 3027 1021 3104; x_wconf 80' lang='lat' dir='ltr'><strong>porta</strong></span> <span class='ocrx_word' id='word_1_215' title='bbox 1039 3021 1130 3105; x_wconf 68' lang='lat' dir='ltr'><strong>aquis</strong></span> <span class='ocrx_word' id='word_1_216' title='bbox 1150 3020 1247 3104; x_wconf 43' lang='lat' dir='ltr'>dam)</span> <span class='ocrx_word' id='word_1_217' title='bbox 1264 3023 1314 3086; x_wconf 66' lang='lat' dir='ltr'><strong>,el</strong></span> <span class='ocrx_word' id='word_1_218' title='bbox 1329 3022 1442 3087; x_wconf 56' lang='lat' dir='ltr'><strong>saltem</strong></span> <span class='ocrx_word' id='word_1_219' title='bbox 1455 2988 1598 3114; x_wconf 39' lang='lat' dir='ltr'><strong>&amp;qn-Ae.</strong></span> 
     </span>
    </p>
   </div>
   <div class='ocr_carea' id='block_1_19' title="bbox 345 3122 1592 3248">
    <p class='ocr_par' dir='ltr' id='par_1_19' title="bbox 345 3122 1592 3248">
     <span class='ocr_line' id='line_1_25' title="bbox 345 3122 1592 3248; baseline 0.006 -60"><span class='ocrx_word' id='word_1_220' title='bbox 345 3124 417 3190; x_wconf 92' lang='lat' dir='ltr'><strong>loco</strong></span> <span class='ocrx_word' id='word_1_221' title='bbox 431 3125 497 3189; x_wconf 89' lang='lat' dir='ltr'><strong>vini</strong></span> <span class='ocrx_word' id='word_1_222' title='bbox 512 3124 694 3191; x_wconf 87' lang='lat' dir='ltr'><strong>cerevisiam</strong></span> <span class='ocrx_word' id='word_1_223' title='bbox 709 3124 850 3207; x_wconf 87' lang='lat' dir='ltr'><strong>aliquam</strong></span> <span class='ocrx_word' id='word_1_224' title='bbox 873 3144 891 3209; x_wconf 86' lang='lat' dir='ltr'><strong>e</strong></span> <span class='ocrx_word' id='word_1_225' title='bbox 911 3122 1188 3206; x_wconf 89' lang='lat' dir='ltr'><strong>generosioribus;</strong></span> <span class='ocrx_word' id='word_1_226' title='bbox 1211 3145 1285 3189; x_wconf 89' lang='lat' dir='ltr'><strong>cum</strong></span> <span class='ocrx_word' id='word_1_227' title='bbox 1302 3126 1444 3208; x_wconf 90' lang='lat' dir='ltr'><strong>liquores</strong></span> <span class='ocrx_word' id='word_1_228' title='bbox 1457 3123 1592 3248; x_wconf 54' lang='lat' dir='ltr'><strong>{ffffl</strong></span> 
     </span>
    </p>
   </div>
   <div class='ocr_carea' id='block_1_20' title="bbox 345 3224 1575 3321">
    <p class='ocr_par' dir='ltr' id='par_1_20' title="bbox 345 3224 1575 3321">
     <span class='ocr_line' id='line_1_26' title="bbox 345 3224 1575 3321; baseline -0.002 -31"><span class='ocrx_word' id='word_1_229' title='bbox 345 3234 460 3292; x_wconf 90' lang='lat' dir='ltr'><strong>tenues</strong></span> <span class='ocrx_word' id='word_1_230' title='bbox 480 3250 517 3293; x_wconf 92' lang='lat' dir='ltr'><strong>ac</strong></span> <span class='ocrx_word' id='word_1_231' title='bbox 536 3227 762 3311; x_wconf 80' lang='lat' dir='ltr'><strong>refrigerantes</strong></span> <span class='ocrx_word' id='word_1_232' title='bbox 783 3224 926 3309; x_wconf 89' lang='lat' dir='ltr'><strong>quilibet,</strong></span> <span class='ocrx_word' id='word_1_233' title='bbox 942 3231 1033 3289; x_wconf 92' lang='lat' dir='ltr'><strong>utut</strong></span> <span class='ocrx_word' id='word_1_234' title='bbox 1047 3226 1135 3309; x_wconf 89' lang='lat' dir='ltr'><strong>aegri</strong></span> <span class='ocrx_word' id='word_1_235' title='bbox 1153 3224 1261 3310; x_wconf 91' lang='lat' dir='ltr'><strong>palato</strong></span> <span class='ocrx_word' id='word_1_236' title='bbox 1282 3226 1445 3291; x_wconf 89' lang='lat' dir='ltr'><strong>arrideant</strong></span> <span class='ocrx_word' id='word_1_237' title='bbox 1456 3253 1538 3321; x_wconf 58' lang='lat' dir='ltr'><strong>poga.</strong></span> <span class='ocrx_word' id='word_1_238' title='bbox 1548 3264 1575 3295; x_wconf 70' lang='lat' dir='ltr'><strong>a·</strong></span> 
     </span>
    </p>
   </div>
   <div class='ocr_carea' id='block_1_21' title="bbox 346 3311 1597 3425">
    <p class='ocr_par' dir='ltr' id='par_1_21' title="bbox 346 3311 1597 3425">
     <span class='ocr_line' id='line_1_27' title="bbox 346 3311 1597 3425; baseline 0.003 -30"><span class='ocrx_word' id='word_1_239' title='bbox 346 3333 403 3415; x_wconf 91' lang='lat' dir='ltr'><strong>qui</strong></span> <span class='ocrx_word' id='word_1_240' title='bbox 425 3333 493 3397; x_wconf 89' lang='lat' dir='ltr'><strong>fere</strong></span> <span class='ocrx_word' id='word_1_241' title='bbox 519 3354 644 3415; x_wconf 92' lang='lat' dir='ltr'><strong>semper</strong></span> <span class='ocrx_word' id='word_1_242' title='bbox 668 3331 704 3394; x_wconf 94' lang='lat' dir='ltr'><strong>in</strong></span> <span class='ocrx_word' id='word_1_243' title='bbox 732 3332 795 3395; x_wconf 91' lang='lat' dir='ltr'><strong>hoc</strong></span> <span class='ocrx_word' id='word_1_244' title='bbox 819 3329 932 3394; x_wconf 88' lang='lat' dir='ltr'><strong>morbo</strong></span> <span class='ocrx_word' id='word_1_245' title='bbox 957 3330 1139 3395; x_wconf 87' lang='lat' dir='ltr'><strong>siticulosus</strong></span> <span class='ocrx_word' id='word_1_246' title='bbox 1164 3338 1223 3409; x_wconf 89' lang='lat' dir='ltr'><strong>est,</strong></span> <span class='ocrx_word' id='word_1_247' title='bbox 1247 3352 1322 3395; x_wconf 92' lang='lat' dir='ltr'><strong>eum</strong></span> <span class='ocrx_word' id='word_1_248' title='bbox 1342 3332 1445 3415; x_wconf 88' lang='lat' dir='ltr'><strong>magis</strong></span> <span class='ocrx_word' id='word_1_249' title='bbox 1457 3311 1597 3425; x_wconf 49' lang='lat' dir='ltr'><strong>ffizffi</strong></span> 
     </span>
    </p>
   </div>
   <div class='ocr_carea' id='block_1_22' title="bbox 345 3432 1597 3621">
    <p class='ocr_par' dir='ltr' id='par_1_22' title="bbox 345 3432 1597 3621">
     <span class='ocr_line' id='line_1_28' title="bbox 345 3432 1596 3520; baseline -0.018 -16"><span class='ocrx_word' id='word_1_250' title='bbox 345 3433 599 3520; x_wconf 79' lang='lat' dir='ltr'><strong>phlegmaticum</strong></span> <span class='ocrx_word' id='word_1_251' title='bbox 627 3434 775 3512; x_wconf 90' lang='lat' dir='ltr'><strong>reddant,</strong></span> <span class='ocrx_word' id='word_1_252' title='bbox 801 3440 834 3497; x_wconf 93' lang='lat' dir='ltr'><strong>et</strong></span> <span class='ocrx_word' id='word_1_253' title='bbox 860 3434 950 3516; x_wconf 88' lang='lat' dir='ltr'><strong>aquis</strong></span> <span class='ocrx_word' id='word_1_254' title='bbox 980 3432 1248 3497; x_wconf 81' lang='lat' dir='ltr'><strong>obstetricantvn:</strong></span> <span class='ocrx_word' id='word_1_255' title='bbox 1282 3455 1356 3498; x_wconf 90' lang='lat' dir='ltr'><strong>raro</strong></span> <span class='ocrx_word' id='word_1_256' title='bbox 1384 3434 1596 3514; x_wconf 61' lang='lat' dir='ltr'><strong>its-velares.</strong></span> 
     </span>
     <span class='ocr_line' id='line_1_29' title="bbox 346 3517 1597 3621; baseline -0.003 -21"><span class='ocrx_word' id='word_1_257' title='bbox 346 3558 419 3619; x_wconf 91' lang='lat' dir='ltr'><strong>que,</strong></span> <span class='ocrx_word' id='word_1_258' title='bbox 445 3544 502 3601; x_wconf 89' lang='lat' dir='ltr'><strong>aut</strong></span> <span class='ocrx_word' id='word_1_259' title='bbox 527 3558 705 3621; x_wconf 90' lang='lat' dir='ltr'><strong>nunquam,</strong></span> <span class='ocrx_word' id='word_1_260' title='bbox 727 3537 763 3600; x_wconf 95' lang='lat' dir='ltr'><strong>hi</strong></span> <span class='ocrx_word' id='word_1_261' title='bbox 782 3543 859 3601; x_wconf 92' lang='lat' dir='ltr'><strong>sunt</strong></span> <span class='ocrx_word' id='word_1_262' title='bbox 884 3536 1091 3601; x_wconf 88' lang='lat' dir='ltr'><strong>concedendi.</strong></span> <span class='ocrx_word' id='word_1_263' title='bbox 1135 3536 1245 3621; x_wconf 87' lang='lat' dir='ltr'><strong>Atque</strong></span> <span class='ocrx_word' id='word_1_264' title='bbox 1267 3559 1286 3602; x_wconf 91' lang='lat' dir='ltr'><strong>e</strong></span> <span class='ocrx_word' id='word_1_265' title='bbox 1311 3538 1444 3617; x_wconf 88' lang='lat' dir='ltr'><strong>diverso,</strong></span> <span class='ocrx_word' id='word_1_266' title='bbox 1455 3517 1597 3619; x_wconf 55' lang='lat' dir='ltr'><strong>fflffi&#39;</strong></span> 
     </span>
    </p>
   </div>
   <div class='ocr_carea' id='block_1_23' title="bbox 345 3640 1596 3749">
    <p class='ocr_par' dir='ltr' id='par_1_23' title="bbox 345 3640 1596 3749">
     <span class='ocr_line' id='line_1_30' title="bbox 345 3640 1596 3749; baseline 0.001 -44"><span class='ocrx_word' id='word_1_267' title='bbox 345 3640 484 3725; x_wconf 87' lang='lat' dir='ltr'><strong>liquores</strong></span> <span class='ocrx_word' id='word_1_268' title='bbox 504 3641 652 3725; x_wconf 89' lang='lat' dir='ltr'><strong>generosi</strong></span> <span class='ocrx_word' id='word_1_269' title='bbox 674 3641 781 3724; x_wconf 84' lang='lat' dir='ltr'><strong>(modo</strong></span> <span class='ocrx_word' id='word_1_270' title='bbox 800 3664 868 3707; x_wconf 93' lang='lat' dir='ltr'><strong>non</strong></span> <span class='ocrx_word' id='word_1_271' title='bbox 888 3642 954 3706; x_wconf 92' lang='lat' dir='ltr'><strong>sint</strong></span> <span class='ocrx_word' id='word_1_272' title='bbox 974 3640 1106 3725; x_wconf 90' lang='lat' dir='ltr'><strong>spiritus</strong></span> <span class='ocrx_word' id='word_1_273' title='bbox 1126 3662 1183 3725; x_wconf 89' lang='lat' dir='ltr'><strong>per</strong></span> <span class='ocrx_word' id='word_1_274' title='bbox 1203 3641 1445 3705; x_wconf 88' lang='lat' dir='ltr'><strong>distillationem</strong></span> <span class='ocrx_word' id='word_1_275' title='bbox 1456 3640 1596 3749; x_wconf 52' lang='lat' dir='ltr'><strong>{ffiff</strong></span> 
     </span>
    </p>
   </div>
   <div class='ocr_carea' id='block_1_24' title="bbox 345 3743 1544 3829">
    <p class='ocr_par' dir='ltr' id='par_1_24' title="bbox 345 3743 1544 3829">
     <span class='ocr_line' id='line_1_31' title="bbox 345 3743 1544 3829; baseline 0.002 -21"><span class='ocrx_word' id='word_1_276' title='bbox 345 3743 465 3827; x_wconf 70' lang='lat' dir='ltr'><strong>eliciti)</strong></span> <span class='ocrx_word' id='word_1_277' title='bbox 479 3766 582 3829; x_wconf 89' lang='lat' dir='ltr'><strong>usque</strong></span> <span class='ocrx_word' id='word_1_278' title='bbox 597 3743 676 3808; x_wconf 88' lang='lat' dir='ltr'><strong>adeo</strong></span> <span class='ocrx_word' id='word_1_279' title='bbox 691 3744 863 3809; x_wconf 89' lang='lat' dir='ltr'><strong>sanitatem</strong></span> <span class='ocrx_word' id='word_1_280' title='bbox 874 3752 1074 3827; x_wconf 88' lang='lat' dir='ltr'><strong>promovent,</strong></span> <span class='ocrx_word' id='word_1_281' title='bbox 1085 3750 1123 3807; x_wconf 92' lang='lat' dir='ltr'><strong>ut</strong></span> <span class='ocrx_word' id='word_1_282' title='bbox 1137 3743 1188 3808; x_wconf 91' lang='lat' dir='ltr'><strong>vel</strong></span> <span class='ocrx_word' id='word_1_283' title='bbox 1201 3745 1260 3808; x_wconf 94' lang='lat' dir='ltr'><strong>soli</strong></span> <span class='ocrx_word' id='word_1_284' title='bbox 1272 3744 1444 3827; x_wconf 90' lang='lat' dir='ltr'><strong>aliquando</strong></span> <span class='ocrx_word' id='word_1_285' title='bbox 1456 3776 1544 3823; x_wconf 71' lang='lat' dir='ltr'><strong>quotes</strong></span> 
     </span>
    </p>
   </div>
   <div class='ocr_carea' id='block_1_25' title="bbox 345 3840 1589 3955">
    <p class='ocr_par' dir='ltr' id='par_1_25' title="bbox 345 3840 1589 3955">
     <span class='ocr_line' id='line_1_32' title="bbox 345 3840 1589 3955; baseline -0.006 -41"><span class='ocrx_word' id='word_1_286' title='bbox 345 3850 495 3913; x_wconf 87' lang='lat' dir='ltr'><strong>amissam</strong></span> <span class='ocrx_word' id='word_1_287' title='bbox 510 3848 727 3913; x_wconf 87' lang='lat' dir='ltr'><strong>revocaverint</strong></span> <span class='ocrx_word' id='word_1_288' title='bbox 735 3874 745 3926; x_wconf 80' lang='lat'>3</span> <span class='ocrx_word' id='word_1_289' title='bbox 767 3847 880 3930; x_wconf 89' lang='lat' dir='ltr'><strong>utique</strong></span> <span class='ocrx_word' id='word_1_290' title='bbox 894 3846 930 3911; x_wconf 93' lang='lat' dir='ltr'><strong>in</strong></span> <span class='ocrx_word' id='word_1_291' title='bbox 945 3846 1049 3911; x_wconf 91' lang='lat' dir='ltr'><strong>morbi</strong></span> <span class='ocrx_word' id='word_1_292' title='bbox 1063 3846 1167 3927; x_wconf 91' lang='lat' dir='ltr'><strong>initio,</strong></span> <span class='ocrx_word' id='word_1_293' title='bbox 1180 3846 1327 3911; x_wconf 91' lang='lat' dir='ltr'><strong>nondum</strong></span> <span class='ocrx_word' id='word_1_294' title='bbox 1341 3847 1445 3911; x_wconf 92' lang='lat' dir='ltr'><strong>multa</strong></span> <span class='ocrx_word' id='word_1_295' title='bbox 1455 3840 1589 3955; x_wconf 45' lang='lat' dir='ltr'><strong>{Jfflp’i-</strong></span> 
     </span>
    </p>
   </div>
   <div class='ocr_carea' id='block_1_26' title="bbox 344 3950 1590 4138">
    <p class='ocr_par' dir='ltr' id='par_1_26' title="bbox 344 3950 1590 4138">
     <span class='ocr_line' id='line_1_33' title="bbox 344 3950 1570 4037; baseline -0.007 -17"><span class='ocrx_word' id='word_1_296' title='bbox 344 3974 428 4037; x_wconf 87' lang='lat' dir='ltr'><strong>aqua</strong></span> <span class='ocrx_word' id='word_1_297' title='bbox 442 3954 584 4019; x_wconf 91' lang='lat' dir='ltr'><strong>distento</strong></span> <span class='ocrx_word' id='word_1_298' title='bbox 599 3952 771 4017; x_wconf 91' lang='lat' dir='ltr'><strong>abdomine</strong></span> <span class='ocrx_word' id='word_1_299' title='bbox 779 3979 789 4031; x_wconf 88' lang='lat'>;</span> <span class='ocrx_word' id='word_1_300' title='bbox 811 3952 1001 4036; x_wconf 90' lang='lat' dir='ltr'><strong>praesertim</strong></span> <span class='ocrx_word' id='word_1_301' title='bbox 1018 3950 1167 4014; x_wconf 89' lang='lat' dir='ltr'><strong>siherbis</strong></span> <span class='ocrx_word' id='word_1_302' title='bbox 1184 3950 1444 4014; x_wconf 87' lang='lat' dir='ltr'><strong>calefacientibus</strong></span> <span class='ocrx_word' id='word_1_303' title='bbox 1456 3953 1517 4029; x_wconf 63' lang='lat' dir='ltr'><strong>risus</strong></span> <span class='ocrx_word' id='word_1_304' title='bbox 1528 3955 1570 4029; x_wconf 62' lang='lat' dir='ltr'><strong>gle-</strong></span> 
     </span>
     <span class='ocr_line' id='line_1_34' title="bbox 345 4017 1590 4138; baseline -0.006 -19"><span class='ocrx_word' id='word_1_305' title='bbox 345 4064 378 4119; x_wconf 89' lang='lat' dir='ltr'><strong>et</strong></span> <span class='ocrx_word' id='word_1_306' title='bbox 393 4056 650 4121; x_wconf 80' lang='lat' dir='ltr'><strong>confortantibus</strong></span> <span class='ocrx_word' id='word_1_307' title='bbox 665 4056 787 4121; x_wconf 78' lang='lat' dir='ltr'><strong>hierint</strong></span> <span class='ocrx_word' id='word_1_308' title='bbox 800 4054 1025 4138; x_wconf 88' lang='lat' dir='ltr'><strong>impraegnati.</strong></span> <span class='ocrx_word' id='word_1_309' title='bbox 1070 4054 1113 4117; x_wconf 94' lang='lat' dir='ltr'><strong>In</strong></span> <span class='ocrx_word' id='word_1_310' title='bbox 1127 4052 1331 4136; x_wconf 88' lang='lat' dir='ltr'><strong>pauperibus,</strong></span> <span class='ocrx_word' id='word_1_311' title='bbox 1345 4050 1444 4132; x_wconf 84' lang='lat' dir='ltr'><strong>(verbi</strong></span> <span class='ocrx_word' id='word_1_312' title='bbox 1455 4017 1590 4131; x_wconf 46' lang='grc' dir='ltr'><strong>ζῧὲᾗῗζξζ</strong></span> 
     </span>
    </p>
   </div>
   <div class='ocr_carea' id='block_1_27' title="bbox 345 4145 1569 4255">
    <p class='ocr_par' dir='ltr' id='par_1_27' title="bbox 345 4145 1569 4255">
     <span class='ocr_line' id='line_1_35' title="bbox 345 4145 1569 4255; baseline -0.026 -15"><span class='ocrx_word' id='word_1_313' title='bbox 345 4161 469 4243; x_wconf 52' lang='lat' dir='ltr'><strong>glatie)</strong></span> <span class='ocrx_word' id='word_1_314' title='bbox 495 4183 632 4245; x_wconf 88' lang='lat' dir='ltr'><strong>quorum</strong></span> <span class='ocrx_word' id='word_1_315' title='bbox 656 4166 736 4225; x_wconf 92' lang='lat' dir='ltr'><strong>“res</strong></span> <span class='ocrx_word' id='word_1_316' title='bbox 756 4166 894 4242; x_wconf 88' lang='lat' dir='ltr'><strong>angusta</strong></span> <span class='ocrx_word' id='word_1_317' title='bbox 913 4157 1026 4221; x_wconf 90' lang='lat' dir='ltr'><strong>domi&#39;&#39;</strong></span> <span class='ocrx_word' id='word_1_318' title='bbox 1049 4153 1181 4241; x_wconf 87' lang='lat' dir='ltr'><strong>[Juven.</strong></span> <span class='ocrx_word' id='word_1_319' title='bbox 1203 4157 1272 4218; x_wconf 82' lang='lat' dir='ltr'><strong>Sol.</strong></span> <span class='ocrx_word' id='word_1_320' title='bbox 1286 4153 1331 4215; x_wconf 92' lang='lat' dir='ltr'><strong>iii.</strong></span> <span class='ocrx_word' id='word_1_321' title='bbox 1349 4154 1438 4235; x_wconf 75' lang='lat' dir='ltr'><strong>loe]</strong></span> <span class='ocrx_word' id='word_1_322' title='bbox 1455 4145 1511 4255; x_wconf 41' lang='lat'><strong>:¹3¹2</strong></span> <span class='ocrx_word' id='word_1_323' title='bbox 1523 4146 1569 4194; x_wconf 78' lang='lat' dir='ltr'><strong>soa</strong></span> 
     </span>
    </p>
   </div>
   <div class='ocr_carea' id='block_1_28' title="bbox 345 4212 1595 4653">
    <p class='ocr_par' dir='ltr' id='par_1_28' title="bbox 345 4212 1595 4653">
     <span class='ocr_line' id='line_1_36' title="bbox 345 4212 1585 4344; baseline -0.002 -20"><span class='ocrx_word' id='word_1_324' title='bbox 345 4262 485 4331; x_wconf 83' lang='lat' dir='ltr'><strong>meliora,</strong></span> <span class='ocrx_word' id='word_1_325' title='bbox 497 4264 640 4327; x_wconf 89' lang='lat' dir='ltr'><strong>remedia</strong></span> <span class='ocrx_word' id='word_1_326' title='bbox 667 4284 735 4327; x_wconf 91' lang='lat' dir='ltr'><strong>non</strong></span> <span class='ocrx_word' id='word_1_327' title='bbox 764 4260 981 4344; x_wconf 89' lang='lat' dir='ltr'><strong>permittebat,</strong></span> <span class='ocrx_word' id='word_1_328' title='bbox 1007 4258 1158 4322; x_wconf 83' lang='lat' dir='ltr'><strong>cerevisia</strong></span> <span class='ocrx_word' id='word_1_329' title='bbox 1185 4256 1287 4334; x_wconf 87' lang='lat' dir='ltr'><strong>fortis,</strong></span> <span class='ocrx_word' id='word_1_330' title='bbox 1313 4256 1349 4317; x_wconf 93' lang='lat' dir='ltr'><strong>in</strong></span> <span class='ocrx_word' id='word_1_331' title='bbox 1379 4212 1585 4351; x_wconf 62' lang='lat' dir='ltr'><strong>quariillliilli⁰</strong></span> 
     </span>
     <span class='ocr_line' id='line_1_37' title="bbox 346 4351 1595 4464; baseline 0.017 -39"><span class='ocrx_word' id='word_1_332' title='bbox 346 4364 508 4445; x_wconf 89' lang='lat' dir='ltr'><strong>quantitas</strong></span> <span class='ocrx_word' id='word_1_333' title='bbox 528 4364 688 4429; x_wconf 87' lang='lat' dir='ltr'><strong>sufficiens</strong></span> <span class='ocrx_word' id='word_1_334' title='bbox 702 4363 818 4427; x_wconf 90' lang='lat' dir='ltr'><strong>radicis</strong></span> <span class='ocrx_word' id='word_1_335' title='bbox 837 4362 973 4445; x_wconf 90' lang='lat' dir='ltr'><strong>raphani</strong></span> <span class='ocrx_word' id='word_1_336' title='bbox 986 4359 1151 4437; x_wconf 85' lang='lat' dir='ltr'><strong>rusticani,</strong></span> <span class='ocrx_word' id='word_1_337' title='bbox 1165 4358 1315 4423; x_wconf 72' lang='lat' dir='ltr'><strong>f⁰ll⁰¹¹¹m</strong></span> <span class='ocrx_word' id='word_1_338' title='bbox 1334 4355 1441 4420; x_wconf 58' lang='lat' dir='ltr'><strong>alim·</strong></span> <span class='ocrx_word' id='word_1_339' title='bbox 1453 4351 1595 4464; x_wconf 57' lang='lat' dir='ltr'><strong>qqpqppunn</strong></span> 
     </span>
     <span class='ocr_line' id='line_1_38' title="bbox 346 4460 1563 4576; baseline -0.002 -49"><span class='ocrx_word' id='word_1_340' title='bbox 346 4464 407 4527; x_wconf 91' lang='lat' dir='ltr'><strong>thii</strong></span> <span class='ocrx_word' id='word_1_341' title='bbox 421 4466 570 4547; x_wconf 88' lang='lat' dir='ltr'><strong>vulgaris,</strong></span> <span class='ocrx_word' id='word_1_342' title='bbox 586 4468 782 4532; x_wconf 89' lang='lat' dir='ltr'><strong>cochleariae</strong></span> <span class='ocrx_word' id='word_1_343' title='bbox 796 4465 968 4543; x_wconf 88' lang='lat' dir='ltr'><strong>hortensis,</strong></span> <span class='ocrx_word' id='word_1_344' title='bbox 983 4462 1110 4541; x_wconf 89' lang='lat' dir='ltr'><strong>salviae,</strong></span> <span class='ocrx_word' id='word_1_345' title='bbox 1125 4460 1283 4526; x_wconf 87' lang='lat' dir='ltr'><strong>centaurii</strong></span> <span class='ocrx_word' id='word_1_346' title='bbox 1296 4460 1441 4541; x_wconf 90' lang='lat' dir='ltr'><strong>minoris,</strong></span> <span class='ocrx_word' id='word_1_347' title='bbox 1453 4473 1563 4576; x_wconf 59' lang='lat' dir='ltr'><strong>femi.</strong></span> 
     </span>
     <span class='ocr_line' id='line_1_39' title="bbox 346 4544 1580 4653; baseline 0 -22"><span class='ocrx_word' id='word_1_348' title='bbox 346 4568 569 4633; x_wconf 90' lang='lat' dir='ltr'><strong>summitatum</strong></span> <span class='ocrx_word' id='word_1_349' title='bbox 591 4572 734 4653; x_wconf 86' lang='lat' dir='ltr'><strong>genistae</strong></span> <span class='ocrx_word' id='word_1_350' title='bbox 756 4570 881 4634; x_wconf 89' lang='lat' dir='ltr'><strong>inclusa</strong></span> <span class='ocrx_word' id='word_1_351' title='bbox 904 4567 1012 4643; x_wconf 85' lang='lat' dir='ltr'><strong>fuerit,</strong></span> <span class='ocrx_word' id='word_1_352' title='bbox 1035 4586 1108 4629; x_wconf 92' lang='lat' dir='ltr'><strong>meo</strong></span> <span class='ocrx_word' id='word_1_353' title='bbox 1133 4564 1266 4630; x_wconf 91' lang='lat' dir='ltr'><strong>consilio</strong></span> <span class='ocrx_word' id='word_1_354' title='bbox 1290 4571 1445 4648; x_wconf 77' lang='lat' dir='ltr'><strong>suurpata</strong></span> <span class='ocrx_word' id='word_1_355' title='bbox 1456 4544 1580 4644; x_wconf 48' lang='lat' dir='ltr'><strong>milacem</strong></span> 
     </span>
    </p>
   </div>
   <div class='ocr_carea' id='block_1_29' title="bbox 345 4665 1596 4785">
    <p class='ocr_par' dir='ltr' id='par_1_29' title="bbox 345 4665 1596 4785">
     <span class='ocr_line' id='line_1_40' title="bbox 345 4665 1596 4785; baseline -0.01 -46"><span class='ocrx_word' id='word_1_356' title='bbox 345 4690 403 4753; x_wconf 86' lang='lat' dir='ltr'><strong>pro</strong></span> <span class='ocrx_word' id='word_1_357' title='bbox 422 4678 502 4753; x_wconf 89' lang='lat' dir='ltr'><strong>potu</strong></span> <span class='ocrx_word' id='word_1_358' title='bbox 521 4672 693 4753; x_wconf 91' lang='lat' dir='ltr'><strong>ordinario,</strong></span> <span class='ocrx_word' id='word_1_359' title='bbox 709 4674 776 4737; x_wconf 94' lang='lat' dir='ltr'><strong>sola</strong></span> <span class='ocrx_word' id='word_1_360' title='bbox 789 4672 852 4737; x_wconf 90' lang='lat' dir='ltr'><strong>fnit</strong></span> <span class='ocrx_word' id='word_1_361' title='bbox 870 4672 974 4735; x_wconf 88' lang='lat' dir='ltr'><strong>instar</strong></span> <span class='ocrx_word' id='word_1_362' title='bbox 990 4668 1146 4733; x_wconf 90' lang='lat' dir='ltr'><strong>omnium.</strong></span> <span class='ocrx_word' id='word_1_363' title='bbox 1190 4669 1255 4733; x_wconf 89' lang='lat' dir='ltr'><strong>Pro</strong></span> <span class='ocrx_word' id='word_1_364' title='bbox 1275 4665 1444 4731; x_wconf 89' lang='lat' dir='ltr'><strong>ditioribus</strong></span> <span class='ocrx_word' id='word_1_365' title='bbox 1455 4672 1596 4785; x_wconf 38' lang='lat' dir='ltr'><strong>diuiti&amp;</strong></span> 
     </span>
    </p>
   </div>
   <div class='ocr_carea' id='block_1_30' title="bbox 345 4770 1582 4855">
    <p class='ocr_par' dir='ltr' id='par_1_30' title="bbox 345 4770 1582 4855">
     <span class='ocr_line' id='line_1_41' title="bbox 345 4770 1582 4855; baseline 0 -20"><span class='ocrx_word' id='word_1_366' title='bbox 345 4773 457 4838; x_wconf 92' lang='lat' dir='ltr'><strong>vinum</strong></span> <span class='ocrx_word' id='word_1_367' title='bbox 476 4774 675 4839; x_wconf 78' lang='lat' dir='ltr'><strong>Canarinum</strong></span> <span class='ocrx_word' id='word_1_368' title='bbox 690 4776 810 4840; x_wconf 89' lang='lat' dir='ltr'><strong>eisdem</strong></span> <span class='ocrx_word' id='word_1_369' title='bbox 829 4774 937 4839; x_wconf 90' lang='lat' dir='ltr'><strong>herbis</strong></span> <span class='ocrx_word' id='word_1_370' title='bbox 960 4771 1076 4837; x_wconf 84' lang='lat' dir='ltr'><strong>amaris</strong></span> <span class='ocrx_word' id='word_1_371' title='bbox 1095 4778 1203 4855; x_wconf 88' lang='lat' dir='ltr'><strong>potest</strong></span> <span class='ocrx_word' id='word_1_372' title='bbox 1222 4770 1369 4836; x_wconf 89' lang='lat' dir='ltr'><strong>similiter</strong></span> <span class='ocrx_word' id='word_1_373' title='bbox 1382 4770 1443 4833; x_wconf 91' lang='lat' dir='ltr'><strong>im-</strong></span> <span class='ocrx_word' id='word_1_374' title='bbox 1455 4786 1582 4835; x_wconf 70' lang='lat' dir='ltr'><strong>neofitus</strong></span> 
     </span>
    </p>
   </div>
   <div class='ocr_carea' id='block_1_31' title="bbox 0 0 1918 5759">
    <p class='ocr_par' dir='ltr' id='par_1_31' title="bbox 0 0 1918 5759">
     <span class='ocr_line' id='line_1_42' title="bbox 0 0 1918 5759; baseline 0 0"><span class='ocrx_word' id='word_1_375' title='bbox 0 0 1918 5759; x_wconf 95' lang='lat' dir='ltr'><strong> </strong></span> 
     </span>
    </p>
   </div>
  </div>
 </body>
</html>
