3825 5759
480 679 878 748 OBSERVATIONUM
900 679 1188 748 MEDICARUM
1215 695 1309 753 v1.7.
1361 683 1427 747 269

338 842 420 908 mihi
444 851 511 922 εει,
544 863 619 908 cum
638 847 672 908 et
693 842 773 908 haec
793 863 920 926 quoque
934 842 1032 907 febris
1055 843 1109 924 sit,
1125 865 1207 928 qnae
1229 852 1299 910 tam
1317 867 1440 911 nomen
1452 851 1604 942 Ansina

341 967 439 1030 quam
453 946 626 1012 essentiam
641 945 733 1011 exuit
748 967 840 1010 suam
854 945 910 1010 illa
920 967 985 1029 qua
997 946 1105 1011 soluta
1119 953 1168 1011 est
1183 947 1274 1026 crisi;
1297 948 1359 1013 hoc
1372 921 1595 1014 sem?
1452 1008 1591 1073 managu

339 1056 471 1114 tantum
497 1047 691 1128 discrimine,
716 1047 834 1132 quod'
824 1070 861 1112 m
884 1048 998 1112 morbo
1023 1049 1123 1131 priori
1146 1051 1278 1133 cangius
1300 1051 1577 1136 nimiumjmtm

341 1153 501 1237 agitatus
492 1175 528 1218 ιιι
542 1155 671 1218 narium
680 1153 843 1232 ιἐιιιιιεε,Ι
833 1175 870 1216 m
884 1153 945 1217 hoc
955 1174 1031 1218 vero
1044 1153 1081 1217 in
1093 1154 1272 1238 pulmones,
1280 1155 1510 1275 impetnmE‘
1451 1147 1510 1189 ¹²²

340 1256 436 1335 lacit,
466 1256 599 1340 utque
589 1277 626 1319 m
649 1255 714 1334 illo,
737 1255 875 1319 durante
897 1255 996 1334 fluxu,
1020 1255 1111 1320 dolor
1129 1263 1176 1323 et
1185 1257 1274 1322 calor
1298 1228 1564 1357 ειιιιιριιιῑθζῗζιζέῐιι
1527 1311 1585 1345 uam

336 1359 460 1443 jugiter
487 1358 666 1437 lancinant,
691 1359 777 1424 ita
767 1381 803 1422 m
827 1358 889 1424 hoe
911 1366 1025 1442 peetus
1050 1366 1187 1444 uterque
1211 1361 1338 1427 obsidet
1362 1356 1562 1435 cumh¹¹¹¹3⁰¹

341 1461 507 1526 debilitate
529 1461 678 1546 quadam.
725 1461 815 1527 Quin
833 1467 867 1526 et
886 1461 948 1526 hoc
964 1462 1080 1526 vitium
1102 1463 1239 1527 eandem
1257 1464 1324 1528 fere
1343 1487 1440 1549 quam
1452 1487 1527 1536 thodu
1511 1504 1554 1537 um

340 1563 585 1681 haemorrhagia
607 1563 798 1629 methodum
822 1563 975 1628 medendi
1000 1564 1062 1630 sibi
1083 1566 1241 1646 vendicat,
1266 1567 1330 1631 nisi
1354 1566 1525 1664 quod}biv
1451 1552 1508 1599 mea
1508 1554 1565 1602 ‘¹¹4¹

341 1666 503 1732 natharsin
517 1666 732 1746 minuatam,
748 1667 1059 1750 aquapruesertim
1076 1668 1223 1751 repetita,
1239 1690 1334 1752 aeger
1346 1669 1440 1735 facile
1452 1616 1582 1739 dcciiii

339 1771 375 1834 in
389 1771 688 1856 tabemconjicitur.
733 1773 780 1835 At
794 1770 1132 1888 phlebotomiam-ebro
1145 1772 1315 1851 celebrata,
1323 1761 1546 1859 enema
1451 1747 1569 1822 ‘md-⁰*

340 1874 483 1989 quotidie
502 1875 669 1958 injectum,
685 1873 868 1938 diacodium
882 1874 962 1939 hora
981 1875 1087 1939 somni
1100 1876 1317 1960 propinatum,
1334 1874 1503 1942 diaetam
1451 1876 1582 1924 mousse-

339 1976 481 2060 insuper,
507 1983 541 2040 et
569 1977 806 2042 medicamenta
833 1984 902 2042 tam
931 1977 1152 2060 incrassantia,
1182 2001 1280 2062 quam
1307 1979 1439 2064 red-ige·
1451 1946 1509 2066 prii
1510 1956 1594 2054 „⁸230”

340 2080 456 2157 rantis,
473 2101 553 2164 opus
567 2101 625 2164 pro
640 2087 715 2145 voto
729 2080 905 2146 absolvent.

1542 1439 1596 1472 me.

390 2285 472 2370 [10.]
499 2286 609 2369 Atque
627 2285 708 2350 haec
723 2291 800 2350 sunt
815 2306 897 2370 quae
913 2285 1071 2351 hactenus
1087 2285 1251 2351 observavi
1265 2286 1306 2352 de
1324 2307 1439 2352 nurne-
1448 2261 1577 2388 ffcffin'

339 2408 412 2452 rosa
434 2388 498 2452 ista
520 2388 705 2453 morborum
727 2387 817 2452 tribu
839 2389 875 2452 in
897 2389 1000 2453 varias
1022 2389 1162 2454 familias
1184 2390 1360 2474 dispertita,
1383 2390 1439 2473 qui
1461 2415 1582 2464 eonem-

339 2491 483 2554 Ferreum
498 2490 558 2554 sub
569 2489 701 2555 nomine
712 2496 894 2570 censentur,
905 2498 1003 2575 atque
1017 2491 1058 2555 de
1067 2491 1107 2555 iis
1122 2493 1346 2576 symptomatis
1357 2513 1439 2575 quae
1494 2495 1544 2532 ⁸¹⁰·

341 2593 381 2657 ab
396 2593 452 2657 illa
469 2593 612 2677 pendent
620 2619 631 2674 3
653 2593 689 2656 in
705 2593 821 2678 quibus
840 2593 874 2657 id
896 2594 980 2658 serio
994 2595 1056 2677 egi,
1071 2601 1110 2657 ut
1131 2595 1237 2658 nullas
1254 2594 1439 2678 putationes

340 2716 437 2774 meas,
460 2695 551 2758 nulla
571 2695 763 2778 imaginaria
787 2693 909 2759 cerebri
934 2699 1128 2774 commenta,
1155 2695 1226 2758 orbi
1248 2695 1439 2774 venderem3

341 2799 449 2862 animo
473 2819 548 2861 vero
577 2798 701 2864 sincero
737 2797 947 2881 candidoque,
978 2797 1124 2880 nullique
1160 2796 1240 2860 adeo
1269 2796 1440 2882 hypothesi

341 2900 503 2978 adstricto,
520 2921 630 2964 eorum
647 2900 815 2965 historiam
829 2905 862 2964 et
876 2900 1039 2964 naturalia
1052 2899 1276 2982 phaenomena
1289 2899 1359 2962 aliis
1374 2907 1439 2962 tra-

341 3003 467 3083 derem,
499 3003 681 3068 curationes
703 3003 801 3068 etiam
823 3003 894 3087 pari
916 3003 981 3066 fide
1006 3010 1041 3066 et
1062 3003 1189 3066 cautela
1210 3002 1281 3086 pari
1304 3001 1439 3066 subnec-

341 3115 452 3171 terem.
498 3107 595 3173 Quod
613 3107 640 3170 si
655 3107 826 3170 vehemens
847 3105 1042 3170 desiderium
1061 3105 1251 3170 methodum
1271 3105 1440 3170 certiorem

341 3209 511 3292 minusque
525 3209 682 3273 lubricam
696 3209 732 3272 in
746 3209 918 3273 utilissimo
927 3209 1070 3273 tuendae
1084 3208 1269 3272 mortalium
1282 3208 1368 3272 vitae
1382 3229 1439 3272 nc-

341 3313 428 3394 gotio
443 3312 627 3396 expiscandi
641 3312 960 3396 constabiliendique,
976 3334 1028 3377 me
1043 3313 1078 3376 in
1094 3310 1223 3376 semitas
1237 3310 1328 3374 nullo
1342 3318 1440 3375 antea

340 3417 421 3499 pede
435 3418 572 3482 calcatas
594 3417 794 3501 pertraxerit,
809 3438 906 3482 nemo
926 3418 1126 3482 eruditorum
1148 3416 1209 3499 (uti
1226 3416 1340 3500 spero,)
1357 3415 1439 3479 mihi

339 3519 523 3603 imputabit,
550 3519 636 3603 quod
665 3520 715 3584 vel
744 3520 859 3604 spretis
885 3519 1022 3583 eliorum
1044 3519 1175 3603 judiciis
1197 3539 1271 3583 meo
1299 3517 1438 3581 nimium

340 3622 447 3702 fidam,
474 3623 523 3686 vel
546 3622 643 3687 rebus
667 3622 815 3686 studeam
838 3622 947 3699 novisJ
981 3643 1057 3685 cum
1083 3629 1116 3686 et
1141 3643 1209 3686 non
1239 3621 1438 3705 spernendus

339 3745 448 3788 rerum
478 3731 610 3788 eventus
640 3724 721 3788 mihi
748 3723 829 3788 haee
856 3723 1067 3807 investiganti
1095 3723 1244 3807 ingentes
1273 3723 1439 3806 hucusque

340 3829 464 3892 animos
501 3827 670 3906 addiderit,
700 3835 734 3890 et
762 3835 964 3910 posterorum
993 3827 1212 3911 experimenta
1241 3827 1310 3891 sine
1339 3827 1439 3891 dubio

340 3951 444 3993 meam
471 3929 568 3992 fidem
594 3930 660 3993 sint
688 3929 873 3993 liberatura.
918 3930 962 3994 Et
986 3930 1130 4013 profecto
1152 3929 1241 3994 haud
1265 3929 1440 3994 oscitanter

339 4031 598 4114 impugnandum
627 4039 677 4096 est
699 4032 761 4097 hoc
791 4031 978 4096 morborum
1001 4039 1071 4096 tam
1096 4032 1285 4116 pestifemm
1310 4052 1437 4113 agmen,

340 4133 425 4215 quod
439 4134 530 4198 nullo
551 4155 619 4198 non
638 4134 689 4198 die
705 4155 779 4198 cum
797 4153 915 4217 genere
936 4133 1079 4197 humano
1092 4133 1216 4197 bellum
1238 4132 1321 4215 gerit
1338 4133 1438 4194 inter·

339 4236 492 4300 necinum
521 4243 620 4320 atque
645 4233 817 4315 ἄσπονδον,
842 4244 875 4300 ει
901 4236 993 4319 cujus
1018 4235 1091 4298 telis
1116 4234 1181 4298 duo
1205 4233 1247 4297 ad
1266 4233 1439 4296 minimum

340 4337 507 4402 hominum
523 4339 658 4402 trientes
677 4338 716 4420 (si
734 4359 788 4402 eos
804 4337 914 4401 demas
929 4338 985 4420 qui
999 4337 1139 4400 violenta
1156 4342 1260 4400 morte
1274 4335 1438 4418 perimun-

339 4441 414 4522 tuq)
440 4441 580 4505 confossi
604 4441 778 4524 quotannis
803 4439 1028 4504 occumbuntr.
1073 4438 1301 4502 Indesinentes
1321 4437 1439 4500 horum

338 4542 523 4606 morborum
538 4544 689 4626 impetus,
701 4551 734 4608 et
749 4541 964 4626 quotidianae,
981 4562 1060 4624 quas
1071 4541 1168 4605 etiam
1183 4541 1224 4604 de
1237 4540 1312 4604 viris
1326 4539 1438 4604 robus-

338 4644 471 4709 tissimis
496 4655 528 4710 et
549 4655 655 4711 aetate
673 4646 812 4709 maxime
832 4643 1022 4708 florentibus
1042 4641 1260 4726 reportabant,
1278 4641 1438 4718 victoriae,

342 4748 639 4827 (nonobstantibus
660 4748 814 4830 suppetiis
830 4747 868 4810 iis
891 4745 1050 4823 omnihus,
1067 4766 1146 4827 quas
1169 4743 1262 4808 nobis
1282 4745 1439 4810 hactenus

555 4883 567 4915 ¹
585 4876 621 4924 el.
636 4877 709 4936 Epist.
722 4878 830 4938 Bosporo.
844 4877 864 4923 1.
877 4878 888 4935 l
902 4876 946 4928 52;
965 4876 1062 4922 Dissert.
1075 4875 1149 4935 Εριει.
1163 4875 1174 4933 ἱ
1188 4875 1226 4920 59.
