3825 5759
546 677 845 745 DISSERTATIO
867 677 1173 743 EPISTOLARIS.
1329 678 1393 740 385

562 856 623 893 cum
636 838 780 893 sufficiente
792 840 941 909 quantitate
954 838 1074 893 Balsami
1086 838 1243 902 Peruviani3
1374 865 1376 872 ·
1423 849 1466 897 De
1478 850 1531 898 Aa.

439 926 521 980 Fiant
531 927 629 996 pilulae
641 944 656 979 e
668 926 778 995 singulis
788 924 921 978 drachmis
936 925 1093 989 duodecim
1116 934 1205 977 sumat
1220 933 1272 979 tres
1283 924 1395 1024 singulis
1408 926 1483 1026 ¹⁸3er
1486 916 1548 1026 ¹13

437 1014 568 1076 noctibus,
587 1011 775 1082 superbibendo
794 1012 887 1081 Aquae
906 1010 1039 1081 Bryoniae
1058 1012 1227 1082 compositae
1250 1011 1397 1066 cochleam
1408 1050 1548 1059 ——

438 1100 491 1153 tria
502 1098 542 1153 vel
554 1108 665 1169 quatuor
675 1106 818 1191 pertulum
830 1097 970 1153 decursum
981 1099 1061 1169 hujus
1071 1116 1213 1169 processus.

345 1236 404 1301 Sin
426 1244 534 1301 autem
555 1236 672 1319 pilulae
694 1234 809 1299 ultimo
830 1233 1044 1319 praescriptae
1058 1241 1206 1300 ventrem
1226 1236 1397 1315 moverint,

297 1340 400 1423 (quod
420 1340 455 1403 in
477 1338 659 1423 corporibus
683 1357 765 1421 quae
790 1336 940 1401 facillime
961 1343 1152 1420 purgantur,
1174 1358 1251 1420 prae
1273 1339 1398 1420 gummi

293 1463 380 1526 quae
394 1442 515 1519 insunt,
532 1441 723 1525 quandoque
736 1440 797 1523 fit)
814 1445 886 1503 tum
900 1446 1071 1523 sequentes
1085 1438 1323 1505 substituantur
1333 1467 1385 1506 :-

291 1591 396 1655 [Form.
409 1589 483 1661 er.]'’
519 1591 551 1671 R
571 1594 690 1647 Castorei
701 1591 854 1646 drachmam
867 1608 959 1655 uuam,

572 1680 641 1734 Salis
652 1680 760 1733 Succini
771 1678 893 1732 Volalilis
904 1676 1134 1742 semidmchmm,

571 1784 633 1821 cum
646 1766 794 1819 sufficiente
806 1764 954 1835 quantitate
967 1764 1088 1817 Extracti
1101 1764 1204 1827 Rutae3

436 1855 517 1909 Fiant
543 1856 641 1927 pilulae
668 1855 781 1925 exiguae
811 1869 921 1907 nurnero
946 1852 1041 1923 viginti
1073 1860 1203 1923 quatuor;
1231 1852 1319 1923 capiat
1343 1861 1396 1907 tres

435 1944 547 2014 singulis
558 1942 687 1996 noctibus.

344 2070 471 2154 [105.]0
494 2070 559 2137 Ηὶο
573 2076 682 2135 autem
697 2068 942 2148 observandum,
955 2067 1040 2152 quod
1054 2067 1253 2153 chalybeata,
1266 2067 1302 2131 in
1317 2089 1394 2151 qua-
1408 2075 1435 2124 si
1446 2078 1532 2142 chaly-

292 2192 424 2255 cunque
451 2173 557 2237 forma
586 2180 643 2237 aut
673 2172 742 2237 desi
771 2172 995 2251 exhibeantur,
1024 2171 1173 2235 foeminis
1203 2142 1540 2267 quandoqueffissssnpff'

292 2294 429 2355 magnas
451 2280 524 2338 tum
549 2275 648 2339 animi
673 2280 745 2339 tum
769 2274 908 2359 corporis
936 2274 1198 2357 perturbationes
1227 2274 1394 2355 inducant,
1407 2270 1542 2383 laudaque]

292 2374 391 2459 idque
412 2398 480 2440 non
497 2378 601 2441 solum
623 2377 734 2461 primis
754 2376 876 2456 diebus,
896 2376 994 2461 (quod
1014 2377 1082 2441 fere
1096 2376 1247 2441 omnibus
1261 2378 1394 2443 solenne
1406 2352 1519 2450 diffie

294 2480 365 2561 est,)
384 2479 554 2545 sedetiam
574 2502 632 2565 per
646 2488 753 2545 totum
767 2486 896 2563 tempus
914 2500 978 2562 quo
996 2478 1059 2541 illis
1081 2484 1231 2542 utuntur.
1275 2479 1319 2543 In
1332 2479 1394 2545 hoc
1405 2480 1506 2580 affin·

293 2600 372 2645 casu
395 2603 464 2646 non
489 2584 597 2649 statim
622 2582 764 2667 chalybis
785 2604 863 2647 usus
886 2580 978 2647 dictis
999 2579 1198 2663 temporibus
1220 2580 1393 2644 interrum-

293 2685 429 2767 pendus,
456 2687 522 2767 sed,
545 2710 609 2771 quo
630 2687 746 2751 melius
771 2686 912 2751 eundem
933 2685 1018 2749 ferre
1040 2683 1194 2768 poterint,
1216 2684 1395 2750 laudanum

294 2807 377 2869 aqua
400 2788 506 2872 aliqua
527 2790 700 2875 Hysterica
716 2789 849 2853 mistum
872 2787 1007 2871 singulis
1031 2786 1180 2852 noctibus
1202 2787 1245 2851 ad
1265 2794 1395 2872 tempus
1506 2842 1510 2849 .

295 2889 423 2973 aliquod
436 2892 686 2975 propinandum.

343 3002 446 3085 [106]
474 3002 521 3067 At
546 3002 604 3067 ubi
623 3010 841 3088 symptomata
861 3002 992 3067 mitiora
1010 3009 1098 3083 sunt,
1117 3011 1151 3067 et
1169 3024 1221 3068 res
1243 3003 1312 3067 sine
1331 3004 1394 3069 ler-
1408 3026 1458 3075 Ubi
1469 3042 1537 3091 sym.

295 3126 330 3169 ro
355 3106 572 3191 introsumpto
593 3108 730 3191 transigi
754 3129 847 3192 posse
869 3108 1025 3187 videatur,
1051 3108 1097 3190 (in
1122 3109 1248 3173 minore
1273 3100 1515 3205 seilicetffissss‘

295 3208 427 3293 morbo,)
445 3210 522 3273 satis
542 3210 647 3275 habeo
663 3210 853 3294 sanguinem
873 3211 1013 3289 mittere,
1030 3217 1127 3294 atque
1146 3211 1254 3274 alvum
1273 3211 1394 3276 solvere
1406 3228 1471 3276 sunt,
1482 3221 1546 3283 pilu·

291 3310 335 3373 ad
350 3311 417 3375 dies
431 3320 498 3377 tres
513 3320 698 3397 quatuorve,
713 3320 751 3377 ut
766 3334 863 3397 supra
881 3313 1021 3377 diximus
1029 3339 1040 3392 3
1055 3313 1130 3377 dein
1143 3314 1260 3397 pilulas
1273 3314 1393 3397 Hyste-
1405 3283 1546 3398 ffllffff‘

295 3413 374 3478 ricas
389 3415 562 3480 alterantes
582 3424 851 3499 praememoratas
872 3438 969 3481 mane
984 3424 1017 3481 et
1032 3438 1103 3481 sero
1116 3438 1175 3500 per
1194 3416 1306 3480 decem
1326 3417 1394 3481 dies
1406 3413 1496 3463 baana

296 3516 463 3599 capiendas
495 3518 662 3602 imperare.
724 3518 816 3585 Quae
846 3519 977 3603 quidem
1009 3518 1182 3583 methodus
1212 3518 1249 3583 in
1278 3520 1395 3583 affectu

295 3617 409 3683 leviore
433 3642 506 3685 raro
529 3642 549 3685 a
570 3642 664 3705 scopo
688 3621 834 3686 aberrat:
866 3618 952 3685 iuro(¹
976 3622 1094 3705 pilulae
1118 3622 1200 3686 istae
1222 3622 1318 3701 solae,
1344 3623 1393 3689 vel

296 3721 417 3785 omissis
431 3724 649 3807 phlebotomia
663 3731 696 3789 et
711 3725 858 3804 catharsi,
871 3746 966 3809 saepe
980 3746 1116 3809 magnos
1130 3725 1264 3789 effeetus
1278 3725 1392 3791 edunt.

342 3826 447 3910 [loa]
476 3827 566 3891 Serio
604 3828 735 3893 interim
773 3829 1094 3894 animadvertendum
1129 3836 1187 3906 eat,
1218 3829 1390 3894 nonnullas
1403 3842 1516 3906 ldioeyn-

296 3926 448 3993 loeminas
477 3930 705 4015 idiosyncreaia
734 3932 871 4015 quadam
898 3932 937 3996 ab
966 3930 1146 4017 Hystericis
1168 3931 1230 3995 illis
1253 3932 1390 3996 medica·
1403 3910 1545 4019 {mm

296 4031 411 4095 mentis
443 4032 536 4117 (quae
561 4034 718 4118 plerisque
747 4034 844 4119 hujus
869 4033 974 4097 morbi
999 4032 1223 4117 symptomatis
1247 4034 1391 4097 levamen
1404 4037 1502 4084 venae

296 4131 433 4196 afferunt
454 4140 487 4197 et
509 4133 681 4218 solatium)
705 4135 753 4200 ita
777 4136 907 4219 penitus
933 4135 1114 4214 abhorrere,
1134 4144 1173 4199 ut
1194 4157 1264 4199 non
1287 4135 1392 4199 solum

296 4256 359 4299 non
376 4236 538 4321 juvenen,
554 4237 611 4301 sed
630 4237 728 4301 etiam
748 4236 919 4318 insiguiter
941 4236 982 4299 ab
1002 4256 1114 4300 eorum
1133 4256 1195 4299 usu
1212 4234 1392 4297 laedantur.

297 4338 336 4401 In
364 4338 414 4401 his
443 4340 553 4423 itaque
582 4339 715 4403 omnino
745 4346 822 4401 sunt
847 4338 1029 4403 omittenda
1056 4339 1137 4415 ista;
1171 4335 1299 4404 Φύσεως
1328 4335 1392 4422 *γὰρ

295 4440 564 4529 ὠπιπραττούσης
584 4444 633 4525 (ut
652 4440 789 4505 Divinus
810 4440 936 4521 Senex)
959 4436 1050 4502 med
1067 4436 1184 4515 πάντα,
1203 4438 1308 4500 Incite
1325 4439 1404 4511 esa.

296 4564 395 4624 meua,
410 4547 491 4609 altit
510 4548 672 4628 quicquam
693 4542 885 4605 moliendum.
922 4537 1095 4625 [Hippoer.
1109 4540 1187 4617 Lee,
1201 4546 1226 4603 t.
1242 4540 1264 4602 i.
1279 4560 1313 4623 p.
1327 4540 1389 4626 45]

327 4726 337 4757 ⁵
353 4728 390 4778 Cf.
403 4729 472 4776 forrn.
487 4732 539 4777 142.
895 4732 905 4755 ·
924 4725 961 4772 Cf.
973 4726 1066 4771 ocem.
1075 4724 1137 4770 Mea
1147 4722 1180 4771 iii.
1189 4728 1212 4773 2.
1222 4728 1267 4782 ea
1279 4730 1332 4777 al„
1344 4729 1389 4783 16,

327 4799 336 4821 ³
352 4792 428 4839 Deest
440 4796 452 4851 ἦ
467 4794 511 4840 105
525 4794 549 4839 in
561 4792 597 4839 ed.
610 4794 657 4839 ⁹82.
863 4792 938 4850 Epist.
951 4790 1059 4847 Reaepoar.
1072 4790 1106 4835 11.
1120 4790 1131 4845 t
1145 4790 1183 4836 32.

326 4855 337 4885 '¹
353 4856 511 4919 irae-edunt]
525 4872 571 4905 om.
584 4856 620 4903 ed.
633 4858 680 4903 '82

833 4937 852 4997 3
871 4955 890 4997 u
