3825 5759
538 654 790 721 ecHEDULA
812 652 1088 719 MONTI'ORIA'
1101 654 1149 717 11.
1332 654 1396 715 515

293 816 345 879 his
364 814 568 879 Variolarum
583 814 756 899 generibus
770 814 905 899 periculi
919 820 1051 898 aegroto
1067 814 1294 899 impendentis,
1310 814 1396 897 quod
1410 829 1452 877 nr,
1461 830 1550 878 ressa

295 916 417 981 scilicet
440 916 475 979 in
499 937 617 999 genere
640 916 799 995 Discreto,
826 938 899 981 cum
924 916 1149 999 phlegmonae,
1164 916 1230 980 sive
1251 923 1395 979 tumores
1418 894 1541 1007 ΡᾞΜ

293 1038 369 1081 cum
383 1017 646 1097 inflammatione,
664 1018 855 1103 (cujusmodi
870 1026 947 1082 sunt
961 1019 1110 1102 pustulae
1124 1039 1236 1082 omnes
1250 1018 1308 1082 ubi
1329 1020 1394 1102 pri·
1408 1028 1485 1037 ‘⁸'
1508 1030 1548 1037 “

292 1140 384 1182 mum
410 1120 597 1203 elevantu1·‚)
624 1120 787 1203 pauciores
813 1119 988 1198 extiterint,
1014 1140 1052 1184 ao
1079 1120 1214 1203 proinde
1237 1140 1306 1183 non
1330 1120 1394 1184 nisi

293 1221 409 1303 exigua
429 1222 517 1305 puris
539 1222 701 1305 quantitas
722 1222 757 1286 in
779 1222 971 1305 sanguinem
992 1242 1050 1305 per
1070 1222 1284 1287 circrrlationis
1305 1222 1393 1305 leges

292 1320 376 1385 foret
397 1321 583 1405 regerenda,
601 1322 658 1387 ubi
678 1322 753 1387 illae
769 1323 839 1405 jam
861 1323 1025 1405 coeperint
1046 1329 1267 1402 maturescere,
1282 1326 1392 1388 nullus

293 1442 333 1485 ex
358 1422 418 1485 hac
442 1430 534 1505 parte
558 1430 666 1486 metus
691 1430 740 1487 est
765 1444 808 1487 ne
832 1423 929 1487 febris
952 1424 1089 1487 nimium
1112 1425 1261 1508 insurgat
1268 1452 1279 1504 ς
1315 1448 1390 1491 cum

293 1529 423 1593 Natura
441 1529 702 1612 impressionibus
720 1528 756 1593 in
778 1529 969 1613 sanguinem
990 1530 1084 1593 factis
1103 1551 1124 1593 a
1141 1530 1270 1593 tantillo
1290 1532 1389 1613 puris,

294 1630 480 1695 cohibendis
505 1632 598 1695 facile
619 1654 678 1715 par
700 1632 751 1695 sit.
805 1632 888 1695 Cum
913 1653 989 1697 vero
1016 1632 1052 1695 in
1076 1654 1194 1715 genere
1217 1633 1390 1697 Confluen-

293 1730 386 1809 tium,
408 1731 466 1795 ubi
488 1752 601 1814 corpus
622 1732 689 1796 fere
710 1732 895 1796 universnm
917 1734 968 1797 his
989 1734 1191 1818 phlegmonis
1212 1735 1391 1819 protegitur

296 1853 377 1915 quae
406 1834 611 1926 postmodum
643 1834 679 1898 in
704 1834 900 1899 abscessulos
932 1836 1071 1901 totidem
1095 1837 1267 1916 facessunt,
1296 1846 1391 1902 tanta

292 1935 381 2017 puris
397 1936 444 1999 vis
466 1936 579 2000 diebus
599 1936 750 2019 praefatis
773 1937 819 2019 (in
841 1937 957 2021 quibus
978 1939 1136 2021 pustulae,
1152 1938 1232 2003 duee
1250 1940 1390 2017 Natura,

292 2034 396 2117 ἀκμήν
409 2060 510 2117 snam,
521 2038 571 2101 vel
582 2038 724 2103 debitam
738 2040 969 2119 maturitatem,
980 2041 1203 2124 utplurimum
1216 2042 1388 2122 obtinent)

291 2158 349 2221 per
363 2160 459 2203 venas
480 2140 515 2203 in
537 2141 728 2223 sanguinem
748 2141 914 2205 reducitur
922 2168 931 2220 ;
954 2149 1048 2205 tanta
1063 2142 1143 2206 item
1157 2143 1316 2207 halituum
1330 2164 1390 2227 pu·

291 2240 449 2305 tridorum
463 2242 555 2326 copia
575 2243 615 2307 ab
637 2243 727 2307 omni
747 2245 896 2327 corporis,
907 2244 977 2327 jam
996 2244 1086 2327 quasi
1106 2242 1283 2329 suppurati,
1297 2244 1391 2307 undi-

292 2364 354 2425 que
376 2344 540 2427 superficie
561 2345 597 2408 in
613 2346 804 2429 sanguinem
826 2346 981 2429 subrepit,
995 2353 1034 2411 ut
1054 2347 1153 2411 febris
1167 2368 1207 2411 ex
1227 2348 1288 2412 hac
1302 2369 1392 2412 occa·

293 2446 382 2509 sione
405 2446 542 2510 excitata
563 2448 710 2511 Naturae
734 2448 817 2513 vires
840 2449 972 2531 penitus
993 2456 1195 2532 prosternat:
1226 2457 1323 2532 atque
1345 2450 1393 2512 ita

293 2548 493 2630 extinguitur
512 2548 645 2613 tandem
667 2570 771 2633 aeger,
786 2550 904 2633 partim
927 2572 954 2613 a·
967 2550 1068 2629 febre,
1089 2551 1207 2634 partim
1228 2572 1249 2614 a
1267 2572 1392 2615 veneno

293 2650 380 2733 quod
394 2650 560 2733 sanguinis
574 2672 713 2714 massam
731 2651 895 2729 infecerat,
907 2652 1085 2735 jugulatus.
1134 2652 1196 2735 [6.]
1223 2651 1392 2735 Quapmp

294 2758 354 2829 ter,
367 2753 494 2836 quando
509 2752 597 2835 aegri
610 2752 814 2816 incolumitas
826 2752 1021 2835 usqueadeo
1035 2775 1056 2815 a
1065 2753 1269 2815 Variolarum
1283 2753 1391 2835 pauci·
1406 2767 1545 2815 &tinnulis

293 2859 371 2930 tate,
386 2854 564 2937 periculum
577 2874 652 2917 vero
672 2874 690 2917 e
710 2860 823 2917 contra
841 2854 882 2918 ab
904 2854 1079 2917 earundem
1098 2853 1231 2917 auctiori
1244 2875 1391 2932 numero,
1405 2832 1546 2943 {1¹13}ssssss

293 2954 442 3039 pendeat,
462 2956 562 3020 dietat
584 2956 690 3034 Ratio,
703 2956 754 3019 vel
775 2957 873 3019 etiam
895 2976 1009 3019 sensus
1029 2946 1184 3019 omnibus
1200 2956 1391 3035 communis,

293 3056 389 3141 periti
400 3058 521 3123 Medici
535 3078 614 3136 esse,
626 3058 672 3121 ita
685 3079 755 3122 non
768 3057 936 3122 materiam
947 3055 1149 3120 Variolosam
1163 3056 1223 3119 sub
1238 3056 1403 3140 principio

293 3160 399 3225 morbi
418 3160 575 3243 regimine
596 3166 630 3225 et
653 3159 804 3225 cardiacis
830 3158 1022 3223 calidoribua
1042 3158 1250 3222 vehementer
1270 3160 1394 3241 propel-

294 3263 370 3342 lere,
389 3264 487 3346 (unde
504 3263 606 3327 nimia
626 3264 665 3329 fit
687 3262 873 3327 assimilatio
893 3260 1046 3325 materiae
1059 3259 1243 3324 morbificae
1263 3261 1299 3323 in
1320 3282 1394 3324 san-

294 3366 392 3449 guine
406 3374 587 3446 contentae,
597 3373 730 3449 totaque
744 3364 883 3448 corporis
898 3362 1081 3427 substantia
1093 3362 1185 3445 quasi
1197 3362 1234 3425 in
1247 3362 1394 3427 tomitem

293 3468 398 3533 morbi
411 3469 560 3552 facessit)
577 3475 615 3533 ut
635 3488 764 3533 omnem
777 3466 883 3551 potius
905 3487 1036 3550 operam
1056 3464 1093 3529 in
1105 3464 1309 3548 reprimenda
1324 3474 1394 3530 tam

294 3571 419 3635 enormi
444 3576 477 3637 et
503 3571 613 3636 subtili
641 3570 894 3635 inflammatione
923 3568 1078 3634 collocare
1105 3568 1240 3647 debeat;
1277 3590 1394 3653 nempe

296 3671 411 3739 educto
426 3680 503 3738 ante
516 3673 626 3738 omnia
640 3694 658 3738 e
672 3672 795 3737 brachii
809 3671 897 3736 venis
917 3670 1084 3754 sanguine,
1099 3670 1127 3734 si
1140 3671 1191 3735 vel
1204 3671 1282 3734 levis
1296 3671 1394 3735 fuerit

294 3776 432 3860 suspicio
449 3777 525 3859 (sive
540 3776 708 3841 adurente
727 3774 815 3858 aegri
832 3780 947 3853 aetate,
964 3773 1029 3837 aive
1048 3793 1088 3836 ex
1107 3793 1145 3836 eo
1163 3772 1250 3855 quod
1264 3774 1393 3857 sangui-

294 3902 371 3945 nem
384 3879 562 3963 liquoribus
580 3878 741 3962 generosis
755 3876 946 3954 accenderit,
962 3875 1027 3939 sive
1042 3874 1128 3958 quod
1140 3875 1394 3939 vehementiores

294 3982 419 4047 dolores
432 3984 468 4047 in
482 3982 589 4065 aliqua
603 3980 742 4065 corporis
761 3986 852 4062 parte
866 3977 964 4041 fuerit
982 3997 1160 4060 perpessus,
1176 3976 1241 4039 sive
1255 3976 1394 4058 denique

295 4082 336 4146 ab
350 4083 484 4146 immani
497 4083 693 4164 vomitione)
706 4080 853 4143 Variolas
863 4079 999 4162 jamjam
1013 4077 1153 4141 exituras
1167 4075 1209 4140 ad
1220 4076 1393 4139 Confluen-

293 4182 378 4247 tium
397 4183 536 4266 speciem
552 4182 754 4259 referendam
776 4187 888 4264 postea
908 4200 984 4242 vero
1004 4178 1173 4260 propinato
1194 4178 1330 4240 emetioo
1352 4177 1394 4239 ad

294 4284 432 4349 eundem
454 4304 585 4367 scopum
606 4283 791 4347 collimabit.
835 4282 919 4344 Cum
937 4300 1013 4343 vero
1033 4278 1118 4342 nihil
1138 4298 1239 4361 oeque
1260 4299 1394 4360 aegrum

294 4385 524 4471 percalesaoiat,
536 4405 597 4449 nec
610 4384 744 4468 proinde
758 4381 855 4447 nimis
869 4380 1032 4463 copiosam
1045 4379 1199 4443 materiae
1209 4379 1395 4444 Variolosae

295 4489 555 4555 assimilationem
579 4507 678 4570 aeque
699 4492 894 4569 promoveat,
918 4491 1015 4565 atque
1037 4482 1126 4564 aegri
1143 4482 1232 4565 jugis
1254 4482 1395 4545 inlecto

296 4592 483 4669 decubitus3
508 4611 569 4673 ego
592 4590 685 4652 illum
707 4588 747 4653 ab
769 4608 832 4651 usu
856 4584 968 4650 lectuli
988 4584 1130 4649 interdiu
1152 4604 1279 4667 semper
1303 4604 1396 4647 arceo

295 4716 397 4778 usque
412 4693 454 4757 ad
468 4700 590 4759 sermm
605 4691 690 4755 diem
705 4690 842 4775 aprima
855 4686 961 4752 morbi
975 4686 1149 4765 invasione,
1165 4686 1230 4750 sive
1245 4686 1286 4749 ab
1301 4706 1395 4769 erup-

295 4796 385 4861 tione
408 4794 611 4879 pustularum
636 4800 795 4877 quartam,
817 4812 881 4875 quo
902 4797 1047 4873 tempore
1070 4810 1167 4853 omne
1192 4788 1395 4873 pustularum
