<?xml version="1.0" encoding="UTF-8"?>
<!DOCTYPE html PUBLIC "-//W3C//DTD XHTML 1.0 Transitional//EN"
    "http://www.w3.org/TR/xhtml1/DTD/xhtml1-transitional.dtd">
<html xmlns="http://www.w3.org/1999/xhtml" xml:lang="en" lang="en">
 <head>
  <title>
</title>
<meta http-equiv="Content-Type" content="text/html;charset=utf-8" />
  <meta name='ocr-system' content='tesseract 3.04.00' />
  <meta name='ocr-capabilities' content='ocr_page ocr_carea ocr_par ocr_line ocrx_word'/>
</head>
<body>
  <div class='ocr_page' id='page_1' title='image "./thomaesydenhamm00greegoog_0489.png"; bbox 0 0 3825 5759; ppageno 0'>
   <div class='ocr_carea' id='block_1_1' title="bbox 681 651 1402 719">
    <p class='ocr_par' dir='ltr' id='par_1_1' title="bbox 681 651 1402 719">
     <span class='ocr_line' id='line_1_1' title="bbox 681 651 1402 719; baseline 0.006 -6"><span class='ocrx_word' id='word_1_1' title='bbox 681 651 945 719; x_wconf 79' lang='lat' dir='ltr'>TRACTATUS</span> <span class='ocrx_word' id='word_1_2' title='bbox 970 655 1017 718; x_wconf 89' lang='grc' dir='ltr'><strong>ΙΙ.</strong></span> <span class='ocrx_word' id='word_1_3' title='bbox 1337 656 1402 717; x_wconf 76' lang='lat'><strong>459</strong></span> 
     </span>
    </p>
   </div>
   <div class='ocr_carea' id='block_1_2' title="bbox 296 810 1550 3863">
    <p class='ocr_par' dir='ltr' id='par_1_2' title="bbox 296 810 1543 1204">
     <span class='ocr_line' id='line_1_2' title="bbox 298 810 1543 896; baseline 0.005 -23"><span class='ocrx_word' id='word_1_4' title='bbox 298 832 371 873; x_wconf 84' lang='lat' dir='ltr'><strong>sam</strong></span> <span class='ocrx_word' id='word_1_5' title='bbox 403 810 627 893; x_wconf 81' lang='lat' dir='ltr'><strong>praebebimus</strong></span> <span class='ocrx_word' id='word_1_6' title='bbox 636 838 647 889; x_wconf 63' lang='grc' dir='ltr'><strong><em>ς</em></strong></span> <span class='ocrx_word' id='word_1_7' title='bbox 678 820 775 896; x_wconf 87' lang='lat' dir='ltr'><strong>atque</strong></span> <span class='ocrx_word' id='word_1_8' title='bbox 811 836 851 878; x_wconf 84' lang='lat' dir='ltr'><strong>ex</strong></span> <span class='ocrx_word' id='word_1_9' title='bbox 888 816 949 879; x_wconf 86' lang='lat' dir='ltr'><strong>hae</strong></span> <span class='ocrx_word' id='word_1_10' title='bbox 985 817 1189 881; x_wconf 77' lang='lat' dir='ltr'><strong>induciarum</strong></span> <span class='ocrx_word' id='word_1_11' title='bbox 1226 816 1401 896; x_wconf 76' lang='lat' dir='ltr'><strong>occasione,</strong></span> <span class='ocrx_word' id='word_1_12' title='bbox 1432 832 1474 879; x_wconf 80' lang='lat' dir='ltr'><strong>De</strong></span> <span class='ocrx_word' id='word_1_13' title='bbox 1487 831 1543 879; x_wconf 71' lang='lat'><strong>111-</strong></span> 
     </span>
     <span class='ocr_line' id='line_1_3' title="bbox 298 910 1535 1000; baseline 0.007 -26"><span class='ocrx_word' id='word_1_14' title='bbox 298 912 393 994; x_wconf 86' lang='lat' dir='ltr'><strong>quusi</strong></span> <span class='ocrx_word' id='word_1_15' title='bbox 407 912 539 976; x_wconf 86' lang='lat' dir='ltr'><strong>victoria</strong></span> <span class='ocrx_word' id='word_1_16' title='bbox 549 913 618 995; x_wconf 86' lang='lat' dir='ltr'><strong>jam</strong></span> <span class='ocrx_word' id='word_1_17' title='bbox 632 920 725 995; x_wconf 84' lang='lat' dir='ltr'><strong>parte</strong></span> <span class='ocrx_word' id='word_1_18' title='bbox 746 915 796 979; x_wconf 91' lang='lat' dir='ltr'><strong>uti</strong></span> <span class='ocrx_word' id='word_1_19' title='bbox 815 916 1005 998; x_wconf 89' lang='lat' dir='ltr'><strong>nescientes,</strong></span> <span class='ocrx_word' id='word_1_20' title='bbox 1020 918 1154 983; x_wconf 86' lang='lat' dir='ltr'><strong>tandem</strong></span> <span class='ocrx_word' id='word_1_21' title='bbox 1168 918 1239 982; x_wconf 88' lang='lat' dir='ltr'><strong>loco</strong></span> <span class='ocrx_word' id='word_1_22' title='bbox 1253 917 1349 1000; x_wconf 90' lang='lat' dir='ltr'><strong>pulsi,</strong></span> <span class='ocrx_word' id='word_1_23' title='bbox 1366 940 1401 982; x_wconf 89' lang='lat' dir='ltr'><strong>re</strong></span> <span class='ocrx_word' id='word_1_24' title='bbox 1441 910 1535 943; x_wconf 54' lang='lat'><strong>⁰³⁰⁹*</strong></span> 
     </span>
     <span class='ocr_line' id='line_1_4' title="bbox 296 1014 1400 1103; baseline 0.006 -27"><span class='ocrx_word' id='word_1_25' title='bbox 296 1014 421 1078; x_wconf 85' lang='lat' dir='ltr'><strong>infecta</strong></span> <span class='ocrx_word' id='word_1_26' title='bbox 445 1014 583 1097; x_wconf 84' lang='lat' dir='ltr'><strong>turpiter</strong></span> <span class='ocrx_word' id='word_1_27' title='bbox 606 1014 799 1099; x_wconf 87' lang='lat' dir='ltr'><strong>fugabimur.</strong></span> <span class='ocrx_word' id='word_1_28' title='bbox 845 1017 949 1098; x_wconf 83' lang='lat' dir='ltr'>Adde,</span> <span class='ocrx_word' id='word_1_29' title='bbox 973 1020 1058 1103; x_wconf 92' lang='lat' dir='ltr'><strong>quod</strong></span> <span class='ocrx_word' id='word_1_30' title='bbox 1080 1020 1260 1103; x_wconf 87' lang='lat' dir='ltr'><strong>perieulum</strong></span> <span class='ocrx_word' id='word_1_31' title='bbox 1285 1026 1400 1083; x_wconf 89' lang='lat' dir='ltr'><strong>estne</strong></span> 
     </span>
     <span class='ocr_line' id='line_1_5' title="bbox 297 1116 1400 1204; baseline 0.005 -25"><span class='ocrx_word' id='word_1_32' title='bbox 297 1138 458 1199; x_wconf 85' lang='lat' dir='ltr'><strong>aquarum</strong></span> <span class='ocrx_word' id='word_1_33' title='bbox 472 1116 558 1179; x_wconf 87' lang='lat' dir='ltr'><strong>inter</strong></span> <span class='ocrx_word' id='word_1_34' title='bbox 571 1116 692 1181; x_wconf 87' lang='lat' dir='ltr'><strong>viscera</strong></span> <span class='ocrx_word' id='word_1_35' title='bbox 706 1140 797 1183; x_wconf 89' lang='lat' dir='ltr'><strong>mora</strong></span> <span class='ocrx_word' id='word_1_36' title='bbox 811 1118 993 1184; x_wconf 88' lang='lat' dir='ltr'><strong>diuturnior</strong></span> <span class='ocrx_word' id='word_1_37' title='bbox 1012 1120 1124 1185; x_wconf 88' lang='lat' dir='ltr'><strong>eadem</strong></span> <span class='ocrx_word' id='word_1_38' title='bbox 1138 1118 1308 1204; x_wconf 81' lang='lat' dir='ltr'><strong>putredine</strong></span> <span class='ocrx_word' id='word_1_39' title='bbox 1323 1142 1400 1203; x_wconf 84' lang='lat' dir='ltr'><strong>qua-</strong></span> 
     </span>
    </p>

    <p class='ocr_par' dir='ltr' id='par_1_3' title="bbox 297 1219 1401 1510">
     <span class='ocr_line' id='line_1_6' title="bbox 298 1219 1400 1307; baseline 0.005 -26"><span class='ocrx_word' id='word_1_40' title='bbox 298 1219 377 1282; x_wconf 90' lang='lat' dir='ltr'><strong>dam</strong></span> <span class='ocrx_word' id='word_1_41' title='bbox 392 1241 450 1283; x_wconf 85' lang='lat' dir='ltr'><strong>sua</strong></span> <span class='ocrx_word' id='word_1_42' title='bbox 463 1219 611 1303; x_wconf 89' lang='lat' dir='ltr'><strong>inquinet</strong></span> <span class='ocrx_word' id='word_1_43' title='bbox 626 1241 663 1284; x_wconf 89' lang='lat' dir='ltr'><strong>ae</strong></span> <span class='ocrx_word' id='word_1_44' title='bbox 677 1220 808 1285; x_wconf 84' lang='lat' dir='ltr'><strong>inficiat.</strong></span> <span class='ocrx_word' id='word_1_45' title='bbox 843 1222 951 1305; x_wconf 83' lang='lat' dir='ltr'><strong>Atque</strong></span> <span class='ocrx_word' id='word_1_46' title='bbox 966 1222 1108 1307; x_wconf 79' lang='lat' dir='ltr'><strong>insuper,</strong></span> <span class='ocrx_word' id='word_1_47' title='bbox 1126 1223 1224 1305; x_wconf 92' lang='lat' dir='ltr'><strong>(quod</strong></span> <span class='ocrx_word' id='word_1_48' title='bbox 1237 1222 1327 1306; x_wconf 76' lang='lat' dir='ltr'><strong>parvi</strong></span> <span class='ocrx_word' id='word_1_49' title='bbox 1341 1222 1400 1286; x_wconf 91' lang='lat' dir='ltr'><strong>du-</strong></span> 
     </span>
     <span class='ocr_line' id='line_1_7' title="bbox 298 1321 1401 1407; baseline 0.005 -24"><span class='ocrx_word' id='word_1_50' title='bbox 298 1321 523 1385; x_wconf 67' lang='lat' dir='ltr'><strong>cendummon</strong></span> <span class='ocrx_word' id='word_1_51' title='bbox 538 1324 609 1405; x_wconf 66' lang='lat' dir='ltr'><strong>est)</strong></span> <span class='ocrx_word' id='word_1_52' title='bbox 626 1323 706 1386; x_wconf 90' lang='lat' dir='ltr'><strong>istae</strong></span> <span class='ocrx_word' id='word_1_53' title='bbox 722 1344 823 1407; x_wconf 85' lang='lat' dir='ltr'><strong>aquae</strong></span> <span class='ocrx_word' id='word_1_54' title='bbox 841 1344 862 1387; x_wconf 86' lang='lat' dir='ltr'><strong>a</strong></span> <span class='ocrx_word' id='word_1_55' title='bbox 875 1325 1068 1407; x_wconf 87' lang='lat' dir='ltr'><strong>praegressis</strong></span> <span class='ocrx_word' id='word_1_56' title='bbox 1089 1325 1275 1390; x_wconf 80' lang='lat' dir='ltr'><strong>catharticis</strong></span> <span class='ocrx_word' id='word_1_57' title='bbox 1296 1326 1345 1389; x_wconf 90' lang='lat' dir='ltr'><strong>ita</strong></span> <span class='ocrx_word' id='word_1_58' title='bbox 1365 1326 1401 1388; x_wconf 90' lang='lat' dir='ltr'><strong>in</strong></span> 
     </span>
     <span class='ocr_line' id='line_1_8' title="bbox 297 1425 1401 1510; baseline 0.002 -22"><span class='ocrx_word' id='word_1_59' title='bbox 297 1432 427 1488; x_wconf 89' lang='lat' dir='ltr'><strong>motum</strong></span> <span class='ocrx_word' id='word_1_60' title='bbox 442 1425 585 1489; x_wconf 79' lang='lat' dir='ltr'><strong>concitae</strong></span> <span class='ocrx_word' id='word_1_61' title='bbox 600 1425 641 1489; x_wconf 89' lang='lat' dir='ltr'><strong>ad</strong></span> <span class='ocrx_word' id='word_1_62' title='bbox 656 1446 774 1489; x_wconf 78' lang='lat' dir='ltr'><strong>noxam</strong></span> <span class='ocrx_word' id='word_1_63' title='bbox 787 1425 990 1491; x_wconf 78' lang='lat' dir='ltr'><strong>inferendam</strong></span> <span class='ocrx_word' id='word_1_64' title='bbox 1004 1427 1073 1510; x_wconf 84' lang='lat' dir='ltr'><strong>jam</strong></span> <span class='ocrx_word' id='word_1_65' title='bbox 1087 1427 1309 1510; x_wconf 77' lang='lat' dir='ltr'><strong>propensiores</strong></span> <span class='ocrx_word' id='word_1_66' title='bbox 1323 1434 1401 1490; x_wconf 88' lang='lat' dir='ltr'><strong>sunt</strong></span> 
     </span>
    </p>

    <p class='ocr_par' dir='ltr' id='par_1_4' title="bbox 298 1527 1401 1613">
     <span class='ocr_line' id='line_1_9' title="bbox 298 1527 1401 1613; baseline 0.002 -22"><span class='ocrx_word' id='word_1_67' title='bbox 298 1548 398 1610; x_wconf 88' lang='lat' dir='ltr'><strong>quam</strong></span> <span class='ocrx_word' id='word_1_68' title='bbox 417 1527 474 1592; x_wconf 88' lang='lat' dir='ltr'><strong>ubi</strong></span> <span class='ocrx_word' id='word_1_69' title='bbox 496 1530 726 1613; x_wconf 74' lang='lat' dir='ltr'><strong>quiescerent..</strong></span> <span class='ocrx_word' id='word_1_70' title='bbox 751 1528 831 1592; x_wconf 82' lang='lat' dir='ltr'><strong>&#39;Pam</strong></span> <span class='ocrx_word' id='word_1_71' title='bbox 853 1528 894 1593; x_wconf 94' lang='lat' dir='ltr'><strong>ob</strong></span> <span class='ocrx_word' id='word_1_72' title='bbox 914 1529 999 1595; x_wconf 89' lang='lat' dir='ltr'><strong>hanc</strong></span> <span class='ocrx_word' id='word_1_73' title='bbox 1020 1530 1130 1613; x_wconf 85' lang='lat' dir='ltr'><strong>itaque</strong></span> <span class='ocrx_word' id='word_1_74' title='bbox 1151 1550 1281 1594; x_wconf 87' lang='lat' dir='ltr'><strong>causam</strong></span> <span class='ocrx_word' id='word_1_75' title='bbox 1302 1550 1401 1612; x_wconf 84' lang='lat' dir='ltr'><strong>quum</strong></span> 
     </span>
    </p>

    <p class='ocr_par' dir='ltr' id='par_1_5' title="bbox 298 1630 1400 1817">
     <span class='ocr_line' id='line_1_10' title="bbox 298 1630 1400 1715; baseline 0.002 -22"><span class='ocrx_word' id='word_1_76' title='bbox 298 1630 342 1693; x_wconf 91' lang='lat' dir='ltr'><strong>ob</strong></span> <span class='ocrx_word' id='word_1_77' title='bbox 366 1630 443 1694; x_wconf 84' lang='lat' dir='ltr'><strong>alias</strong></span> <span class='ocrx_word' id='word_1_78' title='bbox 467 1652 564 1714; x_wconf 90' lang='lat' dir='ltr'><strong>supra</strong></span> <span class='ocrx_word' id='word_1_79' title='bbox 586 1638 788 1710; x_wconf 88' lang='lat' dir='ltr'><strong>memoratas,</strong></span> <span class='ocrx_word' id='word_1_80' title='bbox 809 1631 891 1695; x_wconf 80' lang='lat' dir='ltr'><strong>buie</strong></span> <span class='ocrx_word' id='word_1_81' title='bbox 913 1631 1098 1711; x_wconf 89' lang='lat' dir='ltr'><strong>intentioni,</strong></span> <span class='ocrx_word' id='word_1_82' title='bbox 1122 1652 1205 1715; x_wconf 86' lang='lat' dir='ltr'><strong>quae</strong></span> <span class='ocrx_word' id='word_1_83' title='bbox 1233 1631 1400 1695; x_wconf 88' lang='lat' dir='ltr'><strong>colluviem</strong></span> 
     </span>
     <span class='ocr_line' id='line_1_11' title="bbox 299 1732 1399 1817; baseline 0.002 -23"><span class='ocrx_word' id='word_1_84' title='bbox 299 1752 440 1795; x_wconf 88' lang='lat' dir='ltr'><strong>serosam</strong></span> <span class='ocrx_word' id='word_1_85' title='bbox 455 1732 544 1797; x_wconf 89' lang='lat' dir='ltr'><strong>intus</strong></span> <span class='ocrx_word' id='word_1_86' title='bbox 559 1732 700 1797; x_wconf 86' lang='lat' dir='ltr'><strong>clausam</strong></span> <span class='ocrx_word' id='word_1_87' title='bbox 714 1733 853 1816; x_wconf 87' lang='lat' dir='ltr'><strong>respicit,</strong></span> <span class='ocrx_word' id='word_1_88' title='bbox 869 1754 968 1817; x_wconf 87' lang='lat' dir='ltr'><strong>quarn</strong></span> <span class='ocrx_word' id='word_1_89' title='bbox 988 1734 1185 1798; x_wconf 85' lang='lat' dir='ltr'><strong>velocissime</strong></span> <span class='ocrx_word' id='word_1_90' title='bbox 1204 1732 1399 1798; x_wconf 83' lang='lat' dir='ltr'><strong>satisfacien-</strong></span> 
     </span>
    </p>

    <p class='ocr_par' dir='ltr' id='par_1_6' title="bbox 297 1833 1400 2103">
     <span class='ocr_line' id='line_1_12' title="bbox 299 1833 1399 1918; baseline -0.004 -19"><span class='ocrx_word' id='word_1_91' title='bbox 299 1834 380 1899; x_wconf 89' lang='lat' dir='ltr'><strong>dum</strong></span> <span class='ocrx_word' id='word_1_92' title='bbox 403 1841 470 1913; x_wconf 87' lang='lat' dir='ltr'><strong>est;</strong></span> <span class='ocrx_word' id='word_1_93' title='bbox 493 1856 599 1918; x_wconf 88' lang='lat' dir='ltr'><strong>neque</strong></span> <span class='ocrx_word' id='word_1_94' title='bbox 622 1834 663 1898; x_wconf 84' lang='lat' dir='ltr'><strong>ab</strong></span> <span class='ocrx_word' id='word_1_95' title='bbox 689 1856 737 1914; x_wconf 88' lang='lat' dir='ltr'><strong>ea,</strong></span> <span class='ocrx_word' id='word_1_96' title='bbox 757 1834 820 1897; x_wconf 90' lang='lat' dir='ltr'><strong>nisi</strong></span> <span class='ocrx_word' id='word_1_97' title='bbox 844 1842 984 1917; x_wconf 88' lang='lat' dir='ltr'><strong>urgente</strong></span> <span class='ocrx_word' id='word_1_98' title='bbox 1005 1835 1206 1914; x_wconf 80' lang='lat' dir='ltr'><strong>necessitate,</strong></span> <span class='ocrx_word' id='word_1_99' title='bbox 1228 1840 1279 1897; x_wconf 88' lang='lat' dir='ltr'><strong>est</strong></span> <span class='ocrx_word' id='word_1_100' title='bbox 1300 1833 1399 1897; x_wconf 89' lang='lat' dir='ltr'><strong>absis·</strong></span> 
     </span>
     <span class='ocr_line' id='line_1_13' title="bbox 297 1936 1400 2022; baseline -0.002 -21"><span class='ocrx_word' id='word_1_101' title='bbox 297 1936 436 2001; x_wconf 91' lang='lat' dir='ltr'><strong>tendum</strong></span> <span class='ocrx_word' id='word_1_102' title='bbox 451 1946 508 2001; x_wconf 84' lang='lat' dir='ltr'><strong>aut</strong></span> <span class='ocrx_word' id='word_1_103' title='bbox 523 1937 724 2017; x_wconf 83' lang='lat' dir='ltr'><strong>cessandum,</strong></span> <span class='ocrx_word' id='word_1_104' title='bbox 740 1938 842 2003; x_wconf 90' lang='lat' dir='ltr'><strong>donec</strong></span> <span class='ocrx_word' id='word_1_105' title='bbox 856 1938 962 2001; x_wconf 85' lang='lat' dir='ltr'><strong>omnis</strong></span> <span class='ocrx_word' id='word_1_106' title='bbox 977 1959 1134 2022; x_wconf 87' lang='lat' dir='ltr'><strong>aquarum</strong></span> <span class='ocrx_word' id='word_1_107' title='bbox 1152 1937 1252 2001; x_wconf 88' lang='lat' dir='ltr'><strong>moles</strong></span> <span class='ocrx_word' id='word_1_108' title='bbox 1266 1936 1400 2000; x_wconf 90' lang='lat' dir='ltr'><strong>omnino</strong></span> 
     </span>
     <span class='ocr_line' id='line_1_14' title="bbox 299 2039 730 2103; baseline 0 -1"><span class='ocrx_word' id='word_1_109' title='bbox 299 2039 431 2103; x_wconf 90' lang='lat' dir='ltr'><strong>demum</strong></span> <span class='ocrx_word' id='word_1_110' title='bbox 446 2039 610 2103; x_wconf 83' lang='lat' dir='ltr'><strong>exantlata</strong></span> <span class='ocrx_word' id='word_1_111' title='bbox 623 2039 730 2103; x_wconf 87' lang='lat' dir='ltr'><strong>fuerit.</strong></span> 
     </span>
    </p>

    <p class='ocr_par' dir='ltr' id='par_1_7' title="bbox 298 2142 1541 3146">
     <span class='ocr_line' id='line_1_15' title="bbox 349 2142 1541 2227; baseline -0.002 -22"><span class='ocrx_word' id='word_1_112' title='bbox 349 2142 431 2226; x_wconf 90' lang='lat'>[11.]</span> <span class='ocrx_word' id='word_1_113' title='bbox 460 2142 533 2206; x_wconf 89' lang='lat' dir='ltr'><strong>Hoc</strong></span> <span class='ocrx_word' id='word_1_114' title='bbox 554 2164 649 2225; x_wconf 87' lang='lat' dir='ltr'><strong>porro</strong></span> <span class='ocrx_word' id='word_1_115' title='bbox 666 2142 847 2207; x_wconf 80' lang='lat' dir='ltr'><strong>notandum</strong></span> <span class='ocrx_word' id='word_1_116' title='bbox 863 2142 962 2221; x_wconf 88' lang='lat' dir='ltr'><strong>venit,</strong></span> <span class='ocrx_word' id='word_1_117' title='bbox 981 2143 1076 2226; x_wconf 92' lang='lat' dir='ltr'><strong>quod,</strong></span> <span class='ocrx_word' id='word_1_118' title='bbox 1095 2164 1170 2207; x_wconf 88' lang='lat' dir='ltr'><strong>cum</strong></span> <span class='ocrx_word' id='word_1_119' title='bbox 1184 2164 1203 2206; x_wconf 93' lang='lat' dir='ltr'><strong>e</strong></span> <span class='ocrx_word' id='word_1_120' title='bbox 1216 2144 1308 2227; x_wconf 84' lang='lat' dir='ltr'><strong>praxi</strong></span> <span class='ocrx_word' id='word_1_121' title='bbox 1322 2164 1397 2207; x_wconf 88' lang='lat' dir='ltr'><strong>eon·</strong></span> <span class='ocrx_word' id='word_1_122' title='bbox 1411 2156 1541 2219; x_wconf 65' lang='lat' dir='ltr'><strong>Hyrngs</strong></span> 
     </span>
     <span class='ocr_line' id='line_1_16' title="bbox 299 2238 1538 2333; baseline 0.002 -26"><span class='ocrx_word' id='word_1_123' title='bbox 299 2252 374 2322; x_wconf 88' lang='lat' dir='ltr'><strong>stet,</strong></span> <span class='ocrx_word' id='word_1_124' title='bbox 389 2243 576 2328; x_wconf 86' lang='lat' dir='ltr'><strong>hydragoga</strong></span> <span class='ocrx_word' id='word_1_125' title='bbox 597 2244 664 2309; x_wconf 86' lang='lat' dir='ltr'><strong>fere</strong></span> <span class='ocrx_word' id='word_1_126' title='bbox 686 2245 804 2324; x_wconf 88' lang='lat' dir='ltr'><strong>omnia,</strong></span> <span class='ocrx_word' id='word_1_127' title='bbox 821 2244 916 2327; x_wconf 91' lang='lat' dir='ltr'><strong>genio</strong></span> <span class='ocrx_word' id='word_1_128' title='bbox 939 2246 1080 2329; x_wconf 85' lang='lat' dir='ltr'><strong>quodam</strong></span> <span class='ocrx_word' id='word_1_129' title='bbox 1102 2245 1163 2309; x_wconf 90' lang='lat' dir='ltr'><strong>sibi</strong></span> <span class='ocrx_word' id='word_1_130' title='bbox 1184 2246 1348 2329; x_wconf 89' lang='lat' dir='ltr'><strong>peculiari,</strong></span> <span class='ocrx_word' id='word_1_131' title='bbox 1372 2246 1399 2309; x_wconf 93' lang='lat' dir='ltr'><strong>si</strong></span> <span class='ocrx_word' id='word_1_132' title='bbox 1411 2238 1538 2333; x_wconf 56' lang='lat' dir='ltr'><strong>{ssuffi</strong></span> 
     </span>
     <span class='ocr_line' id='line_1_17' title="bbox 299 2344 1527 2431; baseline 0.003 -23"><span class='ocrx_word' id='word_1_133' title='bbox 299 2346 367 2409; x_wconf 82' lang='lat' dir='ltr'><strong>sole</strong></span> <span class='ocrx_word' id='word_1_134' title='bbox 388 2344 610 2425; x_wconf 84' lang='lat' dir='ltr'><strong>exhibeantur,</strong></span> <span class='ocrx_word' id='word_1_135' title='bbox 626 2347 664 2409; x_wconf 89' lang='lat' dir='ltr'><strong>iis</strong></span> <span class='ocrx_word' id='word_1_136' title='bbox 685 2348 740 2431; x_wconf 92' lang='lat' dir='ltr'><strong>qui</strong></span> <span class='ocrx_word' id='word_1_137' title='bbox 762 2368 857 2429; x_wconf 88' lang='lat' dir='ltr'><strong>aegre</strong></span> <span class='ocrx_word' id='word_1_138' title='bbox 880 2355 1063 2430; x_wconf 83' lang='lat' dir='ltr'><strong>purgantur</strong></span> <span class='ocrx_word' id='word_1_139' title='bbox 1086 2370 1202 2431; x_wconf 79' lang='lat' dir='ltr'><strong>perum</strong></span> <span class='ocrx_word' id='word_1_140' title='bbox 1224 2346 1399 2412; x_wconf 87' lang='lat' dir='ltr'><strong>admodum</strong></span> <span class='ocrx_word' id='word_1_141' title='bbox 1412 2350 1527 2427; x_wconf 52' lang='lat' dir='ltr'><strong>§inertie</strong></span> 
     </span>
     <span class='ocr_line' id='line_1_18' title="bbox 298 2431 1530 2548; baseline 0.002 -35"><span class='ocrx_word' id='word_1_142' title='bbox 298 2451 380 2515; x_wconf 88' lang='lat' dir='ltr'><strong>votis</strong></span> <span class='ocrx_word' id='word_1_143' title='bbox 403 2450 606 2534; x_wconf 89' lang='lat' dir='ltr'><strong>respondere,</strong></span> <span class='ocrx_word' id='word_1_144' title='bbox 632 2452 710 2535; x_wconf 92' lang='lat' dir='ltr'><strong>quin</strong></span> <span class='ocrx_word' id='word_1_145' title='bbox 739 2460 772 2516; x_wconf 91' lang='lat' dir='ltr'><strong>et</strong></span> <span class='ocrx_word' id='word_1_146' title='bbox 801 2452 974 2535; x_wconf 82' lang='lat' dir='ltr'><strong>largiorem</strong></span> <span class='ocrx_word' id='word_1_147' title='bbox 1003 2450 1180 2516; x_wconf 91' lang='lat' dir='ltr'><strong>eorundem</strong></span> <span class='ocrx_word' id='word_1_148' title='bbox 1209 2449 1303 2514; x_wconf 90' lang='lat' dir='ltr'><strong>dosin</strong></span> <span class='ocrx_word' id='word_1_149' title='bbox 1328 2431 1530 2548; x_wconf 48' lang='lat' dir='ltr'><strong>nonffliie„</strong></span> 
     </span>
     <span class='ocr_line' id='line_1_19' title="bbox 298 2553 1399 2636; baseline 0.001 -21"><span class='ocrx_word' id='word_1_150' title='bbox 298 2560 367 2616; x_wconf 86' lang='lat' dir='ltr'><strong>tem</strong></span> <span class='ocrx_word' id='word_1_151' title='bbox 381 2553 544 2617; x_wconf 88' lang='lat' dir='ltr'><strong>catharsin</strong></span> <span class='ocrx_word' id='word_1_152' title='bbox 567 2575 664 2636; x_wconf 84' lang='lat' dir='ltr'><strong>quam</strong></span> <span class='ocrx_word' id='word_1_153' title='bbox 685 2554 851 2636; x_wconf 87' lang='lat' dir='ltr'><strong>sanguinis</strong></span> <span class='ocrx_word' id='word_1_154' title='bbox 873 2554 1053 2618; x_wconf 93' lang='lat' dir='ltr'><strong>tumultum</strong></span> <span class='ocrx_word' id='word_1_155' title='bbox 1067 2573 1252 2635; x_wconf 83' lang='lat' dir='ltr'><strong>promovere</strong></span> <span class='ocrx_word' id='word_1_156' title='bbox 1262 2578 1273 2630; x_wconf 77' lang='lat'>3</span> <span class='ocrx_word' id='word_1_157' title='bbox 1299 2553 1399 2635; x_wconf 90' lang='lat' dir='ltr'><strong>(unde</strong></span> 
     </span>
     <span class='ocr_line' id='line_1_20' title="bbox 300 2652 1400 2739; baseline 0.001 -22"><span class='ocrx_word' id='word_1_158' title='bbox 300 2655 355 2737; x_wconf 92' lang='lat' dir='ltr'><strong>qui</strong></span> <span class='ocrx_word' id='word_1_159' title='bbox 377 2652 527 2717; x_wconf 91' lang='lat' dir='ltr'><strong>imminui</strong></span> <span class='ocrx_word' id='word_1_160' title='bbox 553 2654 708 2719; x_wconf 89' lang='lat' dir='ltr'><strong>debuerat</strong></span> <span class='ocrx_word' id='word_1_161' title='bbox 731 2662 849 2734; x_wconf 91' lang='lat' dir='ltr'><strong>tumor,</strong></span> <span class='ocrx_word' id='word_1_162' title='bbox 876 2657 946 2739; x_wconf 87' lang='lat' dir='ltr'><strong>jam</strong></span> <span class='ocrx_word' id='word_1_163' title='bbox 972 2655 1097 2719; x_wconf 91' lang='lat' dir='ltr'><strong>auctior</strong></span> <span class='ocrx_word' id='word_1_164' title='bbox 1120 2654 1265 2717; x_wconf 88' lang='lat' dir='ltr'><strong>cernitur</strong></span> <span class='ocrx_word' id='word_1_165' title='bbox 1271 2656 1295 2735; x_wconf 78' lang='lat'><strong>3)</strong></span> <span class='ocrx_word' id='word_1_166' title='bbox 1318 2654 1400 2718; x_wconf 89' lang='lat' dir='ltr'><strong>haec</strong></span> 
     </span>
     <span class='ocr_line' id='line_1_21' title="bbox 298 2754 1398 2839; baseline 0.002 -22"><span class='ocrx_word' id='word_1_167' title='bbox 298 2756 407 2839; x_wconf 84' lang='lat' dir='ltr'><strong>itaque</strong></span> <span class='ocrx_word' id='word_1_168' title='bbox 431 2778 500 2820; x_wconf 92' lang='lat' dir='ltr'><strong>non</strong></span> <span class='ocrx_word' id='word_1_169' title='bbox 523 2756 621 2819; x_wconf 87' lang='lat' dir='ltr'><strong>alium</strong></span> <span class='ocrx_word' id='word_1_170' title='bbox 645 2756 794 2819; x_wconf 88' lang='lat' dir='ltr'><strong>obtinent</strong></span> <span class='ocrx_word' id='word_1_171' title='bbox 816 2778 912 2819; x_wconf 92' lang='lat' dir='ltr'><strong>usum</strong></span> <span class='ocrx_word' id='word_1_172' title='bbox 937 2756 974 2819; x_wconf 90' lang='lat' dir='ltr'><strong>in</strong></span> <span class='ocrx_word' id='word_1_173' title='bbox 996 2754 1180 2839; x_wconf 85' lang='lat' dir='ltr'><strong>hujusmodi</strong></span> <span class='ocrx_word' id='word_1_174' title='bbox 1203 2755 1398 2837; x_wconf 88' lang='lat' dir='ltr'><strong>corporibus,</strong></span> 
     </span>
     <span class='ocr_line' id='line_1_22' title="bbox 299 2857 1521 2941; baseline 0.001 -20"><span class='ocrx_word' id='word_1_175' title='bbox 299 2880 394 2941; x_wconf 91' lang='lat' dir='ltr'><strong>quam</strong></span> <span class='ocrx_word' id='word_1_176' title='bbox 415 2865 453 2922; x_wconf 91' lang='lat' dir='ltr'><strong>ut</strong></span> <span class='ocrx_word' id='word_1_177' title='bbox 475 2858 651 2922; x_wconf 89' lang='lat' dir='ltr'><strong>lenioribus</strong></span> <span class='ocrx_word' id='word_1_178' title='bbox 671 2860 854 2923; x_wconf 86' lang='lat' dir='ltr'><strong>catharticis</strong></span> <span class='ocrx_word' id='word_1_179' title='bbox 876 2859 1045 2922; x_wconf 89' lang='lat' dir='ltr'><strong>stimulum</strong></span> <span class='ocrx_word' id='word_1_180' title='bbox 1060 2858 1190 2921; x_wconf 88' lang='lat' dir='ltr'><strong>addant.</strong></span> <span class='ocrx_word' id='word_1_181' title='bbox 1237 2857 1312 2922; x_wconf 83' lang='lat' dir='ltr'><strong>Quo</strong></span> <span class='ocrx_word' id='word_1_182' title='bbox 1331 2879 1398 2922; x_wconf 92' lang='lat' dir='ltr'><strong>non</strong></span> <span class='ocrx_word' id='word_1_183' title='bbox 1410 2888 1483 2935; x_wconf 81' lang='lat' dir='ltr'><strong>quem</strong></span> <span class='ocrx_word' id='word_1_184' title='bbox 1495 2875 1521 2922; x_wconf 82' lang='lat' dir='ltr'><strong>in</strong></span> 
     </span>
     <span class='ocr_line' id='line_1_23' title="bbox 298 2936 1540 3064; baseline -0.001 -40"><span class='ocrx_word' id='word_1_185' title='bbox 298 2960 458 3039; x_wconf 88' lang='lat' dir='ltr'><strong>obstante,</strong></span> <span class='ocrx_word' id='word_1_186' title='bbox 475 2961 510 3023; x_wconf 91' lang='lat' dir='ltr'><strong>in</strong></span> <span class='ocrx_word' id='word_1_187' title='bbox 533 2960 571 3023; x_wconf 92' lang='lat' dir='ltr'><strong>iis</strong></span> <span class='ocrx_word' id='word_1_188' title='bbox 594 2961 648 3043; x_wconf 93' lang='lat' dir='ltr'><strong>qui</strong></span> <span class='ocrx_word' id='word_1_189' title='bbox 670 2967 811 3044; x_wconf 83' lang='lat' dir='ltr'><strong>purgutu</strong></span> <span class='ocrx_word' id='word_1_190' title='bbox 833 2968 910 3024; x_wconf 70' lang='lat' dir='ltr'><strong>sumt</strong></span> <span class='ocrx_word' id='word_1_191' title='bbox 932 2960 1051 3038; x_wconf 84' lang='lat' dir='ltr'><strong>faciles,</strong></span> <span class='ocrx_word' id='word_1_192' title='bbox 1071 2958 1260 3043; x_wconf 84' lang='lat' dir='ltr'><strong>hydragoga</strong></span> <span class='ocrx_word' id='word_1_193' title='bbox 1279 2958 1343 3023; x_wconf 88' lang='lat' dir='ltr'><strong>ista</strong></span> <span class='ocrx_word' id='word_1_194' title='bbox 1364 2968 1397 3023; x_wconf 92' lang='lat' dir='ltr'><strong>et</strong></span> <span class='ocrx_word' id='word_1_195' title='bbox 1409 2936 1540 3064; x_wconf 47' lang='grc' dir='ltr'><strong>ῗῆρῖᾚζ</strong></span> 
     </span>
     <span class='ocr_line' id='line_1_24' title="bbox 298 3063 1540 3146; baseline 0.002 -21"><span class='ocrx_word' id='word_1_196' title='bbox 298 3063 444 3127; x_wconf 88' lang='lat' dir='ltr'><strong>celeriter</strong></span> <span class='ocrx_word' id='word_1_197' title='bbox 460 3070 493 3127; x_wconf 88' lang='lat' dir='ltr'><strong>et</strong></span> <span class='ocrx_word' id='word_1_198' title='bbox 508 3083 583 3127; x_wconf 88' lang='lat' dir='ltr'><strong>eum</strong></span> <span class='ocrx_word' id='word_1_199' title='bbox 597 3084 716 3146; x_wconf 88' lang='lat' dir='ltr'><strong>magno</strong></span> <span class='ocrx_word' id='word_1_200' title='bbox 731 3063 848 3126; x_wconf 87' lang='lat' dir='ltr'><strong>effectu</strong></span> <span class='ocrx_word' id='word_1_201' title='bbox 863 3070 1047 3146; x_wconf 85' lang='lat' dir='ltr'><strong>operentur.</strong></span> <span class='ocrx_word' id='word_1_202' title='bbox 1407 3072 1469 3128; x_wconf 60' lang='grc' dir='ltr'><strong>μω</strong></span> <span class='ocrx_word' id='word_1_203' title='bbox 1475 3076 1540 3115; x_wconf 80' lang='lat' dir='ltr'><strong>suns</strong></span> 
     </span>
    </p>

    <p class='ocr_par' dir='ltr' id='par_1_8' title="bbox 297 3164 1550 3863">
     <span class='ocr_line' id='line_1_25' title="bbox 346 3164 1549 3250; baseline 0.002 -21"><span class='ocrx_word' id='word_1_204' title='bbox 346 3167 429 3249; x_wconf 62' lang='lat'>[12]</span> <span class='ocrx_word' id='word_1_205' title='bbox 458 3166 617 3231; x_wconf 78' lang='lat' dir='ltr'><strong>Quocirca</strong></span> <span class='ocrx_word' id='word_1_206' title='bbox 633 3166 759 3229; x_wconf 91' lang='lat' dir='ltr'><strong>inistis</strong></span> <span class='ocrx_word' id='word_1_207' title='bbox 782 3167 835 3249; x_wconf 89' lang='lat' dir='ltr'><strong>qui</strong></span> <span class='ocrx_word' id='word_1_208' title='bbox 858 3166 998 3230; x_wconf 89' lang='lat' dir='ltr'><strong>catharsi</strong></span> <span class='ocrx_word' id='word_1_209' title='bbox 1019 3174 1167 3249; x_wconf 88' lang='lat' dir='ltr'><strong>prompte</strong></span> <span class='ocrx_word' id='word_1_210' title='bbox 1189 3164 1320 3245; x_wconf 88' lang='lat' dir='ltr'><strong>cedunt,</strong></span> <span class='ocrx_word' id='word_1_211' title='bbox 1344 3182 1549 3250; x_wconf 77' lang='lat' dir='ltr'><strong>sy·1nistisqni</strong></span> 
     </span>
     <span class='ocr_line' id='line_1_26' title="bbox 298 3248 1518 3375; baseline 0 -44"><span class='ocrx_word' id='word_1_212' title='bbox 298 3290 397 3351; x_wconf 88' lang='lat' dir='ltr'><strong>rupus</strong></span> <span class='ocrx_word' id='word_1_213' title='bbox 415 3267 455 3331; x_wconf 90' lang='lat' dir='ltr'><strong>de</strong></span> <span class='ocrx_word' id='word_1_214' title='bbox 473 3268 565 3351; x_wconf 87' lang='lat' dir='ltr'><strong>spina</strong></span> <span class='ocrx_word' id='word_1_215' title='bbox 582 3269 716 3347; x_wconf 88' lang='lat' dir='ltr'><strong>cervina,</strong></span> <span class='ocrx_word' id='word_1_216' title='bbox 733 3269 831 3332; x_wconf 87' lang='lat' dir='ltr'><strong>etiam</strong></span> <span class='ocrx_word' id='word_1_217' title='bbox 849 3269 943 3347; x_wconf 87' lang='lat' dir='ltr'><strong>solus,</strong></span> <span class='ocrx_word' id='word_1_218' title='bbox 961 3290 1060 3351; x_wconf 85' lang='lat' dir='ltr'><strong>aquus</strong></span> <span class='ocrx_word' id='word_1_219' title='bbox 1081 3274 1132 3331; x_wconf 87' lang='lat' dir='ltr'><strong>sat</strong></span> <span class='ocrx_word' id='word_1_220' title='bbox 1148 3267 1274 3351; x_wconf 89' lang='lat' dir='ltr'><strong>copiose</strong></span> <span class='ocrx_word' id='word_1_221' title='bbox 1289 3268 1375 3331; x_wconf 91' lang='lat' dir='ltr'><strong>elicit</strong></span> <span class='ocrx_word' id='word_1_222' title='bbox 1384 3295 1394 3346; x_wconf 82' lang='lat'>3</span> <span class='ocrx_word' id='word_1_223' title='bbox 1407 3248 1518 3375; x_wconf 47' lang='lat' dir='ltr'><strong>{Q}</strong></span> 
     </span>
     <span class='ocr_line' id='line_1_27' title="bbox 299 3371 1535 3457; baseline 0.001 -22"><span class='ocrx_word' id='word_1_224' title='bbox 299 3372 383 3454; x_wconf 93' lang='lat' dir='ltr'><strong>quod</strong></span> <span class='ocrx_word' id='word_1_225' title='bbox 410 3372 540 3454; x_wconf 89' lang='lat' dir='ltr'><strong>quidem</strong></span> <span class='ocrx_word' id='word_1_226' title='bbox 566 3371 744 3436; x_wconf 90' lang='lat' dir='ltr'><strong>remedium</strong></span> <span class='ocrx_word' id='word_1_227' title='bbox 766 3373 801 3435; x_wconf 92' lang='lat' dir='ltr'><strong>in</strong></span> <span class='ocrx_word' id='word_1_228' title='bbox 821 3373 872 3437; x_wconf 90' lang='lat' dir='ltr'><strong>his</strong></span> <span class='ocrx_word' id='word_1_229' title='bbox 898 3394 998 3457; x_wconf 87' lang='lat' dir='ltr'><strong>aquas</strong></span> <span class='ocrx_word' id='word_1_230' title='bbox 1022 3373 1090 3437; x_wconf 85' lang='lat' dir='ltr'><strong>fere</strong></span> <span class='ocrx_word' id='word_1_231' title='bbox 1111 3372 1205 3449; x_wconf 81' lang='lat' dir='ltr'><strong>solus,</strong></span> <span class='ocrx_word' id='word_1_232' title='bbox 1224 3393 1342 3455; x_wconf 87' lang='lat' dir='ltr'><strong>easque</strong></span> <span class='ocrx_word' id='word_1_233' title='bbox 1359 3371 1498 3435; x_wconf 74' lang='lat' dir='ltr'><strong>incedunt</strong></span> <span class='ocrx_word' id='word_1_234' title='bbox 1528 3443 1535 3455; x_wconf 55' lang='grc'>,</span> 
     </span>
     <span class='ocr_line' id='line_1_28' title="bbox 298 3442 1550 3558; baseline 0.002 -23"><span class='ocrx_word' id='word_1_235' title='bbox 298 3494 416 3554; x_wconf 87' lang='lat' dir='ltr'><strong>magna</strong></span> <span class='ocrx_word' id='word_1_236' title='bbox 445 3474 637 3555; x_wconf 80' lang='lat' dir='ltr'><strong>quantitate,</strong></span> <span class='ocrx_word' id='word_1_237' title='bbox 661 3473 779 3555; x_wconf 89' lang='lat' dir='ltr'><strong>educit,</strong></span> <span class='ocrx_word' id='word_1_238' title='bbox 804 3496 864 3540; x_wconf 90' lang='lat' dir='ltr'><strong>nec</strong></span> <span class='ocrx_word' id='word_1_239' title='bbox 888 3476 1081 3558; x_wconf 90' lang='lat' dir='ltr'><strong>sanguinem</strong></span> <span class='ocrx_word' id='word_1_240' title='bbox 1106 3472 1309 3557; x_wconf 87' lang='lat' dir='ltr'><strong>perturbans,</strong></span> <span class='ocrx_word' id='word_1_241' title='bbox 1334 3494 1395 3537; x_wconf 91' lang='lat' dir='ltr'><strong>nec</strong></span> <span class='ocrx_word' id='word_1_242' title='bbox 1406 3442 1550 3554; x_wconf 47' lang='lat' dir='ltr'><strong>1⁸3¹}ssan</strong></span> 
     </span>
     <span class='ocr_line' id='line_1_29' title="bbox 297 3575 1542 3681; baseline 0.001 -43"><span class='ocrx_word' id='word_1_243' title='bbox 297 3575 424 3639; x_wconf 87' lang='lat' dir='ltr'><strong>urinam</strong></span> <span class='ocrx_word' id='word_1_244' title='bbox 452 3575 590 3639; x_wconf 90' lang='lat' dir='ltr'><strong>reddens</strong></span> <span class='ocrx_word' id='word_1_245' title='bbox 620 3577 840 3641; x_wconf 86' lang='lat' dir='ltr'><strong>coloratiorem</strong></span> <span class='ocrx_word' id='word_1_246' title='bbox 873 3597 931 3660; x_wconf 90' lang='lat' dir='ltr'><strong>pro</strong></span> <span class='ocrx_word' id='word_1_247' title='bbox 959 3576 1156 3659; x_wconf 90' lang='lat' dir='ltr'><strong>reliquorum</strong></span> <span class='ocrx_word' id='word_1_248' title='bbox 1184 3575 1394 3658; x_wconf 85' lang='lat' dir='ltr'><strong>purgantium</strong></span> <span class='ocrx_word' id='word_1_249' title='bbox 1405 3584 1542 3681; x_wconf 55' lang='lat' dir='ltr'>{¹tiss-</span> 
     </span>
     <span class='ocr_line' id='line_1_30' title="bbox 297 3650 1543 3763; baseline 0.006 -22"><span class='ocrx_word' id='word_1_250' title='bbox 297 3698 404 3742; x_wconf 88' lang='lat' dir='ltr'><strong>more:</strong></span> <span class='ocrx_word' id='word_1_251' title='bbox 427 3678 462 3741; x_wconf 94' lang='lat' dir='ltr'><strong>id</strong></span> <span class='ocrx_word' id='word_1_252' title='bbox 480 3684 611 3741; x_wconf 86' lang='lat' dir='ltr'><strong>tantum</strong></span> <span class='ocrx_word' id='word_1_253' title='bbox 628 3678 727 3743; x_wconf 88' lang='lat' dir='ltr'><strong>habet</strong></span> <span class='ocrx_word' id='word_1_254' title='bbox 747 3678 943 3743; x_wconf 89' lang='lat' dir='ltr'><strong>incommodi</strong></span> <span class='ocrx_word' id='word_1_255' title='bbox 965 3700 1102 3763; x_wconf 89' lang='lat' dir='ltr'><strong>syrupus</strong></span> <span class='ocrx_word' id='word_1_256' title='bbox 1123 3678 1188 3756; x_wconf 91' lang='lat' dir='ltr'><strong>ille,</strong></span> <span class='ocrx_word' id='word_1_257' title='bbox 1205 3676 1291 3761; x_wconf 89' lang='lat' dir='ltr'><strong>quod</strong></span> <span class='ocrx_word' id='word_1_258' title='bbox 1308 3677 1395 3741; x_wconf 90' lang='lat' dir='ltr'><strong>inter</strong></span> <span class='ocrx_word' id='word_1_259' title='bbox 1406 3650 1543 3748; x_wconf 47' lang='lat' dir='ltr'><strong>effide</strong></span> 
     </span>
     <span class='ocr_line' id='line_1_31' title="bbox 298 3763 1529 3863; baseline -0.001 -20"><span class='ocrx_word' id='word_1_260' title='bbox 298 3778 494 3863; x_wconf 87' lang='lat' dir='ltr'><strong>operandum</strong></span> <span class='ocrx_word' id='word_1_261' title='bbox 514 3780 681 3862; x_wconf 91' lang='lat' dir='ltr'><strong>ingentem</strong></span> <span class='ocrx_word' id='word_1_262' title='bbox 702 3780 789 3843; x_wconf 91' lang='lat' dir='ltr'><strong>sitim</strong></span> <span class='ocrx_word' id='word_1_263' title='bbox 810 3787 969 3863; x_wconf 88' lang='lat' dir='ltr'><strong>provocet.</strong></span> <span class='ocrx_word' id='word_1_264' title='bbox 1016 3779 1112 3845; x_wconf 79' lang='lat' dir='ltr'><strong>Quod</strong></span> <span class='ocrx_word' id='word_1_265' title='bbox 1134 3778 1162 3841; x_wconf 90' lang='lat' dir='ltr'><strong>si</strong></span> <span class='ocrx_word' id='word_1_266' title='bbox 1180 3778 1267 3843; x_wconf 90' lang='lat' dir='ltr'><strong>idem</strong></span> <span class='ocrx_word' id='word_1_267' title='bbox 1287 3780 1337 3841; x_wconf 83' lang='lat' dir='ltr'><strong>vel</strong></span> <span class='ocrx_word' id='word_1_268' title='bbox 1358 3780 1393 3842; x_wconf 94' lang='lat' dir='ltr'><strong>in</strong></span> <span class='ocrx_word' id='word_1_269' title='bbox 1406 3763 1438 3810; x_wconf 74' lang='lat'><strong>¹¹⁸</strong></span> <span class='ocrx_word' id='word_1_270' title='bbox 1469 3764 1529 3811; x_wconf 67' lang='lat'><strong>⁸⁵¹¹·</strong></span> 
     </span>
    </p>
   </div>
   <div class='ocr_carea' id='block_1_3' title="bbox 297 3829 1539 4682">
    <p class='ocr_par' dir='ltr' id='par_1_9' title="bbox 297 3829 1539 4682">
     <span class='ocr_line' id='line_1_32' title="bbox 298 3829 1528 3966; baseline -0.001 -21"><span class='ocrx_word' id='word_1_271' title='bbox 298 3902 423 3945; x_wconf 87' lang='lat' dir='ltr'><strong>summa</strong></span> <span class='ocrx_word' id='word_1_272' title='bbox 442 3880 512 3944; x_wconf 91' lang='lat' dir='ltr'><strong>dosi</strong></span> <span class='ocrx_word' id='word_1_273' title='bbox 531 3881 600 3945; x_wconf 87' lang='lat' dir='ltr'><strong>aliis</strong></span> <span class='ocrx_word' id='word_1_274' title='bbox 623 3881 813 3966; x_wconf 90' lang='lat' dir='ltr'><strong>propinetur</strong></span> <span class='ocrx_word' id='word_1_275' title='bbox 833 3882 889 3966; x_wconf 92' lang='lat' dir='ltr'><strong>qui</strong></span> <span class='ocrx_word' id='word_1_276' title='bbox 912 3904 1007 3965; x_wconf 81' lang='lat' dir='ltr'><strong>aegre</strong></span> <span class='ocrx_word' id='word_1_277' title='bbox 1032 3888 1263 3965; x_wconf 82' lang='lat' dir='ltr'><strong>expurgantur,</strong></span> <span class='ocrx_word' id='word_1_278' title='bbox 1287 3902 1393 3963; x_wconf 90' lang='lat' dir='ltr'><strong>neque</strong></span> <span class='ocrx_word' id='word_1_279' title='bbox 1405 3829 1528 3955; x_wconf 53' lang='lat' dir='ltr'><strong>ffippyqqs</strong></span> 
     </span>
     <span class='ocr_line' id='line_1_33' title="bbox 297 3958 1536 4083; baseline 0.002 -36"><span class='ocrx_word' id='word_1_280' title='bbox 297 3984 417 4048; x_wconf 88' lang='lat' dir='ltr'><strong>multae</strong></span> <span class='ocrx_word' id='word_1_281' title='bbox 437 3992 613 4067; x_wconf 89' lang='lat' dir='ltr'><strong>sequentur</strong></span> <span class='ocrx_word' id='word_1_282' title='bbox 636 3985 841 4069; x_wconf 87' lang='lat' dir='ltr'><strong>dejectiones,</strong></span> <span class='ocrx_word' id='word_1_283' title='bbox 856 4007 963 4071; x_wconf 91' lang='lat' dir='ltr'><strong>neque</strong></span> <span class='ocrx_word' id='word_1_284' title='bbox 982 4007 1039 4051; x_wconf 83' lang='lat' dir='ltr'><strong>eae</strong></span> <span class='ocrx_word' id='word_1_285' title='bbox 1058 3986 1162 4049; x_wconf 88' lang='lat' dir='ltr'><strong>multe</strong></span> <span class='ocrx_word' id='word_1_286' title='bbox 1175 4006 1269 4068; x_wconf 85' lang='lat' dir='ltr'><strong>aqua,</strong></span> <span class='ocrx_word' id='word_1_287' title='bbox 1284 3992 1322 4048; x_wconf 93' lang='lat' dir='ltr'><strong>ut</strong></span> <span class='ocrx_word' id='word_1_288' title='bbox 1337 3984 1391 4049; x_wconf 91' lang='lat' dir='ltr'><strong>de·</strong></span> <span class='ocrx_word' id='word_1_289' title='bbox 1405 3958 1536 4083; x_wconf 51' lang='lat' dir='ltr'><strong>ffiflssffl,</strong></span> 
     </span>
     <span class='ocr_line' id='line_1_34' title="bbox 297 4084 1512 4165; baseline 0.007 -16"><span class='ocrx_word' id='word_1_290' title='bbox 297 4084 442 4165; x_wconf 90' lang='lat' dir='ltr'><strong>buerant,</strong></span> <span class='ocrx_word' id='word_1_291' title='bbox 457 4087 601 4149; x_wconf 86' lang='lat' dir='ltr'><strong>refertae.</strong></span> <span class='ocrx_word' id='word_1_292' title='bbox 1403 4085 1512 4158; x_wconf 70' lang='lat' dir='ltr'><strong>ganeum</strong></span> 
     </span>
     <span class='ocr_line' id='line_1_35' title="bbox 344 4157 1539 4275; baseline 0.008 -26"><span class='ocrx_word' id='word_1_293' title='bbox 344 4186 426 4269; x_wconf 71' lang='lat' dir='ltr'><strong>[lu]</strong></span> <span class='ocrx_word' id='word_1_294' title='bbox 454 4186 614 4269; x_wconf 87' lang='lat' dir='ltr'><strong>Equidem</strong></span> <span class='ocrx_word' id='word_1_295' title='bbox 633 4188 733 4271; x_wconf 89' lang='lat' dir='ltr'><strong>probe</strong></span> <span class='ocrx_word' id='word_1_296' title='bbox 751 4190 886 4253; x_wconf 91' lang='lat' dir='ltr'><strong>memini</strong></span> <span class='ocrx_word' id='word_1_297' title='bbox 903 4190 991 4271; x_wconf 90' lang='lat' dir='ltr'><strong>(cum</strong></span> <span class='ocrx_word' id='word_1_298' title='bbox 1008 4196 1090 4253; x_wconf 90' lang='lat' dir='ltr'><strong>tunc</strong></span> <span class='ocrx_word' id='word_1_299' title='bbox 1107 4187 1250 4271; x_wconf 90' lang='lat' dir='ltr'><strong>primum</strong></span> <span class='ocrx_word' id='word_1_300' title='bbox 1265 4186 1306 4250; x_wconf 86' lang='lat' dir='ltr'><strong>ad</strong></span> <span class='ocrx_word' id='word_1_301' title='bbox 1322 4186 1392 4270; x_wconf 86' lang='lat' dir='ltr'><strong>Hy·</strong></span> <span class='ocrx_word' id='word_1_302' title='bbox 1404 4157 1539 4275; x_wconf 54' lang='lat' dir='ltr'><strong>iitiiffi</strong></span> 
     </span>
     <span class='ocr_line' id='line_1_36' title="bbox 298 4282 1480 4375; baseline 0.003 -24"><span class='ocrx_word' id='word_1_303' title='bbox 298 4288 427 4371; x_wconf 89' lang='lat' dir='ltr'><strong>dropem</strong></span> <span class='ocrx_word' id='word_1_304' title='bbox 438 4290 618 4353; x_wconf 87' lang='lat' dir='ltr'><strong>curandum</strong></span> <span class='ocrx_word' id='word_1_305' title='bbox 629 4291 803 4375; x_wconf 88' lang='lat' dir='ltr'><strong>invitarer,)</strong></span> <span class='ocrx_word' id='word_1_306' title='bbox 817 4314 869 4356; x_wconf 90' lang='lat' dir='ltr'><strong>me</strong></span> <span class='ocrx_word' id='word_1_307' title='bbox 881 4292 975 4356; x_wconf 82' lang='lat' dir='ltr'><strong>annis</strong></span> <span class='ocrx_word' id='word_1_308' title='bbox 987 4289 1248 4372; x_wconf 75' lang='lat' dir='ltr'><strong>abhinc‘lviginti</strong></span> <span class='ocrx_word' id='word_1_309' title='bbox 1259 4298 1392 4373; x_wconf 88' lang='lat' dir='ltr'><strong>septem,</strong></span> <span class='ocrx_word' id='word_1_310' title='bbox 1404 4282 1480 4323; x_wconf 56' lang='lat'><strong>&#39;⁰⁰⁰‘</strong></span> 
     </span>
     <span class='ocr_line' id='line_1_37' title="bbox 298 4388 1392 4477; baseline 0.004 -26"><span class='ocrx_word' id='word_1_311' title='bbox 298 4395 353 4451; x_wconf 90' lang='lat' dir='ltr'><strong>aut</strong></span> <span class='ocrx_word' id='word_1_312' title='bbox 374 4388 508 4467; x_wconf 89' lang='lat' dir='ltr'><strong>circiter,</strong></span> <span class='ocrx_word' id='word_1_313' title='bbox 529 4391 571 4454; x_wconf 92' lang='lat' dir='ltr'><strong>ad</strong></span> <span class='ocrx_word' id='word_1_314' title='bbox 590 4399 772 4456; x_wconf 86' lang='lat' dir='ltr'><strong>matronam</strong></span> <span class='ocrx_word' id='word_1_315' title='bbox 791 4394 952 4477; x_wconf 89' lang='lat' dir='ltr'><strong>quandam</strong></span> <span class='ocrx_word' id='word_1_316' title='bbox 975 4393 1063 4477; x_wconf 89' lang='lat' dir='ltr'><strong>piam</strong></span> <span class='ocrx_word' id='word_1_317' title='bbox 1081 4399 1114 4456; x_wconf 93' lang='lat' dir='ltr'><strong>et</strong></span> <span class='ocrx_word' id='word_1_318' title='bbox 1134 4392 1314 4471; x_wconf 86' lang='lat' dir='ltr'><strong>honestam,</strong></span> <span class='ocrx_word' id='word_1_319' title='bbox 1334 4414 1392 4455; x_wconf 91' lang='lat' dir='ltr'><strong>no·</strong></span> 
     </span>
     <span class='ocr_line' id='line_1_38' title="bbox 297 4491 1393 4572; baseline 0.005 -19"><span class='ocrx_word' id='word_1_320' title='bbox 297 4491 382 4554; x_wconf 90' lang='lat' dir='ltr'><strong>mine</strong></span> <span class='ocrx_word' id='word_1_321' title='bbox 408 4491 596 4572; x_wconf 87' lang='lat' dir='ltr'><strong>Saltmarsh‚</strong></span> <span class='ocrx_word' id='word_1_322' title='bbox 621 4496 901 4559; x_wconf 79' lang='lat' dir='ltr'><strong>westmonasterii</strong></span> <span class='ocrx_word' id='word_1_323' title='bbox 926 4502 1190 4572; x_wconf 88' lang='lat' dir='ltr'><strong>commorantem,</strong></span> <span class='ocrx_word' id='word_1_324' title='bbox 1214 4494 1312 4557; x_wconf 88' lang='lat' dir='ltr'><strong>fuisse</strong></span> <span class='ocrx_word' id='word_1_325' title='bbox 1341 4514 1393 4558; x_wconf 84' lang='lat' dir='ltr'><strong>ac-</strong></span> 
     </span>
     <span class='ocr_line' id='line_1_39' title="bbox 297 4592 1393 4682; baseline 0.005 -28"><span class='ocrx_word' id='word_1_326' title='bbox 297 4592 466 4670; x_wconf 71' lang='lat' dir='ltr'><strong>cersitum</strong></span> <span class='ocrx_word' id='word_1_327' title='bbox 490 4596 581 4679; x_wconf 89' lang='lat' dir='ltr'><strong>cujus</strong></span> <span class='ocrx_word' id='word_1_328' title='bbox 597 4596 756 4661; x_wconf 90' lang='lat' dir='ltr'><strong>abdomen</strong></span> <span class='ocrx_word' id='word_1_329' title='bbox 778 4597 939 4682; x_wconf 89' lang='lat' dir='ltr'><strong>Hydrops,</strong></span> <span class='ocrx_word' id='word_1_330' title='bbox 956 4617 1020 4680; x_wconf 94' lang='lat' dir='ltr'><strong>quo</strong></span> <span class='ocrx_word' id='word_1_331' title='bbox 1039 4595 1229 4660; x_wconf 87' lang='lat' dir='ltr'><strong>atrociorem</strong></span> <span class='ocrx_word' id='word_1_332' title='bbox 1246 4596 1393 4659; x_wconf 89' lang='lat' dir='ltr'><strong>nondum</strong></span> 
     </span>
    </p>
   </div>
   <div class='ocr_carea' id='block_1_4' title="bbox 296 4692 1394 4890">
    <p class='ocr_par' dir='ltr' id='par_1_10' title="bbox 296 4692 1394 4890">
     <span class='ocr_line' id='line_1_40' title="bbox 296 4692 1394 4781; baseline 0.005 -25"><span class='ocrx_word' id='word_1_333' title='bbox 296 4692 368 4772; x_wconf 83' lang='lat' dir='ltr'><strong>vidi,</strong></span> <span class='ocrx_word' id='word_1_334' title='bbox 384 4693 418 4757; x_wconf 94' lang='lat' dir='ltr'><strong>in</strong></span> <span class='ocrx_word' id='word_1_335' title='bbox 440 4696 558 4761; x_wconf 90' lang='lat' dir='ltr'><strong>molem</strong></span> <span class='ocrx_word' id='word_1_336' title='bbox 581 4698 816 4781; x_wconf 88' lang='lat' dir='ltr'><strong>magnitudinis</strong></span> <span class='ocrx_word' id='word_1_337' title='bbox 831 4698 883 4762; x_wconf 81' lang='lat' dir='ltr'><strong>vin</strong></span> <span class='ocrx_word' id='word_1_338' title='bbox 906 4698 1083 4763; x_wconf 83' lang='lat' dir='ltr'><strong>credendae</strong></span> <span class='ocrx_word' id='word_1_339' title='bbox 1103 4704 1259 4762; x_wconf 82' lang='lat' dir='ltr'><strong>evexerat.</strong></span> <span class='ocrx_word' id='word_1_340' title='bbox 1305 4698 1394 4761; x_wconf 89' lang='lat' dir='ltr'><strong>Huic</strong></span> 
     </span>
     <span class='ocr_line' id='line_1_41' title="bbox 657 4824 1027 4890; baseline 0 -17"><span class='ocrx_word' id='word_1_341' title='bbox 657 4824 668 4855; x_wconf 76' lang='lat'><strong>¹¹</strong></span> <span class='ocrx_word' id='word_1_342' title='bbox 685 4826 780 4890; x_wconf 73' lang='lat' dir='ltr'><strong>altine]</strong></span> <span class='ocrx_word' id='word_1_343' title='bbox 794 4843 825 4877; x_wconf 80' lang='lat' dir='ltr'><strong>sc.</strong></span> <span class='ocrx_word' id='word_1_344' title='bbox 838 4826 868 4875; x_wconf 79' lang='lat' dir='ltr'><strong>sb</strong></span> <span class='ocrx_word' id='word_1_345' title='bbox 880 4842 943 4875; x_wconf 79' lang='lat' dir='ltr'><strong>anno</strong></span> <span class='ocrx_word' id='word_1_346' title='bbox 958 4828 1027 4875; x_wconf 78' lang='lat'>168³.</span> 
     </span>
    </p>
   </div>
   <div class='ocr_carea' id='block_1_5' title="bbox 0 0 1918 5759">
    <p class='ocr_par' dir='ltr' id='par_1_11' title="bbox 0 0 1918 5759">
     <span class='ocr_line' id='line_1_42' title="bbox 0 0 1918 5759; baseline 0 0"><span class='ocrx_word' id='word_1_347' title='bbox 0 0 1918 5759; x_wconf 95' lang='lat' dir='ltr'><strong> </strong></span> 
     </span>
    </p>
   </div>
  </div>
 </body>
</html>
