3825 5759
315 721 358 770 Da
370 720 422 769 Ar·

300 800 373 835 sacr.
384 786 439 835 Hr-

312 864 431 901 ararici.

300 916 443 929 „un-

450 549 518 611 544
763 546 957 611 ΤΗΟΜΑΕ
982 544 1241 610 sYDuNHaM

501 706 584 791 [la]
614 706 649 770 Si
663 706 793 791 chalybs
808 708 898 792 justo
912 706 986 791 plus
1001 727 1116 791 corpus
1130 704 1306 785 calefaciat,
1321 712 1393 773 tum
1411 726 1471 788 per
1485 705 1558 789 ejus

452 829 559 886 usum,
572 814 687 891 quarta
701 828 826 892 quaque
841 830 957 873 aurora
971 816 1079 873 sumat
1093 830 1247 892 aquarum
1258 808 1464 873 mineralium
1476 830 1559 893 pnr-

454 910 602 995 gantium
619 910 716 975 libras
732 917 870 995 quatuor
878 937 887 991 3
911 932 1004 995 quae,
1018 912 1149 979 tametsi
1168 912 1276 977 alvum
1290 920 1451 991 moveant,
1465 910 1560 977 haud

453 1019 565 1077 tamen
586 1013 766 1079 tumultum
787 1014 884 1093 cient,
899 1020 938 1079 ut
960 1014 1065 1079 solent
1087 1014 1264 1079 cathartica
1284 1036 1325 1079 ex
1346 1015 1480 1080 officinis
1500 1015 1559 1080 de-

373 1178 379 1189 ,
454 1122 613 1199 prompta.

503 1217 611 1301 [13.]¹’
635 1218 670 1281 Si
691 1217 823 1303 chalybs
844 1240 979 1302 magnas
1002 1217 1260 1303 perturbationes
1280 1218 1424 1297 inducat,
1445 1217 1559 1281 lauda

454 1342 546 1400 num,
573 1343 657 1405 aqua
678 1322 785 1405 aliqua
805 1322 980 1406 Hysterica
1008 1323 1152 1401 mistum,
1178 1322 1314 1406 singulis
1339 1320 1489 1387 noctibus
1515 1321 1560 1385 ad

455 1428 585 1505 tempus
599 1421 730 1507 aliquod
742 1422 991 1506 propinandum.

505 1522 612 1607 [lh]q
635 1524 720 1589 (lum
734 1546 754 1587 a
767 1523 872 1588 morbi
883 1524 1098 1590 diuturnitate
1107 1525 1228 1591 fractae
1242 1534 1276 1591 et
1290 1526 1420 1591 attritae
1433 1527 1560 1591 fuerint

455 1628 547 1708 vires,
562 1628 776 1695 venae-sectio
790 1634 824 1691 et
839 1627 1015 1691 cathartica
1028 1648 1096 1692 non
1111 1634 1189 1692 sunt
1203 1629 1449 1713 praemittenda,
1465 1628 1523 1694 sed
1537 1650 1559 1693 a

456 1730 590 1816 chalybe
605 1731 716 1795 statim
730 1730 962 1814 incipiendum.

505 1836 608 1919 [15.]=
629 1835 698 1900 Ubi
717 1841 933 1919 symptomata
952 1840 1029 1899 sunt
1048 1833 1177 1899 mitiora
1196 1834 1274 1899 satis
1296 1842 1346 1901 est
1365 1835 1560 1919 sanguinem

432 1915 438 1927 ⁸
455 1936 595 2016 mittere,
606 1944 639 2000 et
651 1937 758 2000 alvum
770 1937 891 1999 solvere
906 1936 946 2000 ad
962 1935 1029 1999 dies
1043 1943 1110 2001 tres
1120 1937 1171 2000 vel
1182 1945 1333 2022 quatuor;
1351 1939 1427 2003 dein
1437 1940 1560 2005 Pilulas

458 2038 646 2122 Hystericas
661 2038 703 2101 ad
718 2037 785 2101 dics
800 2038 914 2101 decem
925 2058 1021 2101 mane
1036 2044 1070 2102 et
1084 2059 1155 2103 sero
1170 2039 1329 2104 exhibere.

305 2161 452 2212 Laudanum
507 2142 610 2226 [16.]·
632 2142 673 2206 In
690 2142 799 2205 dolore
812 2140 1016 2221 intolerabili,
1028 2142 1212 2223 vomitione,
1224 2150 1258 2207 et
1273 2144 1450 2224 diarrhoea,
1464 2165 1561 2209 enor-

322 2242 370 2275 ¹¹³¹¹
388 2241 437 2274 ⁰⁸¹
457 2244 622 2324 mioribus,
638 2242 855 2308 exhibendum
874 2243 1062 2325 laudunum,
1079 2252 1111 2309 et
1125 2253 1239 2335 postea
1255 2246 1481 2313 corroborandi
1495 2247 1560 2332 api.

304 2226 448 2341 libandum

265 4181 278 4205 ⁸
309 4122 433 4199 Obqervan

456 2346 549 2411 ritus.
596 2348 652 2425 At,
667 2345 764 2410 modo
781 2367 839 2431 per
860 2346 939 2411 vires
960 2346 1066 2427 liceat,
1082 2355 1159 2413 ante
1176 2370 1274 2415 usum
1294 2350 1426 2415 laudaui
1442 2349 1561 2413 educa-

456 2455 512 2513 tur
526 2469 544 2513 e
559 2448 647 2511 venis
663 2448 803 2531 sanguis,
820 2454 853 2513 et
867 2448 1081 2515 catharticum
1097 2451 1297 2536 propinetur,
1311 2453 1348 2517 in
1361 2452 1562 2538 viraginibus

457 2551 646 2637 praesertim
657 2558 690 2615 et
706 2550 884 2635 sanguineo
892 2558 1149 2635 temperamento
1159 2555 1312 2639 praeditis
1321 2581 1331 2634 ;
1352 2556 1388 2619 in
1399 2555 1562 2621 debiliori·

457 2656 518 2723 bus
534 2664 643 2722 autem
654 2664 687 2725 et
698 2657 787 2722 haud
800 2658 848 2721 ita
857 2657 984 2743 pridem
997 2680 1224 2747 paroxysmum
1238 2660 1337 2746 passis
1352 2661 1469 2728 sufficit
1482 2682 1562 2725 ven-

457 2760 611 2825 triculum
628 2758 743 2843 congio
764 2780 832 2825 uno
850 2759 943 2824 lactis
965 2760 1143 2827 cerevisiati
1163 2762 1278 2829 hausto
1293 2770 1327 2829 et
1340 2786 1417 2829 mox
1434 2785 1493 2849 per
1505 2785 1562 2829 vo-

458 2864 577 2929 mitum
590 2864 710 2947 rejecto
725 2860 901 2947 detergere,
918 2862 993 2927 dein
1008 2862 1132 2947 largam
1150 2865 1242 2930 dosin
1256 2866 1418 2931 theriacae
1431 2865 1562 2931 Andro·

458 2969 566 3035 machi
579 2968 630 3033 vel
645 2966 808 3033 electuarii
828 2966 996 3031 Orvietani
1014 2967 1183 3051 imperare,
1198 2974 1231 3033 et
1248 2968 1426 3037 cochlearia
1439 2968 1563 3053 aliquot

458 3072 591 3157 liquoris
602 3070 738 3155 alicujus
750 3068 913 3153 spirituosi
928 3089 1003 3133 cum
1017 3070 1162 3153 pauculis
1174 3070 1433 3157 laudani'liquidi
1447 3078 1562 3154 guttu-

458 3178 498 3241 lis
514 3174 749 3260 superbibenda
763 3174 848 3237 dare.
878 3172 974 3237 Quod
989 3174 1017 3237 si
1032 3195 1129 3257 aegra
1139 3175 1332 3259 jampridem
1346 3174 1515 3253 vomuerit,
1527 3181 1563 3239 et

459 3280 592 3347 ulterius
602 3276 744 3341 cmeticia
753 3274 923 3339 sollicitare
934 3276 1077 3359 periculo
1088 3298 1157 3341 non
1164 3277 1481 3358 vacabit,laudanum
1492 3276 1565 3346 sine

459 3404 551 3445 mora
564 3378 800 3465 propinandum
816 3384 864 3441 est
880 3396 918 3440 ea
933 3376 1003 3440 dosi
1017 3398 1099 3462 quae
1115 3386 1297 3465 symptoma
1310 3379 1430 3459 vincat,
1444 3386 1477 3445 et
1490 3384 1566 3461 post

459 3486 603 3569 singulas
617 3482 807 3547 vomitiones
821 3478 918 3543 toties
930 3479 1055 3565 quoties
1070 3481 1292 3567 repetendum,
1303 3482 1454 3547 informa
1463 3480 1565 3565 potis-

460 3588 579 3653 simum
594 3584 705 3662 solida,
717 3582 767 3645 vel
778 3582 813 3643 in
826 3580 958 3665 liquida,
970 3581 1005 3645 in
1016 3604 1113 3667 parco
1122 3583 1277 3664 vehiculo,
1289 3584 1436 3649 videlicet
1450 3590 1565 3667 guttae

460 3688 583 3773 aliquot
597 3687 633 3751 in
648 3683 805 3750 cochleari
818 3704 886 3747 uno
901 3704 1003 3767 aquae
1020 3685 1217 3750 cinnamomi
1231 3687 1381 3767 fortioris,
1396 3707 1493 3771 aegra
1512 3685 1565 3750 in-

459 3792 556 3857 terim
572 3788 817 3873 conquiescente
832 3792 865 3849 et
880 3794 979 3871 caput
993 3786 1166 3852 immotum
1179 3796 1324 3856 tenente.

503 3891 689 3959 Perdomito
704 3894 928 3975 symptomata,
940 3910 1038 3953 mane
1053 3896 1086 3954 et
1101 3910 1171 3957 aero
1188 3891 1229 3955 ad
1240 3890 1309 3957 dics
1319 3890 1473 3977 pauculos
1488 3910 1566 3958 oon·

459 3998 607 4064 tinuatur
621 4016 699 4059 ursus
713 3992 855 4057 lauduni.

434 4150 446 4161 .
512 4100 594 4187 [17.]
624 4100 715 4164 Haec
745 4096 809 4161 duo
838 4095 1011 4181 diligenter
1038 4094 1201 4160 notanda:
1239 4097 1335 4181 quod,
1362 4118 1437 4163 cum
1466 4094 1568 4161 semel

308 4188 324 4235 ‘¹
350 4202 374 4235 ²¹¹
462 4212 535 4290 post
564 4200 787 4268 evacuationes
816 4198 957 4262 lauduno
986 4197 1037 4261 uti
1066 4198 1275 4281 coeperimus,
1302 4220 1341 4263 ea
1370 4198 1440 4263 doci
1468 4204 1568 4279 „tque

325 4203 340 4235 ι
376 4195 413 4235 ter

308 4252 428 4301 exhiberi:

309 4317 376 4365 dum.

462 4310 519 4372 illa
536 4306 631 4371 toties
654 4302 791 4388 repetita
814 4300 1010 4365 sumendum
1033 4306 1093 4381 est,
1108 4299 1210 4365 donec
1230 4308 1412 4387 symptoma
1431 4299 1567 4366 omuino

463 4410 560 4474 fucrit
586 4406 793 4485 debellatum,
815 4404 988 4487 interp'ccto
1018 4409 1151 4466 tantum
1177 4404 1311 4489 spatiolo
1340 4404 1427 4469 inter
1455 4403 1567 4485 singu.

462 4513 510 4576 las
534 4510 635 4587 doses,
659 4515 697 4572 ut
721 4506 800 4590 qnid
824 4504 912 4589 prior
940 4503 1137 4587 praestiterit
1163 4512 1239 4568 ante
1268 4525 1439 4570 noscamus
1469 4523 1568 4587 quam

497 4676 509 4708 1
525 4668 645 4725 Desuntl
659 4666 754 4713 la—aa
765 4664 790 4713 in
802 4664 839 4712 cd.
851 4666 899 4713 ΨΒ.
1070 4670 1081 4697 ¹
1098 4664 1136 4712 (lt
1149 4668 1204 4714 ibid
1217 4669 1230 4727 ξ
1244 4666 1297 4714 106.

496 4742 507 4773 a
525 4732 563 4785 Cf.
576 4732 674 4779 Dicam
687 4732 762 4790 apae.
774 4731 786 4787 ς
800 4730 840 4777 96.
1070 4730 1079 4752 ⁸
1097 4728 1135 4777 Cf.
1146 4731 1227 4790 teta}
1242 4732 1288 4778 122
1299 4746 1334 4792 aq.
