3825 5759
508 632 551 691 ss
824 630 1019 693 anonis
1041 601 1300 694 aroannam

365 795 472 905 ἔω
556 790 638 874 [37]
667 791 794 855 Accidit
809 790 975 854 interdum
989 792 1139 873 (maxime
1150 793 1185 854 in
1196 792 1350 875 senibus)
1362 815 1495 876 aegrum
1511 795 1608 858 Febri

353 872 492 971 Afflii,
502 896 569 977 jam
597 902 717 971 curata,
743 902 775 957 et
801 915 932 976 corpore
957 894 1034 958 satis
1055 896 1124 977 jam
1154 916 1312 978 superque
1341 904 1488 979 purgato,
1510 896 1607 960 nihil-

309 1040 324 1061 .
361 989 492 1087 {9¹:1⁶}-
505 996 633 1059 ominus
656 996 747 1059 valde
774 996 912 1059 debilem
938 1018 1007 1059 esse
1018 1023 1027 1073 ;
1050 1005 1084 1059 ct
1108 997 1300 1080 quandoque
1326 999 1416 1075 tussi,
1440 999 1609 1062 interdum

351 1076 464 1202 ζξᾞὲὃ
505 1100 603 1162 etiam
614 1106 748 1177 screatu,
761 1121 913 1179 magnam
925 1099 1080 1181 glutinosi
1092 1100 1268 1182 viscosiquc
1276 1101 1471 1183 phlegmatis
1480 1102 1607 1183 copiam

350 1220 466 1251 numan·
505 1209 725 1284 expectorare:
753 1202 839 1283 quod
862 1209 1044 1285 symptoma
1067 1223 1134 1264 non
1163 1210 1294 1265 tantum
1323 1224 1420 1285 aegro
1449 1211 1607 1267 terrorem

350 1268 492 1394 ffini’gvgl
505 1304 625 1387 injecit,
642 1304 697 1367 sed
713 1312 745 1368 et
761 1304 822 1387 ipsi
838 1304 977 1381 Medico,
993 1305 1182 1387 praesertim
1197 1306 1305 1367 minus
1320 1315 1426 1381 cauto,
1442 1307 1606 1389 imposuit,

350 1411 450 1507 ffiffs’
460 1460 485 1509 in
504 1429 642 1490 eumque
657 1407 690 1471 in
701 1408 885 1490 opinionem
900 1408 1039 1485 induxit,
1052 1408 1143 1491 quasi
1158 1408 1292 1471 affectus
1307 1409 1368 1472 iste
1383 1409 1506 1491 phthisi
1520 1411 1605 1472 viam

352 1526 430 1572 morbi
440 1525 488 1573 fine
505 1518 685 1588 sterneret,
707 1511 782 1573 licet
800 1510 1032 1574 observaverim
1048 1531 1108 1592 ego
1129 1532 1199 1573 rem
1214 1510 1293 1574 adeo
1307 1511 1518 1594 periculosam
1538 1534 1607 1575 nou

349 1590 481 1715 iiiiiiisid
504 1634 581 1677 esse,
629 1614 701 1677 Hoc
718 1614 754 1675 in
769 1634 845 1677 casu
865 1634 998 1695 aegrum
1010 1612 1110 1695 jubeo
1132 1613 1244 1675 vinum
1267 1614 1480 1697 Malaganum
1503 1635 1604 1677 anno-

352 1719 473 1766 viscosum
503 1738 585 1795 sum,
600 1718 650 1779 vel
672 1716 856 1793 Falernum,
880 1716 945 1779 sive
968 1715 1167 1793 Muscatnm‚
1183 1737 1258 1778 cum
1277 1737 1361 1798 pane
1382 1723 1469 1779 tosto
1491 1716 1521 1779 ei
1542 1717 1605 1778 im-

351 1790 462 1896 ξζὲἕᾞ,
504 1820 600 1883 misso
630 1819 750 1897 bibere,
781 1818 867 1901 quod
897 1818 1001 1882 crasiu
1033 1817 1219 1900 sanguinisb
1250 1819 1389 1881 multum
1418 1840 1605 1901 praegressa

503 1924 702 1985 aestuatione
733 1921 891 1985 debilitati
918 1921 1126 2005 (proindeque
1151 1942 1255 2004 nuper
1278 1920 1479 2003 ingestorum
1499 1923 1603 1985 succis

503 2024 714 2088 assimilandis
730 2024 881 2107 imparis)
900 2023 1118 2102 corroborans,
1136 2030 1317 2108 symptoma
1330 2023 1412 2087 illud
1426 2045 1603 2107 paucorum

503 2126 676 2189 admodum
699 2126 824 2189 dierum
847 2127 950 2209 spatio
972 2125 1083 2208 abigit,
1110 2132 1148 2188 ut
1170 2125 1283 2189 crebra
1304 2125 1501 2208 experientia
1522 2126 1604 2189 mihi

504 2236 641 2293 constat.

352 2342 454 2419 errores
554 2332 635 2415 [38.]
658 2332 730 2395 Hac
745 2332 814 2415 ipsa
825 2352 921 2414 quam
937 2332 1159 2415 proposuimus
1173 2331 1298 2395 ratione
1314 2351 1477 2414 aegruma
1491 2330 1604 2393 multis

349 2406 467 2453 medens.
505 2434 672 2498 affectibus
688 2434 1047 2517 symptomatibusque⁰,
1064 2455 1146 2517 quae
1161 2433 1358 2515 malignitati
1372 2432 1473 2496 tribui
1488 2432 1603 2510 solent,

350 2486 474 2532 umquan-

350 2536 429 2646 Jffi
437 2536 491 2647 {¹2¹⁸-
504 2545 614 2603 tutum
629 2538 880 2622 praestabimus;
904 2560 979 2602 cum
994 2538 1076 2601 nibil
1090 2539 1192 2621 magis
1208 2538 1338 2602 solitum
1354 2537 1395 2600 sit
1415 2536 1553 2601 Medicis
1568 2538 1604 2601 in

348 2662 492 2726 lignitatem,
504 2643 585 2706 Arte
597 2664 655 2705 sua
666 2642 773 2705 minus
785 2641 975 2719 exercitatis,
986 2662 1092 2724 quam,
1105 2640 1234 2723 quando
1248 2639 1491 2703 medicamentis
1505 2640 1604 2703 nimis

349 2730 489 2842 {ffiffit
504 2744 777 2827 refrigerantibus,
794 2744 843 2807 vel
862 2766 925 2807 usu
944 2752 1131 2807 enematum
1153 2743 1388 2825 intempestivo,
1404 2741 1509 2805 crasin
1529 2763 1603 2804 san-

349 2859 476 2908 nanssern'.
502 2848 610 2931 guinis
633 2848 679 2911 ita
700 2847 883 2925 relaxarint,
906 2847 1132 2929 Naturamque
1154 2847 1190 2909 in
1212 2846 1407 2930 perficienda
1436 2843 1602 2926 sanguinis

501 2952 710 3034 depuratione
726 2951 805 3015 adeo
817 2950 1027 3030 debilitarint,
1038 2959 1077 3015 ut
1088 2950 1189 3013 animi
1204 2950 1345 3032 deliquia
1359 2949 1484 3031 chaque
1495 2969 1603 3031 symp-

500 3062 624 3118 tomata
645 3056 737 3138 (quae
760 3054 902 3136 genuina
924 3062 1002 3117 sunt
1024 3052 1183 3136 ejusmodi
1204 3052 1511 3136 impedimentorum
1534 3058 1604 3115 arte

500 3157 679 3238 positorum
713 3156 848 3238 effecta)
881 3156 1084 3237 contingant,
1115 3154 1312 3237 malignitati
1348 3153 1477 3235 culpam
1513 3160 1603 3215 tran-

502 3254 679 3334 scribere‘¹;
703 3265 736 3320 at
751 3258 778 3319 si
793 3256 1001 3336 diuturnitas,
1017 3258 1053 3320 in
1071 3279 1168 3341 quam
1183 3257 1298 3321 abierit
1317 3255 1459 3334 morbus,
1476 3277 1550 3319 eum
1563 3254 1603 3319 ab

502 3358 563 3421 hoc
578 3358 655 3421 vitio
670 3358 819 3437 vindicet,
835 3363 907 3422 tum
928 3360 1080 3443 quicquid
1096 3382 1149 3424 eos
1164 3361 1200 3423 in
1215 3358 1340 3423 medela
1362 3359 1511 3441 deinceps
1529 3358 1603 3421 lati-

503 3467 568 3542 gat,
591 3459 625 3522 id
649 3462 798 3525 scorbuto
822 3469 990 3545 acceptum
1013 3463 1177 3527 referunt:
1202 3462 1345 3545 quamvis
1371 3462 1475 3544 reipsa
1496 3481 1603 3541 neque

503 3569 728 3646 symptomata,
759 3584 840 3647 quae
877 3565 1066 3629 accidebant
1103 3566 1258 3649 quamdiu
1293 3564 1422 3648 vigebat
1458 3560 1600 3637 morbus,

503 3665 714 3747 malignitatis
744 3675 836 3731 erant
866 3668 989 3747 effecta,
1016 3690 1122 3752 neque
1151 3690 1189 3733 ea
1218 3689 1300 3752 quae
1328 3665 1534 3745 contigerunt
1563 3662 1600 3725 in

503 3766 717 3831 declinatione
743 3769 822 3851 ejus,
844 3769 1004 3849 scorbuti3
1035 3772 1092 3835 sed
1112 3777 1287 3854 utrumque
1311 3768 1358 3833 rei
1380 3766 1464 3830 male
1490 3771 1600 3849 gestae

503 3868 648 3948 debetur,
664 3870 936 3955 quemadmodum
952 3873 1063 3937 crebro
1078 3874 1146 3937 ida
1160 3896 1212 3938 me
1226 3874 1430 3938 observatum
1445 3877 1504 3933 est.

352 3992 409 4039 Non
421 4000 457 4039 ts-
547 3972 625 4035 Non
645 3971 733 4055 quod
753 3992 822 4054 ego,
843 3981 899 4038 aut
926 3976 1095 4059 quisquam
1117 3976 1198 4039 alius
1219 3977 1275 4057 qui
1296 3974 1481 4038 morborum
1500 3971 1601 4035 histo-

352 4072 407 4103 men
416 4073 489 4117 nega·
522 4076 528 4088 ·

351 4128 392 4167 tur
404 4120 491 4169 pem
503 4097 585 4139 nam
600 4075 650 4139 vel
665 4074 861 4155 delibaverit,
877 4078 1005 4142 nescius
1016 4100 1085 4143 esse
1099 4079 1200 4162 possit
1214 4078 1333 4141 Febres
1348 4099 1426 4155 esse,
1437 4096 1518 4159 quae
1533 4095 1601 4138 non

347 4184 475 4295 plasma·
504 4179 693 4263 intemperie
703 4180 779 4258 sola,
792 4186 848 4243 aut
860 4181 990 4264 putrido
998 4189 1128 4245 tantum
1138 4182 1252 4259 calore,
1264 4180 1321 4244 sed
1332 4180 1431 4243 etiam
1441 4178 1601 4260 malignae

357 4264 494 4311 mmm,
503 4311 1034 4372 guinemabistaFebrilimateria,quaeipsam
1069 4315 1134 4358 tortia
1150 4314 1209 4366 talia,
1226 4326 1293 4370 quam
1305 4311 1397 4369 plumea
1414 4312 1477 4363 lecto,
1492 4308 1601 4353 sanitatis

504 4376 777 4429 camnamebat,liberare;
794 4378 945 4437 aegrapatias
953 4378 1032 4422 moles·
1067 4378 1295 4423 maerestitals'onem
1303 4376 1392 4420 debere.
1425 4374 1511 4432 Nempe
1520 4386 1599 4429 saepe·

505 4438 559 4482 tiam
567 4453 594 4483 ac
602 4440 698 4484 dolorem
706 4442 799 4485 arceatis
807 4442 898 4487 vulnere
902 4438 1032 4500 facessunt,
1067 4456 1159 4487 nummo
1176 4441 1279 4497 inefficax
1298 4440 1486 4485 medicamentum
1501 4438 1600 4494 fortuma

504 4515 605 4559 eramque,
618 4504 684 4547 sienis
695 4502 749 4563 jans
760 4506 835 4551 asorbo
846 4522 886 4551 sao
897 4508 1031 4559 cruciatum,
1066 4506 1181 4552 nobilitat.

504 4564 600 4609 alterius
617 4567 729 4612 diverunt.
768 4569 847 4629 Neque
860 4568 926 4629 (licet
945 4572 974 4615 iis
990 4586 1032 4630 ego
1100 4562 1597 4631 ¹²sang.]postaest.inedd.’66,'68,'7li.

504 4642 571 4687 saepae
582 4643 635 4673 usus
651 4632 701 4685 sim,
714 4634 748 4676 sic
764 4640 789 4677 ut
805 4635 858 4678 bene
872 4650 896 4679 sc
912 4636 1034 4680 lscbuere'nl
1102 4640 1111 4662 ⁶
1128 4629 1328 4695 symptomatt'bm]
1340 4634 1441 4676 —maats's
1452 4630 1489 4676 ed.
1501 4629 1548 4675 Ι66.

504 4690 590 4751 negat)
604 4688 688 4751 inferre
702 4710 792 4753 passum
809 4698 859 4754 ipsa
875 4700 966 4758 aliquid
978 4714 1033 4758 pro·
1102 4694 1113 4725 ‘¹
1131 4697 1170 4744 Cf.
1187 4697 1229 4744 ins.
1245 4697 1269 4745 ii.
1286 4698 1308 4743 2.
1328 4697 1362 4750 1.;
1383 4696 1462 4742 Tract.
1476 4695 1510 4742 11.
1529 4699 1598 4755 post·

504 4758 584 4809 desse,·
602 4758 669 4816 inque
680 4774 728 4803 eam
739 4760 806 4817 plum
818 4764 965 4820 suspicionem
980 4778 1034 4821 pro·
1072 4777 1115 4810 scr.
1126 4764 1138 4821 ᾖ
1151 4764 1173 4807 4.

503 4822 596 4880 pendeo,
608 4836 702 4882 aegrum
714 4824 776 4867 barad
789 4822 871 4883 rraajors'
880 4824 937 4884 jare
949 4829 1035 4872 aesica-
1104 4832 1114 4855 ‘
1131 4824 1246 4886 scaligero]
1259 4833 1281 4872 ct
1292 4831 1402 4871 uenenato
1413 4822 1467 4871 add
1480 4822 1517 4869 cd.
1530 4821 1578 4868 ‘66.
