3825 5759
503 627 545 686 52
815 619 1011 683 THOMAE
1036 619 1294 683 SYDENHAM

373 796 470 843 sesan
553 783 635 866 [31.]
659 784 713 864 (3.)
739 782 785 844 At
801 780 827 843 si
843 781 1049 844 fermentatio
1067 802 1172 863 neque
1194 782 1332 845 nimium
1352 788 1488 861 aestuet,
1504 804 1612 867 neque

354 862 491 972 ffffi„
503 888 668 968 langueat,
684 906 756 947 eam
771 884 806 945 in
821 883 884 946 isto
902 882 1006 965 gradu
1020 883 1177 965 relinquo,
1193 905 1253 947 nec
1272 884 1346 947 ullis
1360 886 1510 949 remediis
1525 894 1612 964 utor,

372 990 494 1066 '⁶'Q
505 988 569 1053 nisi
589 1008 758 1071 aegrorum
774 987 824 1049 vel
840 986 1016 1049 amicornm
1032 984 1149 1066 quibus
1169 985 1332 1068 stipantur
1346 986 1575 1070 importunitas
1591 1011 1613 1052 a

352 1080 493 1191 diffidi*
507 1113 559 1155 me
575 1089 696 1172 aliquid
718 1096 916 1171 extorqueat,
932 1087 1019 1169 quod
1034 1088 1121 1171 ipsis,
1137 1088 1219 1152 citra
1232 1088 1376 1153 instituti
1391 1098 1425 1154 ct
1444 1092 1532 1175 scopi
1546 1093 1613 1155 mci

354 1207 475 1281 procpdat,
507 1193 664 1270 fraudem,
681 1192 816 1275 placeat.

354 1272 495 1383 ssfflssffi'
556 1295 639 1379 [32]
667 1296 776 1378 Atque
798 1294 859 1357 hoc
882 1294 952 1357 loco
973 1315 1041 1357 non
1063 1294 1320 1376 praetermittam
1343 1316 1396 1359 me
1422 1296 1548 1379 saepius
1570 1296 1614 1360 ad

355 1400 472 1463 europus
507 1400 615 1464 tenuis
638 1398 831 1462 conditionis
851 1396 1008 1474 homines,
1033 1418 1170 1480 quorum
1194 1418 1349 1461 crumena
1370 1400 1493 1481 prolixo
1515 1420 1613 1483 appa-

354 1471 397 1513 m'
510 1500 596 1565 ratui
618 1500 742 1563 medico
761 1499 894 1562 ferendo
915 1520 985 1563 non
1006 1505 1085 1577 erat,
1105 1500 1305 1577 accersitum,
1323 1500 1371 1563 nil
1389 1501 1501 1565 fecisse
1524 1502 1614 1564 aliud

505 1610 578 1688 post
609 1604 898 1667 venae-sectionem
929 1608 963 1665 et
993 1601 1201 1666 vomitionem
1231 1609 1419 1685 peractamr,
1443 1602 1614 1687 (siquidem

508 1727 561 1770 eas
572 1706 765 1788 postulasset
781 1704 956 1785 indicatio)
971 1703 1035 1767 nisi
1047 1703 1133 1786 quod
1143 1704 1220 1786 ipsis
1231 1704 1479 1787 praescriberem
1492 1712 1531 1768 nt
1542 1712 1615 1769 toto

509 1807 613 1872 morbi
629 1814 773 1891 tempore
788 1806 872 1870 lecto
894 1806 1000 1883 defixi,
1016 1827 1083 1869 non
1099 1806 1162 1868 uisi
1178 1807 1306 1890 juscula
1320 1828 1476 1871 avenacea
1490 1813 1523 1871 et
1538 1807 1614 1872 hor-

509 1912 626 1975 deacea
656 1910 705 1973 vel
736 1908 852 1971 similia
878 1909 1047 1971 haurirent
1058 1935 1068 1986 3
1105 1916 1239 1972 tenuem
1269 1908 1452 1973 cerevisiam
1482 1909 1615 1992 dempto

509 2014 627 2095 frigore
637 2012 801 2075 moderate
812 2010 961 2075 biberent
973 2010 1015 2074 ad
1027 2011 1115 2075 sitim
1124 2011 1299 2075 sedandam
1304 2038 1314 2089 ;
1338 2020 1470 2075 enema·
1480 2033 1520 2075 ex
1530 2012 1616 2075 lacte

510 2114 695 2177 saccharato
707 2113 842 2195 singulis
854 2114 902 2175 vel
918 2113 1051 2177 alternis
1063 2112 1176 2176 diebus
1187 2114 1342 2197 usquead
1356 2113 1443 2178 diem
1453 2113 1615 2177 decimum

511 2218 560 2280 vel
574 2216 781 2279 undecimum
794 2216 883 2300 injici
895 2223 1064 2293 curarent,
1088 2223 1121 2279 ct
1136 2238 1244 2280 versus
1260 2216 1370 2281 Febris
1381 2218 1491 2296 finem,
1502 2223 1616 2299 coepta

507 2322 576 2403 jam
599 2319 809 2401 separatione,
831 2318 990 2401 siquidem
1013 2320 1143 2399 segnior
1165 2327 1258 2396 esset,
1279 2320 1321 2383 ad
1346 2341 1418 2383 eam
1438 2319 1616 2404 juvandam

511 2423 676 2487 fortiorem
691 2397 828 2484 suliinde
846 2428 961 2504 potum
980 2420 1199 2484 cardiacorum
1222 2422 1293 2485 loco
1315 2421 1424 2485 bibere
1445 2422 1522 2505 ipsis
1544 2442 1617 2504 per-

512 2525 595 2587 misi.
641 2525 749 2606 Atque
773 2523 821 2587 ita
846 2523 915 2585 sine
941 2522 1093 2587 ulteriore
1119 2524 1227 2606 aliquo
1249 2532 1414 2607 apparatu,
1440 2525 1503 2587 nisi
1530 2524 1617 2607 qnod

511 2627 579 2689 leve
602 2625 815 2688 catharticum
837 2624 873 2687 in
887 2626 952 2687 fine
973 2625 1079 2687 morbi
1100 2625 1217 2688 addere
1239 2626 1368 2705 soleam,
1385 2647 1438 2689 eos
1461 2626 1563 2690 salvos
1583 2635 1617 2690 et

513 2730 691 2792 incolumes
708 2726 825 2790 dimisi.

361 2855 501 2904 circadam
563 2831 645 2915 [33.]
676 2830 740 2894 Sed
762 2836 800 2893 ut
823 2829 864 2893 ad
886 2829 1075 2893 institutum
1094 2851 1204 2893 meum
1224 2836 1382 2894 revertar:
1406 2831 1432 2894 si
1454 2830 1619 2915 praedicta

356 2924 428 3033 22³3
442 2935 502 3032 piis
514 2934 686 2999 methodus
712 2933 846 2997 sollicite
876 2931 1044 2996 observata
1068 2933 1175 3010 fiierit,
1202 2933 1322 2996 usitato
1344 2933 1429 2997 circa
1456 2934 1619 2997 decimum

360 3001 478 3097 imbellia
515 3038 666 3121 quintum
678 3036 773 3114 diem,
785 3036 872 3099 tumt
882 3056 921 3098 ex
935 3034 1105 3098 laudabilis
1117 3034 1152 3097 in
1163 3035 1258 3098 urina
1266 3036 1475 3119 separationis
1487 3036 1618 3119 signis¹',

359 3122 499 3226 Zssfflf
514 3150 586 3204 tum
606 3145 704 3203 etiarn
724 3161 763 3202 ex
784 3138 957 3202 manifesta
979 3138 1125 3202 omnium
1148 3146 1403 3221 symptomatum
1420 3140 1618 3218 remissione,

361 3242 491 3291 tumeret·
514 3242 654 3326 percipio
666 3241 893 3323 tempestivum
904 3247 986 3303 tnnc
997 3261 1065 3304 esse
1076 3240 1242 3323 potionem
1252 3249 1448 3323 purgantem
1457 3241 1618 3319 exhibere,

360 3314 475 3418 ,wilre
516 3364 598 3426 quae
614 3343 830 3406 sedimentum
845 3364 862 3405 e
878 3362 1064 3424 praegressa
1077 3342 1326 3407 fermentatione
1344 3344 1398 3407 hic
1412 3344 1478 3407 illic
1494 3344 1619 3428 deposi-

361 3434 494 3547 ffl‘ff
515 3454 589 3510 tum
604 3443 782 3521 subducat,
806 3442 892 3526 quod
906 3442 971 3505 nisi
984 3444 1174 3527 tempestive
1188 3445 1310 3509 factum
1321 3446 1428 3524 fuerit,
1440 3446 1621 3529 periculum

362 3562 462 3625 sangui·
483 3625 488 3637 ι
517 3555 624 3613 estne
643 3546 679 3609 in
695 3546 861 3629 sanguinis
876 3567 1017 3609 massam
1035 3547 1200 3629 remigret,
1216 3548 1425 3632 ejusdemque
1439 3547 1551 3611 Febris
1568 3569 1620 3611 re·

362 3641 503 3755 ἒξζῇζξὲζ
519 3651 656 3715 cidivam
671 3649 818 3713 conciliet
827 3674 837 3727 3
864 3648 914 3713 vel
929 3648 1029 3713 etiam
1051 3672 1110 3714 sna
1128 3650 1165 3713 in
1184 3650 1329 3734 partibus
1350 3649 1561 3727 naturalibus,
1578 3650 1621 3713 ad

362 3758 505 3805 aivamcon·
519 3775 597 3837 quas
613 3751 824 3815 amandatum
845 3751 919 3830 fuit,
934 3774 1035 3831 mora,
1051 3753 1086 3816 in
1106 3752 1265 3817 mineram
1284 3752 1447 3817 tenacium
1469 3750 1621 3835 deinceps

364 3822 437 3869 niret.
518 3858 553 3921 in
577 3875 708 3938 corpore
733 3854 892 3917 malorum
917 3855 1058 3921 feracem
1081 3854 1186 3920 abeat.
1231 3856 1396 3921 Nimirum
1421 3856 1622 3939 separatione

515 3962 584 4045 jam
610 3959 705 4036 lacta,
732 3958 883 4021 humores
913 3960 1011 4023 crassi
1041 3982 1078 4024 ac
1106 3961 1226 4043 impuri
1256 3982 1296 4024 ex
1317 3961 1442 4025 arteriis
1471 3962 1624 4045 sanguini

518 4064 554 4127 in
574 4062 664 4126 venis
683 4062 784 4125 refluo
804 4061 949 4140 immissi,
970 4084 1151 4146 regressum
1171 4065 1240 4147 ejus
1260 4063 1353 4127 facile
1373 4064 1565 4147 impediunt,
1584 4087 1624 4129 ex

520 4189 584 4251 quo
605 4166 693 4230 varia
715 4164 985 4243 obstructionum,
1006 4188 1043 4229 ac
1065 4166 1216 4229 tandem*
1238 4166 1482 4246 sarmentorum,
1505 4188 1625 4251 genera

521 4277 710 4333 nascuntur.

370 4407 454 4456 Qum
570 4372 653 4455 [34]
683 4372 750 4436 Ubi
771 4378 882 4435 tamen
905 4370 1228 4435 animadvertendum
1250 4391 1318 4433 non
1340 4370 1421 4434 adeo
1448 4372 1545 4454 plane
1568 4394 1625 4435 nc·

369 4470 481 4545 purgatio
523 4474 695 4538 cessarium
717 4496 785 4537 esse
805 4482 877 4557 post
898 4474 1017 4538 Febres
1037 4473 1190 4551 vernales,
1211 4480 1309 4556 atque
1327 4479 1400 4556 post
1421 4475 1626 4538 autumnales

368 4541 508 4647 illeiis&
523 4576 750 4659 purgationem
770 4576 941 4654 celebrare,
963 4575 1060 4658 idque
1082 4584 1250 4661 propterea
1267 4576 1354 4660 quod
1372 4576 1589 4641 sedimentum
1608 4600 1628 4641 a

543 4750 551 4772 ¹
566 4750 653 4803 perere.
664 4749 717 4803 post
729 4746 797 4792 indic.
810 4742 834 4790 in
847 4745 882 4793 cd.
896 4747 943 4794 ’oo
1066 4753 1074 4773 ¹
1090 4745 1376 4808 enema-carcrent]orn.
1385 4745 1598 4803 edd‘ao,·oa‚’76.

542 4810 549 4837 ¹
567 4804 627 4867 ream]
647 4820 693 4853 om.
707 4806 743 4854 cd.
756 4808 802 4855 'so
903 4808 914 4830 '¹
931 4808 1019 4873 signis]
1031 4813 1096 4871 riguo
1106 4810 1143 4865 cd.
1156 4812 1204 4859 ⁹66.
1297 4818 1307 4839 '
1325 4810 1430 4871 tandem]
1441 4826 1488 4858 om,
1501 4810 1538 4859 ed.
1552 4811 1599 4859 ⁹66.
