3825 5759
557 690 623 754 370
870 682 1064 749 ΤΗΟΜΑΕ
1088 682 1348 747 SYDENHAM

424 868 466 916 ne
479 868 529 916 ar·
559 870 598 915 ac
618 848 740 934 judicio
765 846 883 925 valent,
911 847 1030 931 quique
1052 854 1086 909 et
1111 846 1361 909 meditationum
1384 845 1642 929 profirnditate
1668 859 1698 906 et

408 947 455 981 ”²⁰
416 932 546 1046 „ffl'
562 953 721 1037 sapientia
743 950 897 1015 orationis
919 950 1016 1033 longe
1036 970 1091 1013 eos
1116 955 1279 1032 superant,
1295 970 1437 1032 quorum
1469 958 1622 1012 mente„
1649 946 1698 1009 hi

410 1054 796 1140 Qu,“‘cogitationum1„,ee
815 1052 933 1117 aculeis
955 1072 1123 1134 uunquam
1137 1051 1259 1115 sinerint
1273 1050 1454 1115 excitatae.
1477 1050 1532 1113 ita
1558 1060 1607 1112 ut
1629 1071 1696 1112 non

408 1155 453 1202 ⁸¹¹
454 1153 535 1201 Μ·
523 1158 633 1221 ¹sine
648 1157 773 1221 ratione
787 1154 1000 1221 observaverit
1015 1154 1204 1218 Aristoteles
1223 1153 1393 1237 [Problern.
1406 1174 1484 1215 m.
1500 1155 1533 1215 l.
1551 1152 1610 1236 1.]
1627 1174 1694 1214 me-

409 1228 433 1266 te
433 1224 533 1293 nentur

407 1282 490 1357 higen
464 1282 532 1329 uon
516 1288 543 1328 ιι
563 1259 758 1325 laucholicos
773 1258 906 1323 caeteris
920 1257 1053 1341 ingenio
1067 1264 1240 1370 praestare.

409 1347 474 1409 Ρ]
440 1412 472 1459 11
454 1360 544 1458 “ntum
612 1360 696 1445 [76.]
724 1362 769 1423 At
783 1380 858 1423 vero
877 1366 945 1422 tam
965 1358 1145 1422 horrendus
1166 1357 1267 1421 animi
1286 1364 1401 1433 status,
1418 1356 1559 1440 qualem
1588 1377 1691 1438 snpra

408 1426 488 1473 poen
564 1462 803 1540 delineavimus,
816 1460 1127 1543 nonaliiscompetit
1142 1482 1239 1544 quam
1247 1482 1297 1538 us,
1309 1460 1375 1543 qui,
1387 1459 1447 1522 diu
1461 1460 1690 1541 multumque
1733 1499 1734 1556 y

563 1588 640 1631 cum
653 1566 715 1630 hoc
728 1564 841 1629 morbo
862 1564 1047 1642 conflictati,
1062 1563 1258 1647 tandemque
1278 1562 1456 1647 subjugati,
1466 1560 1568 1645 quasi
1579 1562 1686 1624 victas
1733 1567 1734 1618 l

563 1692 680 1735 manus
694 1670 792 1746 dant·
814 1666 953 1732 maxime
968 1667 995 1730 si
1010 1688 1060 1730 res
1075 1668 1234 1745 adversae,
1246 1666 1346 1729 animi
1360 1686 1539 1743 moerores,
1556 1664 1684 1729 sollici-

563 1772 741 1850 tudinesve,
756 1770 857 1834 nimia
877 1768 912 1832 in
934 1768 1101 1833 liternum
1123 1768 1230 1832 audio
1249 1768 1429 1845 assiduitas,
1444 1776 1548 1849 atque
1574 1765 1682 1830 animi

565 1875 739 1953 contentio,
758 1896 833 1939 cum
857 1894 955 1957 prava
973 1873 1115 1957 corporis
1136 1872 1276 1936 diathesi
1300 1870 1536 1955 conspirantes,
1563 1871 1680 1934 oleum

565 1978 691 2041 camino
706 1976 891 2060 adjecerint.
1733 2013 1734 2080 y

613 2079 695 2162 [77]
723 2078 801 2142 Dies
816 2098 868 2142 me
883 2077 1084 2156 deficeret,
1059 2100 1087 2141 ιι
1101 2077 1211 2141 omnia
1221 2097 1302 2160 quae
1313 2074 1461 2139 Affectus
1477 2074 1677 2158 Hyeteiicos

411 2108 495 2283 ‘aimei
473 2252 499 2283 a
523 2173 699 2263 igravant·
714 2188 930 2264 symptomata
952 2202 1141 2245 enumerare
1157 2180 1263 2258 velim,
1278 2188 1346 2243 tam
1363 2178 1490 2241 divema
1507 2186 1615 2261 atque
1634 2178 1675 2240 ad

492 2316 522 2375 ιι
565 2282 704 2347 invicem
726 2283 886 2348 contraria
911 2285 1016 2367 specie
1040 2284 1206 2362 variantia,
1229 2304 1327 2367 quam
1346 2302 1408 2345 nec
1429 2282 1569 2344 Proteus
1593 2280 1673 2344 lusit

408 2380 522 2476 salin?
565 2406 720 2469 unquam,
735 2406 796 2449 nec
810 2386 969 2451 coloratus
984 2394 1147 2471 spectatur
1160 2385 1377 2450 chamaeleon.
1422 2382 1567 2447 Proinde
1580 2390 1670 2446 recte

503 2528 510 2543 ·
565 2487 647 2551 mihi
660 2487 786 2552 videtur
801 2489 960 2554 rationem
977 2489 1166 2553 subduxisse
1180 2487 1394 2565 Democritus,
1413 2484 1668 2571 (quantumlibet

564 2590 599 2653 iu
629 2590 734 2655 morbi
759 2612 855 2655 cama
875 2590 1149 2674 hallucinaretur‚)
1173 2590 1232 2654 ubi
1260 2590 1292 2655 in
1314 2588 1449 2671 epistola
1473 2587 1516 2650 ad
1539 2586 1665 2669 Hippo·

564 2702 685 2760 cratem
700 2695 798 2759 missa
817 2696 909 2780 [tom.
925 2695 970 2759 iii.
985 2718 1017 2779 p.
1033 2694 1123 2779 826]
1143 2694 1262 2758 diserte
1276 2692 1389 2756 asserit
1408 2696 1663 2754 “sexcentarum

565 2818 793 2863 aerumnarum
818 2798 1124 2881 innumerarumque
1149 2796 1370 2862 calamitatum
1396 2794 1568 2858 authorem
1595 2816 1661 2858 esse

563 2902 727 2966 uterum.”
771 2900 888 2987 Neque
902 2908 1032 2965 tantum
1041 2899 1218 2964 multifaria
1230 2906 1308 2962 sunt
1322 2898 1394 2976 ista,
1406 2896 1462 2960 sed
1477 2918 1539 2960 nec
1552 2898 1660 2980 regula

564 3004 671 3089 aliqua
685 3011 742 3070 aut
756 3012 834 3091 typo
848 3004 1002 3071 uniformi
1017 3025 1051 3068 se
1061 3002 1221 3068 contineri
1234 3001 1413 3085 patiuntur,
1431 2999 1530 3082 (qnod
1543 2999 1578 3062 in
1593 3000 1658 3062 aliis

562 3104 732 3171 hominum
747 3108 915 3171 affecfibus
929 3115 1041 3173 tamen
1054 3128 1117 3169 usu
1130 3104 1240 3187 venit)
1257 3104 1314 3167 sed
1333 3102 1424 3186 quasi
1440 3103 1569 3186 farrago
1585 3110 1657 3165 sunt

564 3208 721 3290 quaedam
750 3206 946 3293 φαινομένων
973 3206 1187 3290 incomposita
1215 3212 1312 3289 atque
1341 3204 1545 3283 inordinata,
1575 3204 1656 3268 unde

563 3312 758 3394 perarduum
769 3317 818 3374 ιιι
832 3310 930 3394 hujus
945 3310 1050 3375 morbi
1063 3310 1230 3375 historiam
1244 3309 1434 3373 describere.

412 3448 506 3497 eum
614 3414 696 3497 [78.]
725 3413 849 3476 Causae
871 3420 981 3477 autem
1003 3412 1101 3497 hujus
1122 3412 1227 3477 morbi
1248 3411 1506 3527 procataroticae,
1529 3431 1586 3475 seu
1605 3430 1654 3473 cr·

409 3528 493 3561 ‘⁰¹¹¹‘
563 3521 685 3593 ternae,
708 3514 760 3578 vel
782 3520 860 3577 suut
887 3514 1142 3579 vehementiores
1170 3512 1310 3629 corporis
1338 3520 1456 3591 motus,
1484 3512 1536 3576 vel
1562 3513 1653 3576 etism

408 3593 448 3689 lm
426 3584 519 3691 'iem
564 3617 668 3681 multo
682 3616 807 3699 saepius
821 3616 962 3681 violenta
975 3617 1133 3732 quaedam
1148 3615 1249 3680 animi
1262 3614 1480 3692 commotius
1492 3614 1652 3697 repentino

564 3720 680 3803 aliquo,
696 3720 761 3783 sive
783 3720 859 3798 irae,
875 3720 940 3784 sive
962 3720 1089 3798 doloris,
1103 3718 1169 3782 sive
1191 3718 1289 3782 etiam
1310 3715 1445 3795 timoris,
1459 3723 1494 3780 et
1508 3716 1650 3779 similium

410 3826 550 3890 bagnone
563 3822 796 3905 patbematum‚
811 3822 946 3887 insultu.
978 3822 1113 3887 Quoties
1127 3822 1237 3905 itaque
1251 3842 1303 3885 me
1317 3819 1492 3884 consulunt
1501 3818 1649 3882 foeminae

564 3925 604 3989 de
625 3923 686 3989 hoc
703 3924 796 3989 illove
816 3924 955 4009 eorporis
977 3924 1104 4002 affectu,
1119 3925 1212 4008 cujus
1232 3922 1315 3988 ratio
1337 3944 1355 3987 e
1374 3922 1559 4005 vulgaribus
1574 3943 1647 3987 mor·

562 4026 679 4091 borum
702 4027 994 4111 dignoscendorum
1013 4024 1180 4088 axiomatis
1200 4031 1342 4108 nequeat
1363 4024 1465 4103 reddi,
1491 4046 1645 4109 nunquam

563 4152 630 4196 non
644 4130 820 4216 diligentur
834 4130 875 4195 ab
891 4130 937 4195 eis
952 4127 1093 4212 exquiro,
1108 4148 1151 4191 au
1164 4148 1233 4192 nou
1243 4148 1282 4192 eo
1294 4128 1333 4192 de
1344 4149 1408 4211 quo
1418 4134 1645 4212 conqueruntur

562 4234 648 4299 malo
669 4242 742 4299 tum
763 4232 932 4317 praecipue
951 4231 1139 4314 fatigentur,
1157 4252 1233 4295 cnm
1254 4230 1396 4310 ιιιιιιιιι,
1418 4252 1578 4311 aerumna,
1595 4238 1643 4295 aut

562 4334 626 4399 alia
645 4334 752 4417 aliqua
772 4332 983 4415 perturbatio,
999 4353 1053 4396 esa
1066 4333 1151 4397 male
1165 4332 1309 4398 habeat?
1332 4332 1418 4418 quod
1433 4334 1461 4397 si
1475 4335 1641 4412 annuerint,

557 4435 628 4519 jam
642 4434 720 4498 satis
735 4454 893 4519 superque
914 4433 996 4498 mihi
1017 4440 1154 4513 ιοιιιιιι,
1169 4432 1320 4498 morbum
1334 4432 1370 4497 in
1383 4433 1445 4498 hac
1460 4434 1500 4499 de
1515 4455 1575 4518 qua
1586 4434 1641 4517 agi·

561 4557 635 4603 mus
648 4534 738 4600 tribu
750 4536 970 4617 censendum,
991 4536 1180 4622 praesertim
1189 4534 1303 4600 verosi
1313 4535 1483 4620 diagnosin
1496 4536 1531 4601 id
1545 4536 1641 4609 darius

560 4636 710 4718 illustret,
726 4638 811 4723 quod
829 4638 950 4704 scilicet
968 4640 1064 4704 certis
1085 4640 1208 4723 aliquot
1228 4638 1427 4722 temporibus
1445 4640 1570 4705 urinam
1580 4638 1639 4703 lin·

560 4739 670 4825 pidam
689 4748 722 4806 et
742 4742 884 4825 crystalli
904 4743 1073 4821 aemulam,
1090 4764 1224 4826 eamque
1243 4742 1405 4827 copiosam
1426 4744 1533 4823 simul,
1552 4762 1637 4809 excer-

560 4850 652 4908 nant.
699 4844 760 4908 His
783 4866 858 4909 vero
883 4844 984 4909 animi
1002 4843 1154 4923 motibus,
1178 4844 1234 4929 qni
1256 4844 1439 4910 usitatim
1461 4852 1539 4910 suut
1558 4844 1636 4933 hujus
