3825 5759
494 706 870 771 OBSERVATIONES
894 701 1113 771 MEDICAE.
1311 709 1354 771 23

248 890 348 953 quam
364 868 505 931 nominis
520 868 639 933 famam
658 874 907 952 consequantur.
953 867 1117 951 Quicquid
1136 868 1188 945 sit,
1208 866 1354 932 Medicoa
1390 882 1486 933 Parra

247 992 374 1049 omnes,
391 971 446 1055 qui
461 970 593 1053 quidem
607 968 710 1053 probi¹
731 976 764 1034 et
781 970 956 1053 prudentes
971 970 1083 1034 haberi
1097 969 1210 1033 volunt
1225 976 1259 1034 et
1273 990 1352 1048 esse,
1367 946 1507 1022 Q

246 1074 331 1139 illud
346 1093 442 1155 agere
456 1078 594 1155 oportet,
604 1079 642 1136 ut
656 1072 837 1137 bonitatem
848 1071 1001 1136 Divinam
1012 1079 1223 1155 agnoscentes
1237 1073 1351 1156 primo,

247 1196 324 1239 mox
338 1175 439 1239 ctiam
453 1174 672 1257 implorantes,
683 1174 725 1238 ab
741 1194 779 1239 ea
793 1173 984 1257 sapientiam
995 1181 1029 1238 et
1043 1195 1231 1258 prosperum
1242 1196 1352 1240 rerum

248 1300 384 1343 suarum
409 1286 562 1343 eventum
585 1285 754 1361 expectent
766 1304 775 1356 ς
808 1285 904 1362 atque
930 1300 1025 1362 porro
1049 1286 1088 1343 ut
1115 1280 1205 1344 omni
1227 1301 1288 1363 ope
1314 1300 1351 1344 ac

249 1382 359 1446 studio
374 1382 452 1446 illue
471 1381 672 1459 incumbant,
689 1401 752 1463 quo
767 1402 834 1444 non
848 1386 979 1445 tantum
994 1381 1167 1445 sanitatem
1182 1389 1351 1465 aegrotan-

248 1483 349 1561 tibus,
365 1502 478 1546 verum
495 1488 529 1545 et
544 1483 691 1547 Medicae
710 1504 806 1565 quam
826 1483 1019 1565 profitentur
1033 1482 1108 1546 Arti
1123 1483 1351 1547 certitudinem

249 1584 419 1667 aliquanto
429 1584 583 1666 majorem
599 1584 785 1669 acquirant:
808 1583 873 1648 huc
888 1582 1044 1647 nimirum
1058 1582 1279 1666 experimenta
1293 1605 1353 1647 sua

248 1684 437 1767 dirigentes,
452 1692 491 1749 ut
506 1685 662 1749 Medendi
682 1686 766 1749 ratio
784 1685 974 1767 locupletior
989 1690 1023 1747 et
1037 1684 1233 1747 luculentior
1247 1684 1352 1749 indies

248 1786 375 1864 evadat,
391 1794 488 1869 atque
510 1787 590 1851 adeo
612 1794 650 1851 ut
673 1808 776 1870 genus
796 1789 977 1851 humanum
998 1786 1140 1850 securius
1160 1792 1257 1868 atque
1278 1786 1351 1849 uni-

246 1888 403 1951 versalius
417 1888 504 1951 illius
519 1889 676 1953 beneficio
695 1889 889 1972 perfruatur,
906 1888 1006 1953 etiam
1025 1894 1197 1971 postquam
1211 1887 1260 1951 illi
1273 1888 1350 1951 fatis

248 1989 477 2053 concesserint.
514 1990 574 2073 [3.]
591 1990 662 2073 Ego
673 1990 782 2072 itaque
794 1990 888 2054 officii
899 1990 965 2053 mei
976 1989 1122 2054 conscius
1134 1989 1218 2053 hanc
1229 1990 1353 2053 Metto

248 2092 324 2153 dum
352 2091 492 2155 Curaodi
513 2092 626 2155 Febrea
648 2094 794 2173 Propriis
815 2092 1085 2156 Observationum
1104 2092 1354 2173 Superatmctom

248 2192 322 2257 orbi
336 2192 439 2256 trado.
471 2192 740 2276 Quandoquidem
754 2193 842 2256 enim
856 2193 959 2274 (Ι)Εο
972 2193 1248 2277 qualibuscunque
1257 2214 1352 2258 cona·

247 2294 339 2358 tibus
348 2294 428 2358 meis
438 2295 620 2378 aspirante)
632 2294 717 2358 visus
729 2294 809 2357 mibi
821 2315 893 2357 sum
903 2294 1072 2359 certiorem
1084 2295 1246 2377 quandam
1255 2302 1352 2379 atque

248 2398 354 2479 magis
369 2396 543 2479 genuinam
562 2396 714 2461 Febrium
734 2396 949 2461 curandarum
969 2397 1129 2461 rationem
1149 2418 1246 2481 quam
1267 2420 1349 2482 quae

248 2500 347 2582 mlgo
372 2498 498 2563 obtinet
525 2497 780 2581 apprehendisse,
805 2518 874 2562 rem
899 2506 1026 2581 gratam
1050 2520 1144 2564 verae
1168 2500 1352 2564 Medicinae

249 2600 402 2665 studiosis
418 2620 469 2664 me
488 2600 718 2683 praestitumm
734 2621 806 2663 sum
826 2600 1013 2680 arbitratus,
1029 2602 1057 2665 si
1075 2602 1211 2666 eandem
1230 2602 1352 2685 publici

245 2703 330 2785 juris
345 2702 482 2767 lacerem
492 2728 500 2780 ;
524 2702 558 2765 id
578 2702 663 2785 quod
685 2723 746 2785 ego
765 2702 890 2766 liberali
910 2704 1020 2768 animo
1040 2710 1073 2767 et
1092 2704 1217 2768 sincero
1232 2704 1350 2767 affectu

245 2806 316 2888 jam
331 2804 510 2886 aggredior.
555 2804 751 2868 Methodum
766 2824 839 2867 vero
860 2825 924 2886 qua
943 2812 1028 2881 utor,
1044 2805 1104 2867 etsi
1118 2804 1202 2868 forte
1216 2804 1349 2867 rationi-

248 2906 311 2971 bus
333 2908 441 2971 minus
467 2906 574 2971 solidis
600 2907 698 2970 inniti
724 2928 762 2971 ea
785 2906 951 2970 nonnullis
972 2905 1129 2983 videatur,
1152 2906 1351 2987 experientia

249 3016 362 3072 tamen
384 3007 554 3091 multiplici
575 3008 815 3092 comprobatam
837 3026 906 3069 esse
929 3005 1106 3070 certissime
1126 3006 1193 3069 scio
1215 3026 1252 3069 ac
1274 3026 1347 3088 pro-

249 3110 381 3174 nuncio.
410 3110 470 3193 [4.]
486 3108 639 3175 Quamvis
649 3118 759 3174 autem
769 3107 972 3192 praevideam
981 3106 1137 3170 extituros
1146 3128 1213 3170 non
1221 3126 1350 3192 paucos,

250 3212 306 3294 qui
320 3212 371 3275 vel
386 3232 425 3275 ex
439 3211 590 3295 carpendi
604 3212 747 3289 libidine,
763 3211 813 3274 vel
829 3210 979 3293 superbia
994 3230 1058 3293 qua
1079 3215 1221 3274 caeteros
1239 3230 1351 3275 omnes

249 3318 455 3377 contemnere
481 3320 577 3396 atque
603 3312 765 3395 aspernari
792 3311 985 3390 didicerunt,
1011 3310 1093 3375 mihi
1117 3312 1168 3376 vel
1199 3312 1352 3377 novitatis

251 3413 405 3492 studium,
428 3435 465 3478 ao
486 3415 569 3478 forte
591 3414 689 3477 etiam
712 3413 924 3477 absurdarum
950 3413 1186 3477 sententiarum
1213 3414 1351 3497 patroci-

251 3516 343 3579 nium
357 3516 566 3599 imputabunt
576 3541 585 3593 ς
608 3515 658 3578 vel
672 3534 690 3577 e
706 3515 866 3578 contrario
884 3514 923 3595 (si
944 3514 1029 3578 forte
1050 3514 1165 3597 praxin
1186 3515 1273 3579 hanc
1295 3535 1349 3579 ex·

250 3618 343 3700 perti,
355 3616 556 3681 commodam
570 3616 659 3680 illam
674 3637 743 3680 esse
754 3622 938 3699 certamque
950 3618 1187 3700 compererint)
1201 3638 1254 3682 me
1269 3618 1351 3681 nibil

253 3739 319 3783 non
333 3718 465 3802 vulgare
481 3718 604 3802 sibique
623 3718 700 3780 satis
723 3722 819 3781 antea
840 3718 1008 3800 cognitum
1029 3719 1199 3801 protulisse
1215 3720 1351 3783 affirma·

252 3818 353 3897 bunt3
376 3820 465 3883 haud
482 3826 593 3884 tamen
612 3818 766 3883 deterreri
788 3839 841 3882 me
862 3840 975 3903 passus
997 3842 1080 3899 sum,
1097 3822 1285 3903 quominus
1300 3821 1350 3884 in-

253 3922 366 4004 genuis
380 3921 575 4000 hominibus,
586 3928 619 3985 et
630 3920 697 3984 veri
712 3920 809 3984 simul
824 3941 861 3984 ac
875 3921 1011 3985 humani
1025 3922 1152 4004 generis
1167 3922 1351 3987 amantibus

251 4022 345 4087 hasce
359 4023 494 4107 paginas
509 4023 788 4087 communicarem.
836 4022 914 4086 Mea
933 4023 1022 4086 enim
1040 4022 1164 4087 indoles
1184 4030 1281 4106 atque
1299 4024 1350 4086 in·

251 4124 384 4205 genium
399 4122 480 4187 illud
494 4130 553 4202 est,
568 4131 606 4187 ut
622 4123 700 4206 qnid
714 4122 822 4186 nasuti
837 4122 892 4187 isti
907 4131 1004 4207 atque
1024 4123 1159 4186 fastuosi
1174 4122 1284 4186 dicant
1298 4124 1349 4185 vel

252 4226 405 4301 sentiant,
418 4245 532 4308 parum
547 4224 722 4288 admodum
737 4225 798 4288 sim
813 4224 978 4288 sollicitus.
1018 4222 1226 4304 Sapientibus
1241 4228 1351 4286 autem

252 4332 284 4389 et
305 4324 415 4408 probis
437 4325 498 4389 hoc
520 4324 644 4388 dictum
666 4325 747 4403 volo,
762 4344 815 4387 me
834 4324 965 4408 quidem
987 4324 1070 4387 nihil
1089 4321 1222 4385 omnino
1245 4322 1351 4405 quoad

251 4446 359 4489 rerum
379 4430 476 4507 atque
496 4425 789 4507 experimentorum
809 4426 979 4488 veritatem
1002 4422 1192 4505 imposuisse
1201 4447 1212 4500 3
1242 4424 1352 4487 omnia

252 4524 388 4589 candide
415 4531 512 4607 atque
537 4525 678 4606 ingenue
704 4526 877 4588 elocutum.
933 4525 1051 4605 Neque
1076 4542 1151 4586 vero
1180 4523 1352 4607 quicquam

252 4625 367 4691 dubito
389 4624 469 4707 quin
491 4625 562 4708 ipsi,
582 4624 754 4707 aliquando
777 4624 954 4705 periculum
977 4622 1141 4702 facientes,
1157 4645 1231 4689 suos
1253 4624 1352 4687 etiam

253 4728 392 4792 calculos
413 4726 490 4790 huic
516 4724 668 4789 methodo
690 4724 848 4805 adjecturi
870 4725 945 4789 sint.
992 4725 1140 4803 Interim,
1161 4726 1189 4788 si
1214 4724 1291 4807 quid
1317 4725 1353 4787 in

650 4844 656 4877 ¹
670 4844 752 4908 probi]
762 4850 843 4905 probor
854 4851 890 4899 ed.
902 4851 949 4900 '66.
