3825 5759
517 649 578 710 178
825 645 1019 708 ΤΗΟΜΑΕ
1044 645 1300 708 SYDENHAM

372 817 490 866 Drusus
516 805 624 888 guinis
646 805 801 882 aemulus,
822 813 893 870 tum
914 804 1042 888 insigne
1064 805 1143 868 illud
1163 806 1249 889 quod
1269 813 1343 890 post
1365 806 1508 888 singulas
1530 805 1614 866 vices

363 881 501 996 Αῆξξξῖξῗ
516 908 619 990 magis
639 929 676 971 ac
699 908 802 991 magis
824 915 956 972 anctum
983 908 1143 972 sentiebat
1166 908 1322 985 levamen,
1346 908 1427 970 mihi
1452 907 1616 971 addebant

363 1015 503 1026 *⁸*
517 1011 640 1074 animos
649 1036 659 1088 3
685 1011 777 1094 cujus
799 1031 858 1093 ope
881 1011 1014 1074 tandem
1035 1011 1204 1094 pristinam
1227 1011 1400 1074 sanitatem
1418 1016 1619 1092 consequuta

517 1119 575 1176 est.

566 1213 648 1298 [21.]
676 1213 873 1298 Antequam!¹
890 1215 1011 1294 finiam,
1026 1214 1088 1278 boc
1110 1222 1160 1278 est
1177 1214 1369 1292 notandum,
1385 1213 1471 1298 quod
1486 1212 1619 1276 tametsi

516 1316 552 1379 in
566 1317 617 1379 his
633 1317 726 1380 aunis
738 1317 854 1401 quibus
869 1317 1082 1401 Dysenteriae
1097 1317 1177 1380 adeo
1187 1317 1368 1399 epidemice
1384 1323 1617 1399 grassarentur,

517 1421 740 1485 evacuationes
777 1422 865 1505 prius
899 1429 1095 1486 memoratae
1127 1443 1257 1505 prorsus
1290 1421 1487 1484 necessariae
1523 1427 1618 1483 erant

363 1537 485 1612 nysente«
518 1531 692 1608 antequam
718 1525 759 1588 ad
781 1547 878 1588 usum
900 1525 1033 1588 laudaui
1056 1525 1230 1587 deventum
1253 1523 1385 1601 fuisset,
1415 1529 1561 1586 attamen
1582 1522 1619 1583 in

362 1617 490 1714 {¹332ssss
519 1627 750 1692 constitutione
774 1629 884 1712 quavis
909 1628 987 1691 huic
1011 1627 1125 1691 morbo
1149 1626 1257 1690 minus
1282 1626 1414 1703 faventi,
1440 1627 1522 1690 istae
1543 1631 1618 1687 tuto

361 1731 490 1841 fidamus·
519 1731 626 1794 omitti
640 1731 774 1814 possint,
789 1752 827 1794 ac
842 1731 966 1794 curatio
980 1728 1247 1813 compendiosiori
1260 1729 1321 1808 via,
1338 1729 1405 1792 solo
1424 1747 1541 1810 nempe
1555 1748 1619 1788 usu

365 1810 506 1906 1115111ζὲ11
518 1833 660 1910 laudaui,
680 1833 809 1910 absolvi,
830 1854 868 1896 eo
890 1854 987 1915 quem
1011 1832 1235 1916 descripsimus
1256 1831 1363 1896 modo.
1407 1831 1517 1913 Atque
1538 1828 1619 1892 baec

365 1923 478 1973 md*
519 1934 559 1998 de
575 1934 775 2018 Dysenteriis
790 1934 876 2000 dicta
891 1941 998 1999 sunto.

970 2163 1066 2226 CAP.
1090 2162 1167 2226 111.ὶῐ

614 2321 721 2385 seua
739 2323 890 2384 Continuo
899 2325 1016 2403 parim
1028 2325 1102 2384 anni
1118 2324 1212 2400 1669,
1228 2330 1320 2406 atque
1334 2325 1522 2407 inteprorum

909 2423 1004 2502 1670,
1027 2425 1233 2503 1671‚1672.

564 2561 613 2624 Eo
630 2560 700 2644 ipso
714 2567 858 2638 tempore
874 2580 938 2642 quo
953 2559 1112 2624 saeviebat
1127 2561 1330 2644 Dysenteria,
1346 2569 1380 2624 et
1395 2559 1505 2624 Febris
1520 2580 1617 2641 quae-

523 2662 607 2740 dam,
624 2662 671 2725 illi
694 2662 857 2725 simillima
875 2681 957 2745 quae
977 2662 1185 2746 dysentericis
1209 2663 1351 2727 accidere
1366 2683 1459 2746 saepe
1483 2662 1617 2740 solebat,

519 2787 586 2829 una
600 2772 711 2829 exorta
725 2770 784 2842 est,
801 2785 882 2848 quae
898 2764 1028 2848 quidem
1043 2786 1110 2828 non
1129 2785 1182 2828 eos
1197 2772 1327 2828 tantum
1342 2786 1421 2848 quos
1432 2766 1501 2848 jam
1517 2765 1619 2827 sauci·

520 2874 627 2932 averat
642 2868 844 2951 Dysenteria,
857 2867 913 2930 sed
928 2867 969 2930 ab
980 2867 1036 2930 illa
1046 2888 1175 2950 prorsus
1186 2867 1347 2930 immunes
1361 2867 1435 2948 (nisi
1446 2866 1532 2949 quod
1543 2865 1619 2929 sub-

518 2971 604 3046 inde,
620 2977 654 3034 at
669 2992 751 3049 raro,
767 2970 908 3034 tormina
921 2970 1011 3032 haud
1026 2969 1156 3052 quidem
1175 2970 1304 3048 atrocia,
1320 2990 1408 3033 nunc
1423 2991 1499 3033 cum
1513 2969 1617 3052 dejec-

518 3073 672 3150 tionibus,
690 3093 779 3136 nunc
801 3073 870 3136 sine
892 3073 966 3151 illis,
987 3079 1176 3155 paterentur
1194 3074 1304 3154 aegri)
1326 3071 1447 3156 pariter
1468 3073 1618 3135 incessit:

520 3175 646 3239 easdem
673 3175 759 3238 enim
788 3175 909 3258 ubique
933 3173 1112 3261 προφάσεις
1138 3177 1207 3257 (seu
1232 3197 1343 3239 causas
1368 3175 1555 3238 manifestas
1585 3182 1620 3238 et

520 3277 732 3359 apparentes)
750 3275 864 3339 habuit
880 3297 959 3358 quas
974 3277 1158 3360 dysenteria
1165 3303 1175 3356 3
1198 3277 1311 3341 eadem
1325 3277 1424 3340 etiam
1438 3297 1496 3360 per
1510 3276 1620 3340 omnia

521 3384 747 3461 symptomata,
764 3398 844 3460 quae
867 3377 1140 3462 dysentericorum
1154 3379 1278 3443 febrem
1293 3378 1532 3442 comitabantur
1540 3404 1549 3455 3
1572 3379 1620 3441 ita

519 3487 567 3558 ut,
580 3479 607 3542 si
622 3479 844 3542 evacuationes
859 3500 915 3562 per
930 3479 1038 3542 alvum
1049 3481 1232 3564 dysenteria
1241 3481 1459 3544 laborantium
1470 3479 1618 3562 excipias,

520 3587 553 3644 et
563 3599 645 3663 quae
656 3579 696 3643 ab
708 3579 778 3643 istis
789 3581 968 3644 necessario
978 3581 1164 3664 pendebant
1175 3590 1401 3667 symptomata,
1413 3583 1500 3646 dicta
1508 3581 1619 3645 Febris

521 3683 667 3766 ejusdem
681 3703 811 3765 prorsus
830 3691 966 3746 naturae
985 3704 1060 3747 cum
1078 3684 1155 3767 ipsis
1173 3686 1363 3766 dysenteriis
1382 3686 1562 3749 videretur:
1585 3693 1620 3747 et

521 3783 671 3869 deinceps
693 3805 751 3867 per
771 3784 869 3868 hujus
893 3785 1142 3850 Constitutionis
1165 3787 1336 3850 decursum
1357 3809 1488 3851 omnem
1509 3807 1620 3869 parem

521 3907 596 3951 curn
606 3887 671 3950 illis
691 3885 790 3950 subiit
805 3894 1059 3971 symptomatum
1079 3889 1295 3972 quorumlibet
1310 3890 1543 3967 alterationem,
1559 3889 1619 3952 eis·

521 3988 595 4054 dem
611 3989 731 4054 scilicet
752 3989 951 4070 differentiis,
969 3991 1075 4074 quoad
1093 3999 1317 4076 augmentum,-
1332 3999 1455 4056 statum
1474 4000 1508 4055 et
1523 3990 1620 4054 decli-

520 4089 697 4172 nationem,
714 4085 838 4172 affecta,
855 4093 972 4177 quibus
988 4095 1210 4160 afficiebantur
1223 4095 1260 4156 in
1275 4116 1392 4177 genere
1407 4095 1619 4179 dysenteriae.

522 4198 614 4262 Haec
628 4198 738 4280 itaque
752 4197 861 4260 Febris
874 4198 1079 4277 Dyserrtctica
1093 4197 1174 4259 mihi
1189 4197 1350 4260 audiebat.

388 4328 401 4359 e
440 4329 452 4360 s
571 4301 632 4383 [a]
661 4299 845 4363 Memorato
859 4298 970 4363 Febris
985 4319 1221 4380 nonnunquam
1236 4298 1454 4382 (utidictum,)
1468 4319 1543 4362 cum
1558 4299 1621 4361 alvi

454 4403 464 4414 '
520 4401 725 4481 torminibus,
750 4402 806 4466 sed
834 4401 1026 4480 mitioribus,
1052 4401 1303 4484 ingrediebatur,
1331 4401 1501 4485 (prioribus
1526 4400 1621 4464 annis

424 4521 456 4552 Π·
522 4525 671 4568 maxume
686 4503 802 4587 quibus
816 4503 955 4586 invasit)
970 4505 1021 4568 vel
1034 4504 1098 4567 ista
1108 4503 1149 4568 ad
1161 4525 1232 4567 eam
1247 4512 1319 4588 post
1335 4504 1540 4580 accedebant,
1553 4524 1621 4565 sae-

521 4607 593 4690 pius
608 4627 682 4670 vero
697 4607 787 4670 nulla
802 4613 904 4671 erant.
952 4606 1102 4685 Sudores,
1118 4607 1174 4690 qui
1192 4606 1229 4670 in
1248 4606 1351 4672 Febre
1370 4607 1622 4671 constitutionis

551 4757 558 4796 J
576 4758 768 4822 Antea—modo]
783 4776 830 4808 oin
844 4762 879 4810 ed
893 4763 940 4812 ’76
1124 4758 1131 4790 ¹
1144 4767 1221 4822 partis
1232 4766 1288 4810 aaut
1299 4760 1353 4826 1-1]
1366 4761 1434 4823 trajan
1447 4763 1623 4809 constitutionis

552 4827 563 4861 ¹¹
582 4825 658 4874 Deest
668 4825 713 4873 boc
724 4839 776 4887 cap.
789 4825 815 4873 in
826 4825 878 4873 cdd
891 4827 939 4883 ue,
953 4825 999 4872 '68.
1092 4825 1128 4875 ed.
1142 4826 1189 4876 ⁹76.
