<?xml version="1.0" encoding="UTF-8"?>
<!DOCTYPE html PUBLIC "-//W3C//DTD XHTML 1.0 Transitional//EN"
    "http://www.w3.org/TR/xhtml1/DTD/xhtml1-transitional.dtd">
<html xmlns="http://www.w3.org/1999/xhtml" xml:lang="en" lang="en">
 <head>
  <title>
</title>
<meta http-equiv="Content-Type" content="text/html;charset=utf-8" />
  <meta name='ocr-system' content='tesseract 3.04.00' />
  <meta name='ocr-capabilities' content='ocr_page ocr_carea ocr_par ocr_line ocrx_word'/>
</head>
<body>
  <div class='ocr_page' id='page_1' title='image "./thomaesydenhamm00greegoog_0300.png"; bbox 0 0 3825 5759; ppageno 0'>
   <div class='ocr_carea' id='block_1_1' title="bbox 499 599 1288 666">
    <p class='ocr_par' dir='ltr' id='par_1_1' title="bbox 499 599 1288 666">
     <span class='ocr_line' id='line_1_1' title="bbox 499 599 1288 666; baseline 0 -3"><span class='ocrx_word' id='word_1_1' title='bbox 499 600 564 664; x_wconf 82' lang='lat'>268</span> <span class='ocrx_word' id='word_1_2' title='bbox 812 599 1006 664; x_wconf 83' lang='grc' dir='ltr'><strong>ΤΗΟΜΑΕ</strong></span> <span class='ocrx_word' id='word_1_3' title='bbox 1029 599 1288 666; x_wconf 83' lang='lat' dir='ltr'>SYDENHAM</span> 
     </span>
    </p>
   </div>
   <div class='ocr_carea' id='block_1_2' title="bbox 342 759 1604 3213">
    <p class='ocr_par' dir='ltr' id='par_1_2' title="bbox 342 759 1604 3213">
     <span class='ocr_line' id='line_1_2' title="bbox 358 759 1604 846; baseline 0 -20"><span class='ocrx_word' id='word_1_4' title='bbox 358 779 477 827; x_wconf 65' lang='lat' dir='ltr'>Araris.</span> <span class='ocrx_word' id='word_1_5' title='bbox 500 762 639 846; x_wconf 88' lang='lat' dir='ltr'>impetus</span> <span class='ocrx_word' id='word_1_6' title='bbox 661 761 724 826; x_wconf 88' lang='lat' dir='ltr'>alio</span> <span class='ocrx_word' id='word_1_7' title='bbox 743 768 896 826; x_wconf 88' lang='lat' dir='ltr'>vertatur.</span> <span class='ocrx_word' id='word_1_8' title='bbox 942 763 992 826; x_wconf 83' lang='lat' dir='ltr'>Ea</span> <span class='ocrx_word' id='word_1_9' title='bbox 1013 768 1144 846; x_wconf 91' lang='lat' dir='ltr'>propter</span> <span class='ocrx_word' id='word_1_10' title='bbox 1159 762 1345 846; x_wconf 78' lang='lat' dir='ltr'>frequenter</span> <span class='ocrx_word' id='word_1_11' title='bbox 1364 759 1490 826; x_wconf 90' lang='lat' dir='ltr'>brachii</span> <span class='ocrx_word' id='word_1_12' title='bbox 1503 782 1604 826; x_wconf 82' lang='lat' dir='ltr'>renas</span> 
     </span>
     <span class='ocr_line' id='line_1_3' title="bbox 347 851 1603 948; baseline 0.002 -20"><span class='ocrx_word' id='word_1_13' title='bbox 347 851 487 859; x_wconf 48' lang='lat'>”—</span> <span class='ocrx_word' id='word_1_14' title='bbox 499 864 613 942; x_wconf 89' lang='lat' dir='ltr'>tundo,</span> <span class='ocrx_word' id='word_1_15' title='bbox 634 871 667 928; x_wconf 91' lang='lat' dir='ltr'>et</span> <span class='ocrx_word' id='word_1_16' title='bbox 691 865 883 947; x_wconf 86' lang='lat' dir='ltr'>sauguinem</span> <span class='ocrx_word' id='word_1_17' title='bbox 904 864 1079 930; x_wconf 75' lang='lat' dir='ltr'>liberaliter</span> <span class='ocrx_word' id='word_1_18' title='bbox 1099 865 1243 944; x_wconf 82' lang='lat' dir='ltr'>extraho,</span> <span class='ocrx_word' id='word_1_19' title='bbox 1260 864 1504 948; x_wconf 88' lang='lat' dir='ltr'>pleuritieorum</span> <span class='ocrx_word' id='word_1_20' title='bbox 1526 887 1603 931; x_wconf 86' lang='lat' dir='ltr'>san·</span> 
     </span>
     <span class='ocr_line' id='line_1_4' title="bbox 500 967 1603 1052; baseline 0 -20"><span class='ocrx_word' id='word_1_21' title='bbox 500 967 592 1052; x_wconf 83' lang='lat' dir='ltr'>guini</span> <span class='ocrx_word' id='word_1_22' title='bbox 615 968 720 1034; x_wconf 89' lang='lat' dir='ltr'>colore</span> <span class='ocrx_word' id='word_1_23' title='bbox 739 989 864 1052; x_wconf 80' lang='lat' dir='ltr'>semper</span> <span class='ocrx_word' id='word_1_24' title='bbox 885 968 1144 1052; x_wconf 80' lang='lat' dir='ltr'>respondentem.</span> <span class='ocrx_word' id='word_1_25' title='bbox 1189 969 1304 1034; x_wconf 90' lang='lat' dir='ltr'>Victus</span> <span class='ocrx_word' id='word_1_26' title='bbox 1325 968 1486 1034; x_wconf 89' lang='lat' dir='ltr'>rationem</span> <span class='ocrx_word' id='word_1_27' title='bbox 1507 969 1603 1032; x_wconf 83' lang='lat' dir='ltr'>nefri-</span> 
     </span>
     <span class='ocr_line' id='line_1_5' title="bbox 500 1071 1603 1156; baseline 0.002 -21"><span class='ocrx_word' id='word_1_28' title='bbox 500 1077 668 1154; x_wconf 86' lang='lat' dir='ltr'>gerantem</span> <span class='ocrx_word' id='word_1_29' title='bbox 695 1079 792 1154; x_wconf 92' lang='lat' dir='ltr'>atque</span> <span class='ocrx_word' id='word_1_30' title='bbox 814 1071 1047 1136; x_wconf 72' lang='lat' dir='ltr'>incrassantem</span> <span class='ocrx_word' id='word_1_31' title='bbox 1072 1071 1229 1156; x_wconf 78' lang='lat' dir='ltr'>injung03</span> <span class='ocrx_word' id='word_1_32' title='bbox 1251 1079 1290 1136; x_wconf 91' lang='lat' dir='ltr'>ut</span> <span class='ocrx_word' id='word_1_33' title='bbox 1316 1092 1418 1154; x_wconf 89' lang='lat' dir='ltr'>aquae</span> <span class='ocrx_word' id='word_1_34' title='bbox 1445 1073 1603 1138; x_wconf 83' lang='lat' dir='ltr'>fontanae</span> 
     </span>
     <span class='ocr_line' id='line_1_6' title="bbox 499 1175 1601 1258; baseline 0.001 -20"><span class='ocrx_word' id='word_1_35' title='bbox 499 1181 606 1258; x_wconf 84' lang='lat' dir='ltr'>partes</span> <span class='ocrx_word' id='word_1_36' title='bbox 628 1181 703 1254; x_wconf 89' lang='lat' dir='ltr'>tres,</span> <span class='ocrx_word' id='word_1_37' title='bbox 723 1175 815 1239; x_wconf 88' lang='lat' dir='ltr'>lactis</span> <span class='ocrx_word' id='word_1_38' title='bbox 835 1196 945 1253; x_wconf 85' lang='lat' dir='ltr'>uuam,</span> <span class='ocrx_word' id='word_1_39' title='bbox 960 1175 1058 1239; x_wconf 88' lang='lat' dir='ltr'>simul</span> <span class='ocrx_word' id='word_1_40' title='bbox 1076 1183 1193 1253; x_wconf 90' lang='lat' dir='ltr'>coctas,</span> <span class='ocrx_word' id='word_1_41' title='bbox 1208 1184 1242 1240; x_wconf 93' lang='lat' dir='ltr'>et</span> <span class='ocrx_word' id='word_1_42' title='bbox 1259 1175 1375 1258; x_wconf 78' lang='lat' dir='ltr'>frigide</span> <span class='ocrx_word' id='word_1_43' title='bbox 1395 1175 1601 1254; x_wconf 89' lang='lat' dir='ltr'>hauriendas,</span> 
     </span>
     <span class='ocr_line' id='line_1_7' title="bbox 498 1277 1602 1361; baseline 0 -19"><span class='ocrx_word' id='word_1_44' title='bbox 498 1299 595 1360; x_wconf 89' lang='lat' dir='ltr'>poma</span> <span class='ocrx_word' id='word_1_45' title='bbox 613 1284 712 1355; x_wconf 89' lang='lat' dir='ltr'>cocta,</span> <span class='ocrx_word' id='word_1_46' title='bbox 725 1277 853 1361; x_wconf 91' lang='lat' dir='ltr'>juscula</span> <span class='ocrx_word' id='word_1_47' title='bbox 873 1277 1059 1356; x_wconf 88' lang='lat' dir='ltr'>hordeaceo,</span> <span class='ocrx_word' id='word_1_48' title='bbox 1075 1285 1109 1342; x_wconf 88' lang='lat' dir='ltr'>et</span> <span class='ocrx_word' id='word_1_49' title='bbox 1130 1278 1249 1343; x_wconf 88' lang='lat' dir='ltr'>similia</span> <span class='ocrx_word' id='word_1_50' title='bbox 1271 1300 1292 1342; x_wconf 96' lang='lat' dir='ltr'>a</span> <span class='ocrx_word' id='word_1_51' title='bbox 1309 1277 1460 1342; x_wconf 88' lang='lat' dir='ltr'>carnibus</span> <span class='ocrx_word' id='word_1_52' title='bbox 1483 1277 1602 1344; x_wconf 88' lang='lat' dir='ltr'>abhor-</span> 
     </span>
     <span class='ocr_line' id='line_1_8' title="bbox 498 1380 1603 1464; baseline 0 -20"><span class='ocrx_word' id='word_1_53' title='bbox 498 1381 604 1444; x_wconf 90' lang='lat' dir='ltr'>rentia</span> <span class='ocrx_word' id='word_1_54' title='bbox 612 1406 622 1458; x_wconf 68' lang='grc' dir='ltr'><strong><em>ς</em></strong></span> <span class='ocrx_word' id='word_1_55' title='bbox 643 1380 767 1464; x_wconf 82' lang='lat' dir='ltr'>julapia</span> <span class='ocrx_word' id='word_1_56' title='bbox 786 1380 918 1463; x_wconf 91' lang='lat' dir='ltr'>insuper</span> <span class='ocrx_word' id='word_1_57' title='bbox 934 1380 1160 1464; x_wconf 81' lang='lat' dir='ltr'>refrigerantia</span> <span class='ocrx_word' id='word_1_58' title='bbox 1178 1387 1275 1464; x_wconf 89' lang='lat' dir='ltr'>atquc</span> <span class='ocrx_word' id='word_1_59' title='bbox 1295 1380 1516 1459; x_wconf 82' lang='lat' dir='ltr'>increscentia,</span> <span class='ocrx_word' id='word_1_60' title='bbox 1531 1402 1603 1445; x_wconf 89' lang='lat' dir='ltr'>una</span> 
     </span>
     <span class='ocr_line' id='line_1_9' title="bbox 498 1483 1600 1570; baseline 0.001 -22"><span class='ocrx_word' id='word_1_61' title='bbox 498 1504 572 1548; x_wconf 90' lang='lat' dir='ltr'>cum</span> <span class='ocrx_word' id='word_1_62' title='bbox 594 1483 826 1548; x_wconf 90' lang='lat' dir='ltr'>emulsionibus</span> <span class='ocrx_word' id='word_1_63' title='bbox 841 1483 877 1546; x_wconf 90' lang='lat' dir='ltr'>in</span> <span class='ocrx_word' id='word_1_64' title='bbox 891 1483 1011 1548; x_wconf 78' lang='lat' dir='ltr'>morbis</span> <span class='ocrx_word' id='word_1_65' title='bbox 1033 1483 1289 1548; x_wconf 88' lang='lat' dir='ltr'>inflammatoriis</span> <span class='ocrx_word' id='word_1_66' title='bbox 1307 1506 1405 1568; x_wconf 88' lang='lat' dir='ltr'>supra</span> <span class='ocrx_word' id='word_1_67' title='bbox 1420 1484 1600 1570; x_wconf 72' lang='lat' dir='ltr'>descriptis.</span> 
     </span>
     <span class='ocr_line' id='line_1_10' title="bbox 498 1586 1599 1670; baseline 0 -18"><span class='ocrx_word' id='word_1_68' title='bbox 498 1587 633 1652; x_wconf 83' lang='lat' dir='ltr'>Lectulo</span> <span class='ocrx_word' id='word_1_69' title='bbox 647 1588 727 1652; x_wconf 91' lang='lat' dir='ltr'>item</span> <span class='ocrx_word' id='word_1_70' title='bbox 736 1595 774 1651; x_wconf 92' lang='lat' dir='ltr'>ut</span> <span class='ocrx_word' id='word_1_71' title='bbox 789 1586 923 1652; x_wconf 86' lang='lat' dir='ltr'>absistat</span> <span class='ocrx_word' id='word_1_72' title='bbox 938 1608 996 1670; x_wconf 92' lang='lat' dir='ltr'>per</span> <span class='ocrx_word' id='word_1_73' title='bbox 1010 1587 1140 1670; x_wconf 83' lang='lat' dir='ltr'>aliquod</span> <span class='ocrx_word' id='word_1_74' title='bbox 1151 1587 1292 1670; x_wconf 88' lang='lat' dir='ltr'>spatium</span> <span class='ocrx_word' id='word_1_75' title='bbox 1303 1587 1447 1670; x_wconf 82' lang='lat' dir='ltr'>quotidie</span> <span class='ocrx_word' id='word_1_76' title='bbox 1461 1609 1599 1666; x_wconf 86' lang='lat' dir='ltr'>moneo;</span> 
     </span>
     <span class='ocr_line' id='line_1_11' title="bbox 498 1689 1600 1774; baseline 0.001 -20"><span class='ocrx_word' id='word_1_77' title='bbox 498 1698 570 1754; x_wconf 90' lang='lat' dir='ltr'>tum</span> <span class='ocrx_word' id='word_1_78' title='bbox 590 1696 627 1754; x_wconf 93' lang='lat' dir='ltr'>ut</span> <span class='ocrx_word' id='word_1_79' title='bbox 646 1691 738 1754; x_wconf 90' lang='lat' dir='ltr'>nullo</span> <span class='ocrx_word' id='word_1_80' title='bbox 759 1711 827 1755; x_wconf 91' lang='lat' dir='ltr'>non</span> <span class='ocrx_word' id='word_1_81' title='bbox 849 1689 901 1754; x_wconf 88' lang='lat' dir='ltr'>die</span> <span class='ocrx_word' id='word_1_82' title='bbox 923 1689 1088 1774; x_wconf 84' lang='lat' dir='ltr'>injiciatur</span> <span class='ocrx_word' id='word_1_83' title='bbox 1113 1711 1228 1755; x_wconf 91' lang='lat' dir='ltr'>enema</span> <span class='ocrx_word' id='word_1_84' title='bbox 1246 1689 1371 1755; x_wconf 89' lang='lat' dir='ltr'>leniens</span> <span class='ocrx_word' id='word_1_85' title='bbox 1390 1690 1600 1774; x_wconf 72' lang='lat' dir='ltr'>reffigenns-</span> 
     </span>
     <span class='ocr_line' id='line_1_12' title="bbox 498 1792 1600 1878; baseline 0.001 -21"><span class='ocrx_word' id='word_1_86' title='bbox 498 1815 570 1877; x_wconf 89' lang='lat' dir='ltr'>que,</span> <span class='ocrx_word' id='word_1_87' title='bbox 582 1815 642 1858; x_wconf 90' lang='lat' dir='ltr'>nec</span> <span class='ocrx_word' id='word_1_88' title='bbox 656 1794 705 1858; x_wconf 90' lang='lat' dir='ltr'>vel</span> <span class='ocrx_word' id='word_1_89' title='bbox 721 1793 819 1858; x_wconf 89' lang='lat' dir='ltr'>semel</span> <span class='ocrx_word' id='word_1_90' title='bbox 835 1792 966 1876; x_wconf 92' lang='lat' dir='ltr'>quidem</span> <span class='ocrx_word' id='word_1_91' title='bbox 980 1793 1151 1858; x_wconf 88' lang='lat' dir='ltr'>omittatur</span> <span class='ocrx_word' id='word_1_92' title='bbox 1158 1819 1169 1871; x_wconf 77' lang='lat'>3</span> <span class='ocrx_word' id='word_1_93' title='bbox 1191 1793 1310 1858; x_wconf 86' lang='lat' dir='ltr'>haustu</span> <span class='ocrx_word' id='word_1_94' title='bbox 1325 1793 1504 1878; x_wconf 75' lang='lat' dir='ltr'>quinetiam</span> <span class='ocrx_word' id='word_1_95' title='bbox 1517 1795 1600 1858; x_wconf 86' lang='lat' dir='ltr'>hora</span> 
     </span>
     <span class='ocr_line' id='line_1_13' title="bbox 497 1895 1600 1980; baseline 0.002 -20"><span class='ocrx_word' id='word_1_96' title='bbox 497 1897 602 1960; x_wconf 89' lang='lat' dir='ltr'>somni</span> <span class='ocrx_word' id='word_1_97' title='bbox 616 1896 800 1979; x_wconf 83' lang='lat' dir='ltr'>paregorico</span> <span class='ocrx_word' id='word_1_98' title='bbox 814 1916 833 1958; x_wconf 90' lang='lat' dir='ltr'>e</span> <span class='ocrx_word' id='word_1_99' title='bbox 847 1895 1002 1973; x_wconf 88' lang='lat' dir='ltr'>diacodio,</span> <span class='ocrx_word' id='word_1_100' title='bbox 1013 1916 1074 1960; x_wconf 90' lang='lat' dir='ltr'>eeu</span> <span class='ocrx_word' id='word_1_101' title='bbox 1087 1902 1212 1974; x_wconf 87' lang='lat' dir='ltr'>catena,</span> <span class='ocrx_word' id='word_1_102' title='bbox 1227 1896 1420 1960; x_wconf 89' lang='lat' dir='ltr'>constrictus</span> <span class='ocrx_word' id='word_1_103' title='bbox 1431 1897 1600 1980; x_wconf 83' lang='lat' dir='ltr'>sanguinis</span> 
     </span>
     <span class='ocr_line' id='line_1_14' title="bbox 496 1997 1599 2083; baseline 0.005 -23"><span class='ocrx_word' id='word_1_104' title='bbox 496 1997 586 2062; x_wconf 85' lang='lat' dir='ltr'>furor</span> <span class='ocrx_word' id='word_1_105' title='bbox 596 2003 789 2062; x_wconf 70' lang='lat' dir='ltr'>coerceam.</span> <span class='ocrx_word' id='word_1_106' title='bbox 835 1999 881 2062; x_wconf 87' lang='lat' dir='ltr'>At</span> <span class='ocrx_word' id='word_1_107' title='bbox 895 2019 970 2062; x_wconf 85' lang='lat' dir='ltr'>vero</span> <span class='ocrx_word' id='word_1_108' title='bbox 985 2000 1114 2082; x_wconf 85' lang='lat' dir='ltr'>quaudo</span> <span class='ocrx_word' id='word_1_109' title='bbox 1127 1999 1315 2083; x_wconf 89' lang='lat' dir='ltr'>hujusmodi</span> <span class='ocrx_word' id='word_1_110' title='bbox 1327 1999 1599 2083; x_wconf 83' lang='lat' dir='ltr'>Haemorrhagias</span> 
     </span>
     <span class='ocr_line' id='line_1_15' title="bbox 498 2100 1600 2186; baseline 0.005 -24"><span class='ocrx_word' id='word_1_111' title='bbox 498 2120 565 2162; x_wconf 92' lang='lat' dir='ltr'>non</span> <span class='ocrx_word' id='word_1_112' title='bbox 587 2121 659 2164; x_wconf 90' lang='lat' dir='ltr'>raro</span> <span class='ocrx_word' id='word_1_113' title='bbox 682 2100 854 2164; x_wconf 90' lang='lat' dir='ltr'>comitetur</span> <span class='ocrx_word' id='word_1_114' title='bbox 874 2100 1008 2184; x_wconf 86' lang='lat' dir='ltr'>lympha</span> <span class='ocrx_word' id='word_1_115' title='bbox 1030 2101 1142 2180; x_wconf 88' lang='lat' dir='ltr'>acrior,</span> <span class='ocrx_word' id='word_1_116' title='bbox 1165 2121 1247 2184; x_wconf 90' lang='lat' dir='ltr'>quae</span> <span class='ocrx_word' id='word_1_117' title='bbox 1269 2102 1422 2184; x_wconf 86' lang='lat' dir='ltr'>sanguini</span> <span class='ocrx_word' id='word_1_118' title='bbox 1443 2103 1600 2186; x_wconf 88' lang='lat' dir='ltr'>permista</span> 
     </span>
     <span class='ocr_line' id='line_1_16' title="bbox 371 2201 1598 2293; baseline 0.004 -29"><span class='ocrx_word' id='word_1_119' title='bbox 371 2233 387 2293; x_wconf 65' lang='grc' dir='ltr'><strong>μ</strong></span> <span class='ocrx_word' id='word_1_120' title='bbox 414 2233 457 2264; x_wconf 83' lang='lat' dir='ltr'>n.</span> <span class='ocrx_word' id='word_1_121' title='bbox 499 2201 568 2284; x_wconf 87' lang='lat' dir='ltr'>ejus</span> <span class='ocrx_word' id='word_1_122' title='bbox 587 2208 714 2265; x_wconf 92' lang='lat' dir='ltr'>motum</span> <span class='ocrx_word' id='word_1_123' title='bbox 733 2203 873 2286; x_wconf 86' lang='lat' dir='ltr'>adjuvat,</span> <span class='ocrx_word' id='word_1_124' title='bbox 890 2223 1046 2269; x_wconf 83' lang='lat' dir='ltr'>venumm</span> <span class='ocrx_word' id='word_1_125' title='bbox 1059 2203 1182 2268; x_wconf 77' lang='lat' dir='ltr'>orificio</span> <span class='ocrx_word' id='word_1_126' title='bbox 1201 2203 1384 2283; x_wconf 83' lang='lat' dir='ltr'>reserando,</span> <span class='ocrx_word' id='word_1_127' title='bbox 1399 2211 1527 2289; x_wconf 90' lang='lat' dir='ltr'>praeter</span> <span class='ocrx_word' id='word_1_128' title='bbox 1546 2226 1598 2269; x_wconf 81' lang='lat' dir='ltr'>re·</span> 
     </span>
     <span class='ocr_line' id='line_1_17' title="bbox 345 2297 1598 2389; baseline 0.004 -22"><span class='ocrx_word' id='word_1_129' title='bbox 345 2297 395 2328; x_wconf 78' lang='lat'><strong>”¹¹¹¹</strong></span> <span class='ocrx_word' id='word_1_130' title='bbox 436 2299 462 2330; x_wconf 72' lang='lat'>⁸·</span> <span class='ocrx_word' id='word_1_131' title='bbox 498 2304 676 2368; x_wconf 88' lang='lat' dir='ltr'>vulsionem</span> <span class='ocrx_word' id='word_1_132' title='bbox 698 2311 731 2369; x_wconf 90' lang='lat' dir='ltr'>et</span> <span class='ocrx_word' id='word_1_133' title='bbox 751 2305 1038 2389; x_wconf 78' lang='lat' dir='ltr'>refrigerationem,</span> <span class='ocrx_word' id='word_1_134' title='bbox 1059 2307 1192 2371; x_wconf 86' lang='lat' dir='ltr'>solenne</span> <span class='ocrx_word' id='word_1_135' title='bbox 1208 2307 1290 2370; x_wconf 91' lang='lat' dir='ltr'>mihi</span> <span class='ocrx_word' id='word_1_136' title='bbox 1312 2313 1362 2371; x_wconf 91' lang='lat' dir='ltr'>est</span> <span class='ocrx_word' id='word_1_137' title='bbox 1383 2307 1598 2372; x_wconf 74' lang='lat' dir='ltr'>catharticum</span> 
     </span>
     <span class='ocr_line' id='line_1_18' title="bbox 342 2407 1597 2493; baseline 0.001 -20"><span class='ocrx_word' id='word_1_138' title='bbox 342 2427 380 2458; x_wconf 80' lang='lat'>¹¹¹⁸</span> <span class='ocrx_word' id='word_1_139' title='bbox 393 2428 399 2458; x_wconf 91' lang='lat'>¹</span> <span class='ocrx_word' id='word_1_140' title='bbox 412 2427 442 2459; x_wconf 67' lang='lat'>11⁶</span> <span class='ocrx_word' id='word_1_141' title='bbox 461 2439 471 2451; x_wconf 95' lang='lat'>·</span> <span class='ocrx_word' id='word_1_142' title='bbox 498 2407 649 2474; x_wconf 90' lang='lat' dir='ltr'>blandius</span> <span class='ocrx_word' id='word_1_143' title='bbox 663 2408 713 2472; x_wconf 87' lang='lat' dir='ltr'>vel</span> <span class='ocrx_word' id='word_1_144' title='bbox 727 2409 763 2472; x_wconf 87' lang='lat' dir='ltr'>in</span> <span class='ocrx_word' id='word_1_145' title='bbox 777 2409 877 2493; x_wconf 88' lang='lat' dir='ltr'>ipsius</span> <span class='ocrx_word' id='word_1_146' title='bbox 890 2407 997 2473; x_wconf 89' lang='lat' dir='ltr'>morbi</span> <span class='ocrx_word' id='word_1_147' title='bbox 1010 2407 1097 2492; x_wconf 72' lang='grc' dir='ltr'>ἀκμῇ</span> <span class='ocrx_word' id='word_1_148' title='bbox 1110 2409 1290 2492; x_wconf 87' lang='lat' dir='ltr'>propinare,</span> <span class='ocrx_word' id='word_1_149' title='bbox 1305 2410 1397 2493; x_wconf 90' lang='lat' dir='ltr'>cujus</span> <span class='ocrx_word' id='word_1_150' title='bbox 1410 2409 1597 2493; x_wconf 78' lang='lat' dir='ltr'>operatione</span> 
     </span>
     <span class='ocr_line' id='line_1_19' title="bbox 346 2492 1596 2596; baseline 0.002 -23"><span class='ocrx_word' id='word_1_151' title='bbox 346 2492 383 2523; x_wconf 66' lang='lat'>‘³⁶</span> <span class='ocrx_word' id='word_1_152' title='bbox 498 2510 600 2590; x_wconf 86' lang='lat' dir='ltr'>finita,</span> <span class='ocrx_word' id='word_1_153' title='bbox 617 2510 804 2596; x_wconf 82' lang='lat' dir='ltr'>anodynum</span> <span class='ocrx_word' id='word_1_154' title='bbox 819 2511 954 2577; x_wconf 83' lang='lat' dir='ltr'>exhibeo</span> <span class='ocrx_word' id='word_1_155' title='bbox 968 2518 1096 2596; x_wconf 88' lang='lat' dir='ltr'>praeter</span> <span class='ocrx_word' id='word_1_156' title='bbox 1110 2512 1243 2577; x_wconf 89' lang='lat' dir='ltr'>solitum</span> <span class='ocrx_word' id='word_1_157' title='bbox 1256 2511 1378 2576; x_wconf 89' lang='lat' dir='ltr'>viribus</span> <span class='ocrx_word' id='word_1_158' title='bbox 1389 2520 1521 2576; x_wconf 87' lang='lat' dir='ltr'>auctum</span> <span class='ocrx_word' id='word_1_159' title='bbox 1529 2537 1539 2590; x_wconf 91' lang='lat'>;</span> <span class='ocrx_word' id='word_1_160' title='bbox 1561 2520 1596 2576; x_wconf 92' lang='lat' dir='ltr'>et</span> 
     </span>
     <span class='ocr_line' id='line_1_20' title="bbox 497 2613 1572 2698; baseline 0.002 -20"><span class='ocrx_word' id='word_1_161' title='bbox 497 2613 555 2678; x_wconf 92' lang='lat' dir='ltr'>ubi</span> <span class='ocrx_word' id='word_1_162' title='bbox 569 2621 751 2698; x_wconf 81' lang='lat' dir='ltr'>symptoma</span> <span class='ocrx_word' id='word_1_163' title='bbox 764 2614 894 2698; x_wconf 90' lang='lat' dir='ltr'>penitus</span> <span class='ocrx_word' id='word_1_164' title='bbox 908 2615 1085 2694; x_wconf 79' lang='lat' dir='ltr'>evanuerit,</span> <span class='ocrx_word' id='word_1_165' title='bbox 1100 2615 1189 2679; x_wconf 89' lang='lat' dir='ltr'>aliud</span> <span class='ocrx_word' id='word_1_166' title='bbox 1204 2614 1335 2679; x_wconf 91' lang='lat' dir='ltr'>demum</span> <span class='ocrx_word' id='word_1_167' title='bbox 1349 2614 1572 2680; x_wconf 84' lang='lat' dir='ltr'>catharticum.</span> 
     </span>
     <span class='ocr_line' id='line_1_21' title="bbox 546 2716 1594 2809; baseline 0.002 -29"><span class='ocrx_word' id='word_1_168' title='bbox 546 2716 630 2800; x_wconf 66' lang='lat' dir='ltr'>[lh]t</span> <span class='ocrx_word' id='word_1_169' title='bbox 653 2717 769 2782; x_wconf 80' lang='lat' dir='ltr'>Quoad</span> <span class='ocrx_word' id='word_1_170' title='bbox 786 2726 934 2783; x_wconf 83' lang='lat' dir='ltr'>externas</span> <span class='ocrx_word' id='word_1_171' title='bbox 954 2717 1199 2802; x_wconf 87' lang='lat' dir='ltr'>applicationes:</span> <span class='ocrx_word' id='word_1_172' title='bbox 1222 2718 1324 2809; x_wconf 83' lang='lat' dir='ltr'>lintea</span> <span class='ocrx_word' id='word_1_173' title='bbox 1343 2717 1594 2802; x_wconf 86' lang='lat' dir='ltr'>quadruplicata,</span> 
     </span>
     <span class='ocr_line' id='line_1_22' title="bbox 496 2819 1595 2906; baseline 0.003 -23"><span class='ocrx_word' id='word_1_174' title='bbox 496 2819 647 2886; x_wconf 86' lang='lat' dir='ltr'>immersa</span> <span class='ocrx_word' id='word_1_175' title='bbox 666 2842 767 2906; x_wconf 86' lang='lat' dir='ltr'>aquae</span> <span class='ocrx_word' id='word_1_176' title='bbox 790 2821 926 2906; x_wconf 82' lang='lat' dir='ltr'>frigidae</span> <span class='ocrx_word' id='word_1_177' title='bbox 946 2822 981 2886; x_wconf 92' lang='lat' dir='ltr'>in</span> <span class='ocrx_word' id='word_1_178' title='bbox 1006 2841 1070 2904; x_wconf 91' lang='lat' dir='ltr'>qua</span> <span class='ocrx_word' id='word_1_179' title='bbox 1088 2821 1135 2884; x_wconf 89' lang='lat' dir='ltr'>sal</span> <span class='ocrx_word' id='word_1_180' title='bbox 1158 2822 1323 2904; x_wconf 90' lang='lat' dir='ltr'>prunellae</span> <span class='ocrx_word' id='word_1_181' title='bbox 1345 2821 1545 2899; x_wconf 82' lang='lat' dir='ltr'>dissolvatur,</span> <span class='ocrx_word' id='word_1_182' title='bbox 1560 2829 1595 2886; x_wconf 91' lang='lat' dir='ltr'>et</span> 
     </span>
     <span class='ocr_line' id='line_1_23' title="bbox 495 2924 1595 3008; baseline -0.001 -21"><span class='ocrx_word' id='word_1_183' title='bbox 495 2931 606 3008; x_wconf 88' lang='lat' dir='ltr'>postea</span> <span class='ocrx_word' id='word_1_184' title='bbox 620 2925 732 2988; x_wconf 82' lang='lat' dir='ltr'>leviter</span> <span class='ocrx_word' id='word_1_185' title='bbox 746 2945 904 3008; x_wconf 81' lang='lat' dir='ltr'>expressa,</span> <span class='ocrx_word' id='word_1_186' title='bbox 920 2924 1152 2988; x_wconf 83' lang='lat' dir='ltr'>admoveantur</span> <span class='ocrx_word' id='word_1_187' title='bbox 1166 2924 1292 2988; x_wconf 90' lang='lat' dir='ltr'>nuchae</span> <span class='ocrx_word' id='word_1_188' title='bbox 1306 2945 1344 2987; x_wconf 89' lang='lat' dir='ltr'>ac</span> <span class='ocrx_word' id='word_1_189' title='bbox 1361 2924 1513 3007; x_wconf 90' lang='lat' dir='ltr'>utrinque</span> <span class='ocrx_word' id='word_1_190' title='bbox 1526 2945 1595 2988; x_wconf 90' lang='lat' dir='ltr'>oer-</span> 
     </span>
     <span class='ocr_line' id='line_1_24' title="bbox 495 3025 1596 3110; baseline 0.002 -22"><span class='ocrx_word' id='word_1_191' title='bbox 495 3025 555 3090; x_wconf 92' lang='lat' dir='ltr'>vici</span> <span class='ocrx_word' id='word_1_192' title='bbox 570 3027 695 3110; x_wconf 84' lang='lat' dir='ltr'>saepius</span> <span class='ocrx_word' id='word_1_193' title='bbox 706 3027 742 3090; x_wconf 90' lang='lat' dir='ltr'>in</span> <span class='ocrx_word' id='word_1_194' title='bbox 757 3027 818 3091; x_wconf 89' lang='lat' dir='ltr'>die.</span> <span class='ocrx_word' id='word_1_195' title='bbox 853 3028 940 3092; x_wconf 88' lang='lat' dir='ltr'>Item</span> <span class='ocrx_word' id='word_1_196' title='bbox 954 3034 1027 3109; x_wconf 88' lang='lat' dir='ltr'>post</span> <span class='ocrx_word' id='word_1_197' title='bbox 1041 3027 1205 3090; x_wconf 88' lang='lat' dir='ltr'>universas</span> <span class='ocrx_word' id='word_1_198' title='bbox 1216 3026 1440 3092; x_wconf 83' lang='lat' dir='ltr'>evacuationes</span> <span class='ocrx_word' id='word_1_199' title='bbox 1450 3033 1596 3110; x_wconf 64' lang='lat' dir='ltr'>punctus</span> 
     </span>
     <span class='ocr_line' id='line_1_25' title="bbox 494 3128 1005 3213; baseline 0.008 -23"><span class='ocrx_word' id='word_1_200' title='bbox 494 3128 599 3210; x_wconf 91' lang='lat' dir='ltr'>liquor</span> <span class='ocrx_word' id='word_1_201' title='bbox 614 3149 749 3211; x_wconf 90' lang='lat' dir='ltr'>sequens</span> <span class='ocrx_word' id='word_1_202' title='bbox 765 3128 942 3213; x_wconf 86' lang='lat' dir='ltr'>applicetur</span> <span class='ocrx_word' id='word_1_203' title='bbox 952 3155 1005 3193; x_wconf 88' lang='lat'>:—</span> 
     </span>
    </p>
   </div>
   <div class='ocr_carea' id='block_1_3' title="bbox 497 3278 1595 3958">
    <p class='ocr_par' dir='ltr' id='par_1_3' title="bbox 497 3278 1038 3355">
     <span class='ocr_line' id='line_1_26' title="bbox 497 3278 1038 3355; baseline 0.007 -23"><span class='ocrx_word' id='word_1_204' title='bbox 497 3279 597 3349; x_wconf 82' lang='lat' dir='ltr'>[Form.</span> <span class='ocrx_word' id='word_1_205' title='bbox 611 3281 690 3350; x_wconf 73' lang='lat'>49.]⁰</span> <span class='ocrx_word' id='word_1_206' title='bbox 709 3278 738 3355; x_wconf 62' lang='lat' dir='ltr'>lb</span> <span class='ocrx_word' id='word_1_207' title='bbox 759 3281 864 3334; x_wconf 90' lang='lat' dir='ltr'>Vitrioli</span> <span class='ocrx_word' id='word_1_208' title='bbox 878 3283 1038 3352; x_wconf 80' lang='lat' dir='ltr'>Huugarici‚</span> 
     </span>
    </p>

    <p class='ocr_par' dir='ltr' id='par_1_4' title="bbox 758 3369 1189 3434">
     <span class='ocr_line' id='line_1_27' title="bbox 758 3369 1189 3434; baseline 0.012 -14"><span class='ocrx_word' id='word_1_209' title='bbox 758 3369 899 3432; x_wconf 83' lang='lat' dir='ltr'>Aluminis,</span> <span class='ocrx_word' id='word_1_210' title='bbox 912 3386 966 3422; x_wconf 89' lang='lat' dir='ltr'>aua</span> <span class='ocrx_word' id='word_1_211' title='bbox 976 3371 1085 3424; x_wconf 89' lang='lat' dir='ltr'>unciam</span> <span class='ocrx_word' id='word_1_212' title='bbox 1096 3388 1189 3434; x_wconf 86' lang='lat' dir='ltr'>unam,</span> 
     </span>
    </p>

    <p class='ocr_par' dir='ltr' id='par_1_5' title="bbox 632 3453 1595 3958">
     <span class='ocr_line' id='line_1_28' title="bbox 759 3453 1315 3525; baseline 0.005 -18"><span class='ocrx_word' id='word_1_213' title='bbox 759 3453 923 3525; x_wconf 83' lang='lat' dir='ltr'>Phlegmatis</span> <span class='ocrx_word' id='word_1_214' title='bbox 936 3455 1042 3510; x_wconf 83' lang='lat' dir='ltr'>Vitrioli</span> <span class='ocrx_word' id='word_1_215' title='bbox 1053 3458 1148 3511; x_wconf 87' lang='lat' dir='ltr'>libram</span> <span class='ocrx_word' id='word_1_216' title='bbox 1160 3457 1315 3519; x_wconf 71' lang='lat' dir='ltr'>dimidiam</span> 
     </span>
     <span class='ocr_line' id='line_1_29' title="bbox 633 3540 1595 3614; baseline 0.002 -20"><span class='ocrx_word' id='word_1_217' title='bbox 633 3542 726 3611; x_wconf 85' lang='lat' dir='ltr'>Coque</span> <span class='ocrx_word' id='word_1_218' title='bbox 738 3541 841 3595; x_wconf 82' lang='lat' dir='ltr'>tamdiu</span> <span class='ocrx_word' id='word_1_219' title='bbox 853 3540 937 3596; x_wconf 87' lang='lat' dir='ltr'>donec</span> <span class='ocrx_word' id='word_1_220' title='bbox 954 3545 1046 3598; x_wconf 90' lang='lat' dir='ltr'>omnia</span> <span class='ocrx_word' id='word_1_221' title='bbox 1059 3545 1157 3598; x_wconf 78' lang='lat' dir='ltr'>tuerint</span> <span class='ocrx_word' id='word_1_222' title='bbox 1170 3544 1315 3606; x_wconf 75' lang='lat' dir='ltr'>dissoluta3</span> <span class='ocrx_word' id='word_1_223' title='bbox 1331 3544 1461 3614; x_wconf 86' lang='lat' dir='ltr'>liquorem</span> <span class='ocrx_word' id='word_1_224' title='bbox 1473 3541 1595 3612; x_wconf 78' lang='lat' dir='ltr'>frigefac-</span> 
     </span>
     <span class='ocr_line' id='line_1_30' title="bbox 635 3627 1594 3700; baseline 0.002 -21"><span class='ocrx_word' id='word_1_225' title='bbox 635 3636 691 3680; x_wconf 87' lang='lat' dir='ltr'>tum</span> <span class='ocrx_word' id='word_1_226' title='bbox 709 3627 787 3691; x_wconf 84' lang='lat' dir='ltr'>filtra,</span> <span class='ocrx_word' id='word_1_227' title='bbox 806 3635 833 3680; x_wconf 85' lang='lat' dir='ltr'>et</span> <span class='ocrx_word' id='word_1_228' title='bbox 854 3646 870 3681; x_wconf 89' lang='lat' dir='ltr'>a</span> <span class='ocrx_word' id='word_1_229' title='bbox 887 3630 1016 3699; x_wconf 81' lang='lat' dir='ltr'>crystallis</span> <span class='ocrx_word' id='word_1_230' title='bbox 1032 3630 1145 3684; x_wconf 87' lang='lat' dir='ltr'>subinde</span> <span class='ocrx_word' id='word_1_231' title='bbox 1160 3632 1231 3684; x_wconf 83' lang='lat' dir='ltr'>catis</span> <span class='ocrx_word' id='word_1_232' title='bbox 1248 3647 1357 3700; x_wconf 85' lang='lat' dir='ltr'>separa;</span> <span class='ocrx_word' id='word_1_233' title='bbox 1379 3629 1474 3699; x_wconf 89' lang='lat' dir='ltr'>liquori</span> <span class='ocrx_word' id='word_1_234' title='bbox 1490 3627 1594 3682; x_wconf 74' lang='lat' dir='ltr'>reuduo</span> 
     </span>
     <span class='ocr_line' id='line_1_31' title="bbox 633 3712 1592 3787; baseline -0.001 -22"><span class='ocrx_word' id='word_1_235' title='bbox 633 3712 702 3766; x_wconf 86' lang='lat' dir='ltr'>adde</span> <span class='ocrx_word' id='word_1_236' title='bbox 715 3713 774 3766; x_wconf 81' lang='lat' dir='ltr'>olei</span> <span class='ocrx_word' id='word_1_237' title='bbox 787 3713 891 3767; x_wconf 90' lang='lat' dir='ltr'>Vitrioli</span> <span class='ocrx_word' id='word_1_238' title='bbox 905 3714 1090 3770; x_wconf 87' lang='lat' dir='ltr'>duodecimam</span> <span class='ocrx_word' id='word_1_239' title='bbox 1102 3727 1212 3787; x_wconf 79' lang='lat' dir='ltr'>partem.</span> <span class='ocrx_word' id='word_1_240' title='bbox 1249 3716 1378 3769; x_wconf 86' lang='lat' dir='ltr'>Turuude</span> <span class='ocrx_word' id='word_1_241' title='bbox 1389 3732 1422 3768; x_wconf 83' lang='lat' dir='ltr'>cx</span> <span class='ocrx_word' id='word_1_242' title='bbox 1433 3715 1515 3766; x_wconf 83' lang='lat' dir='ltr'>linteo</span> <span class='ocrx_word' id='word_1_243' title='bbox 1527 3729 1592 3776; x_wconf 88' lang='lat' dir='ltr'>raso,</span> 
     </span>
     <span class='ocr_line' id='line_1_32' title="bbox 633 3796 1592 3872; baseline -0.004 -21"><span class='ocrx_word' id='word_1_244' title='bbox 633 3799 735 3868; x_wconf 89' lang='lat' dir='ltr'>liquore</span> <span class='ocrx_word' id='word_1_245' title='bbox 751 3799 801 3852; x_wconf 94' lang='lat' dir='ltr'>hoc</span> <span class='ocrx_word' id='word_1_246' title='bbox 821 3801 900 3869; x_wconf 91' lang='lat' dir='ltr'>probe</span> <span class='ocrx_word' id='word_1_247' title='bbox 913 3801 1075 3865; x_wconf 81' lang='lat' dir='ltr'>humectata,</span> <span class='ocrx_word' id='word_1_248' title='bbox 1087 3805 1145 3856; x_wconf 89' lang='lat' dir='ltr'>nari</span> <span class='ocrx_word' id='word_1_249' title='bbox 1158 3820 1256 3872; x_wconf 83' lang='lat' dir='ltr'>exque</span> <span class='ocrx_word' id='word_1_250' title='bbox 1264 3803 1372 3872; x_wconf 78' lang='lat' dir='ltr'>sanguis</span> <span class='ocrx_word' id='word_1_251' title='bbox 1384 3799 1465 3852; x_wconf 74' lang='lat' dir='ltr'>sullat</span> <span class='ocrx_word' id='word_1_252' title='bbox 1476 3796 1592 3860; x_wconf 86' lang='lat' dir='ltr'>indatur,</span> 
     </span>
     <span class='ocr_line' id='line_1_33' title="bbox 632 3885 1108 3958; baseline 0.008 -20"><span class='ocrx_word' id='word_1_253' title='bbox 632 3903 679 3955; x_wconf 88' lang='lat' dir='ltr'>per</span> <span class='ocrx_word' id='word_1_254' title='bbox 690 3885 747 3940; x_wconf 90' lang='lat' dir='ltr'>dies</span> <span class='ocrx_word' id='word_1_255' title='bbox 758 3885 824 3940; x_wconf 88' lang='lat' dir='ltr'>duos</span> <span class='ocrx_word' id='word_1_256' title='bbox 836 3886 914 3940; x_wconf 86' lang='lat' dir='ltr'>isthic</span> <span class='ocrx_word' id='word_1_257' title='bbox 926 3887 1108 3958; x_wconf 77' lang='lat' dir='ltr'>relinquenda</span> 
     </span>
    </p>
   </div>
   <div class='ocr_carea' id='block_1_4' title="bbox 492 4044 1593 4240">
    <p class='ocr_par' dir='ltr' id='par_1_6' title="bbox 492 4044 1593 4240">
     <span class='ocr_line' id='line_1_34' title="bbox 493 4044 1593 4136; baseline -0.012 -16"><span class='ocrx_word' id='word_1_258' title='bbox 493 4053 566 4120; x_wconf 82' lang='lat' dir='ltr'>Quo</span> <span class='ocrx_word' id='word_1_259' title='bbox 581 4053 680 4116; x_wconf 87' lang='lat' dir='ltr'>etiam</span> <span class='ocrx_word' id='word_1_260' title='bbox 694 4053 817 4136; x_wconf 88' lang='lat' dir='ltr'>liquore</span> <span class='ocrx_word' id='word_1_261' title='bbox 838 4050 1029 4118; x_wconf 89' lang='lat' dir='ltr'>linteamina</span> <span class='ocrx_word' id='word_1_262' title='bbox 1042 4049 1169 4115; x_wconf 91' lang='lat' dir='ltr'>imbuta</span> <span class='ocrx_word' id='word_1_263' title='bbox 1182 4056 1216 4114; x_wconf 90' lang='lat' dir='ltr'>et</span> <span class='ocrx_word' id='word_1_264' title='bbox 1231 4049 1383 4134; x_wconf 87' lang='lat' dir='ltr'>applicita</span> <span class='ocrx_word' id='word_1_265' title='bbox 1401 4044 1593 4130; x_wconf 76' lang='lat' dir='ltr'>sanguinem</span> 
     </span>
     <span class='ocr_line' id='line_1_35' title="bbox 492 4150 1529 4240; baseline -0.008 -19"><span class='ocrx_word' id='word_1_266' title='bbox 492 4157 620 4236; x_wconf 86' lang='lat' dir='ltr'>sistunt,</span> <span class='ocrx_word' id='word_1_267' title='bbox 636 4177 675 4220; x_wconf 88' lang='lat' dir='ltr'>ex</span> <span class='ocrx_word' id='word_1_268' title='bbox 691 4177 882 4240; x_wconf 87' lang='lat' dir='ltr'>quacunque</span> <span class='ocrx_word' id='word_1_269' title='bbox 897 4155 1029 4219; x_wconf 91' lang='lat' dir='ltr'>demum</span> <span class='ocrx_word' id='word_1_270' title='bbox 1043 4160 1135 4238; x_wconf 85' lang='lat' dir='ltr'>parte</span> <span class='ocrx_word' id='word_1_271' title='bbox 1148 4161 1283 4218; x_wconf 81' lang='lat' dir='ltr'>externa</span> <span class='ocrx_word' id='word_1_272' title='bbox 1297 4152 1385 4216; x_wconf 90' lang='lat' dir='ltr'>idern</span> <span class='ocrx_word' id='word_1_273' title='bbox 1399 4150 1529 4215; x_wconf 86' lang='lat' dir='ltr'>defluat.</span> 
     </span>
    </p>
   </div>
   <div class='ocr_carea' id='block_1_5' title="bbox 337 4250 1594 4371">
    <p class='ocr_par' dir='ltr' id='par_1_7' title="bbox 337 4250 1594 4371">
     <span class='ocr_line' id='line_1_36' title="bbox 337 4250 1594 4371; baseline -0.033 -17"><span class='ocrx_word' id='word_1_274' title='bbox 337 4256 468 4371; x_wconf 48' lang='lat' dir='ltr'>iii-qim</span> <span class='ocrx_word' id='word_1_275' title='bbox 539 4259 600 4344; x_wconf 90' lang='lat'><strong>[9.]</strong></span> <span class='ocrx_word' id='word_1_276' title='bbox 630 4261 831 4343; x_wconf 70' lang='lat' dir='ltr'>Haemoptoe&#39;</span> <span class='ocrx_word' id='word_1_277' title='bbox 853 4259 962 4336; x_wconf 88' lang='lat' dir='ltr'>etiam,</span> <span class='ocrx_word' id='word_1_278' title='bbox 982 4277 1065 4340; x_wconf 85' lang='lat' dir='ltr'>quoe</span> <span class='ocrx_word' id='word_1_279' title='bbox 1082 4257 1117 4320; x_wconf 93' lang='lat' dir='ltr'>in</span> <span class='ocrx_word' id='word_1_280' title='bbox 1140 4256 1272 4322; x_wconf 89' lang='lat' dir='ltr'>aestatis</span> <span class='ocrx_word' id='word_1_281' title='bbox 1291 4276 1329 4318; x_wconf 91' lang='lat' dir='ltr'>ac</span> <span class='ocrx_word' id='word_1_282' title='bbox 1348 4254 1431 4318; x_wconf 86' lang='lat' dir='ltr'>veris</span> <span class='ocrx_word' id='word_1_283' title='bbox 1452 4250 1594 4318; x_wconf 90' lang='lat' dir='ltr'>confinio</span> 
     </span>
    </p>
   </div>
   <div class='ocr_carea' id='block_1_6' title="bbox 338 4354 1592 4474">
    <p class='ocr_par' dir='ltr' id='par_1_8' title="bbox 338 4354 1592 4474">
     <span class='ocr_line' id='line_1_37' title="bbox 338 4354 1592 4474; baseline -0.002 -53"><span class='ocrx_word' id='word_1_284' title='bbox 338 4394 478 4474; x_wconf 45' lang='lat' dir='ltr'>isaeff</span> <span class='ocrx_word' id='word_1_285' title='bbox 490 4362 636 4426; x_wconf 90' lang='lat' dir='ltr'>homines</span> <span class='ocrx_word' id='word_1_286' title='bbox 651 4361 812 4425; x_wconf 88' lang='lat' dir='ltr'>calidioris</span> <span class='ocrx_word' id='word_1_287' title='bbox 829 4360 1087 4444; x_wconf 85' lang='lat' dir='ltr'>temperamenti,</span> <span class='ocrx_word' id='word_1_288' title='bbox 1103 4366 1138 4424; x_wconf 89' lang='lat' dir='ltr'>at</span> <span class='ocrx_word' id='word_1_289' title='bbox 1157 4359 1266 4422; x_wconf 90' lang='lat' dir='ltr'>minus</span> <span class='ocrx_word' id='word_1_290' title='bbox 1285 4357 1421 4434; x_wconf 89' lang='lat' dir='ltr'>robusti,</span> <span class='ocrx_word' id='word_1_291' title='bbox 1438 4354 1592 4430; x_wconf 88' lang='lat' dir='ltr'>adoritur,</span> 
     </span>
    </p>
   </div>
   <div class='ocr_carea' id='block_1_7' title="bbox 336 4458 1592 4547">
    <p class='ocr_par' dir='ltr' id='par_1_9' title="bbox 336 4458 1592 4547">
     <span class='ocr_line' id='line_1_38' title="bbox 336 4458 1592 4547; baseline -0.002 -25"><span class='ocrx_word' id='word_1_292' title='bbox 336 4477 375 4522; x_wconf 74' lang='lat' dir='ltr'>tos</span> <span class='ocrx_word' id='word_1_293' title='bbox 387 4477 451 4535; x_wconf 69' lang='lat' dir='ltr'>ejus·</span> <span class='ocrx_word' id='word_1_294' title='bbox 490 4471 523 4528; x_wconf 93' lang='lat' dir='ltr'>et</span> <span class='ocrx_word' id='word_1_295' title='bbox 545 4485 681 4546; x_wconf 89' lang='lat' dir='ltr'>quorum</span> <span class='ocrx_word' id='word_1_296' title='bbox 700 4465 867 4547; x_wconf 88' lang='lat' dir='ltr'>pulmones</span> <span class='ocrx_word' id='word_1_297' title='bbox 893 4464 1002 4527; x_wconf 90' lang='lat' dir='ltr'>minus</span> <span class='ocrx_word' id='word_1_298' title='bbox 1021 4471 1109 4526; x_wconf 90' lang='lat' dir='ltr'>recte</span> <span class='ocrx_word' id='word_1_299' title='bbox 1129 4463 1246 4541; x_wconf 83' lang='lat' dir='ltr'>valent,</span> <span class='ocrx_word' id='word_1_300' title='bbox 1262 4482 1339 4546; x_wconf 87' lang='lat' dir='ltr'>prae</span> <span class='ocrx_word' id='word_1_301' title='bbox 1361 4460 1492 4524; x_wconf 85' lang='lat' dir='ltr'>senibus</span> <span class='ocrx_word' id='word_1_302' title='bbox 1511 4458 1592 4524; x_wconf 85' lang='lat' dir='ltr'>item</span> 
     </span>
    </p>
   </div>
   <div class='ocr_carea' id='block_1_8' title="bbox 336 4540 452 4588">
    <p class='ocr_par' dir='ltr' id='par_1_10' title="bbox 336 4540 452 4588">
     <span class='ocr_line' id='line_1_39' title="bbox 336 4540 452 4588; baseline 0.026 -4"><span class='ocrx_word' id='word_1_303' title='bbox 336 4540 391 4586; x_wconf 75' lang='lat' dir='ltr'>dem</span> <span class='ocrx_word' id='word_1_304' title='bbox 404 4540 452 4588; x_wconf 81' lang='lat' dir='ltr'>lore</span> 
     </span>
    </p>
   </div>
   <div class='ocr_carea' id='block_1_9' title="bbox 336 4563 1594 4652">
    <p class='ocr_par' dir='ltr' id='par_1_11' title="bbox 336 4563 1594 4652">
     <span class='ocr_line' id='line_1_40' title="bbox 336 4563 1594 4652; baseline -0.007 -20"><span class='ocrx_word' id='word_1_305' title='bbox 336 4604 424 4652; x_wconf 70' lang='lat' dir='ltr'>indues</span> <span class='ocrx_word' id='word_1_306' title='bbox 486 4565 640 4648; x_wconf 86' lang='lat' dir='ltr'>juniores,</span> <span class='ocrx_word' id='word_1_307' title='bbox 652 4566 795 4647; x_wconf 90' lang='lat' dir='ltr'>ejusdem</span> <span class='ocrx_word' id='word_1_308' title='bbox 810 4565 876 4630; x_wconf 78' lang='lat' dir='ltr'>sero</span> <span class='ocrx_word' id='word_1_309' title='bbox 891 4565 1009 4630; x_wconf 90' lang='lat' dir='ltr'>indolis</span> <span class='ocrx_word' id='word_1_310' title='bbox 1024 4587 1099 4630; x_wconf 92' lang='lat' dir='ltr'>cum</span> <span class='ocrx_word' id='word_1_311' title='bbox 1113 4564 1359 4647; x_wconf 67' lang='lat' dir='ltr'>haemorrhagiae</span> <span class='ocrx_word' id='word_1_312' title='bbox 1370 4563 1439 4648; x_wconf 88' lang='lat' dir='ltr'>jam</span> <span class='ocrx_word' id='word_1_313' title='bbox 1454 4565 1594 4626; x_wconf 81' lang='lat' dir='ltr'>tractata</span> 
     </span>
    </p>
   </div>
   <div class='ocr_carea' id='block_1_10' title="bbox 522 4729 1421 4843">
    <p class='ocr_par' dir='ltr' id='par_1_12' title="bbox 522 4729 1421 4843">
     <span class='ocr_line' id='line_1_41' title="bbox 522 4729 1421 4789; baseline 0.003 -13"><span class='ocrx_word' id='word_1_314' title='bbox 522 4731 530 4760; x_wconf 79' lang='lat'><strong>¹</strong></span> <span class='ocrx_word' id='word_1_315' title='bbox 549 4729 623 4776; x_wconf 79' lang='lat' dir='ltr'>Deest</span> <span class='ocrx_word' id='word_1_316' title='bbox 635 4733 646 4789; x_wconf 65' lang='grc'><strong>5</strong></span> <span class='ocrx_word' id='word_1_317' title='bbox 660 4733 674 4776; x_wconf 84' lang='grc'><strong>8</strong></span> <span class='ocrx_word' id='word_1_318' title='bbox 687 4731 712 4776; x_wconf 84' lang='lat' dir='ltr'>in</span> <span class='ocrx_word' id='word_1_319' title='bbox 723 4731 761 4777; x_wconf 88' lang='lat' dir='ltr'>cd.</span> <span class='ocrx_word' id='word_1_320' title='bbox 773 4731 821 4779; x_wconf 71' lang='lat'><strong>¹76.</strong></span> <span class='ocrx_word' id='word_1_321' title='bbox 1095 4739 1107 4762; x_wconf 86' lang='lat'>¹</span> <span class='ocrx_word' id='word_1_322' title='bbox 1125 4733 1162 4780; x_wconf 83' lang='lat' dir='ltr'>Cf.</span> <span class='ocrx_word' id='word_1_323' title='bbox 1176 4735 1276 4782; x_wconf 71' lang='lat' dir='ltr'>Procas.</span> <span class='ocrx_word' id='word_1_324' title='bbox 1289 4735 1336 4781; x_wconf 82' lang='lat' dir='ltr'>Iut.</span> <span class='ocrx_word' id='word_1_325' title='bbox 1348 4747 1368 4780; x_wconf 89' lang='lat' dir='ltr'>c.</span> <span class='ocrx_word' id='word_1_326' title='bbox 1381 4733 1421 4780; x_wconf 73' lang='lat'>48.</span> 
     </span>
     <span class='ocr_line' id='line_1_42' title="bbox 522 4795 740 4843; baseline 0 0"><span class='ocrx_word' id='word_1_327' title='bbox 522 4799 534 4824; x_wconf 86' lang='lat'>&#39;¹</span> <span class='ocrx_word' id='word_1_328' title='bbox 553 4795 590 4843; x_wconf 81' lang='lat' dir='ltr'>Ci.</span> <span class='ocrx_word' id='word_1_329' title='bbox 604 4795 674 4841; x_wconf 83' lang='lat' dir='ltr'>lbrnr.</span> <span class='ocrx_word' id='word_1_330' title='bbox 686 4797 740 4843; x_wconf 82' lang='lat' dir='ltr'>2l0.</span> 
     </span>
    </p>
   </div>
   <div class='ocr_carea' id='block_1_11' title="bbox 0 0 1918 5759">
    <p class='ocr_par' dir='ltr' id='par_1_13' title="bbox 0 0 1918 5759">
     <span class='ocr_line' id='line_1_43' title="bbox 0 0 1918 5759; baseline 0 4"><span class='ocrx_word' id='word_1_331' title='bbox 0 0 1918 5759; x_wconf 95' lang='lat' dir='ltr'> </span> 
     </span>
    </p>
   </div>
  </div>
 </body>
</html>
