3825 5759
522 678 585 741 158
835 670 1032 739 ΤΗΟΜΑΕ
1056 665 1314 734 SYDENHAM

381 852 482 903 ursan
521 838 658 923 urgebat
668 863 677 915 ;
699 838 821 922 lingua,
837 856 919 921 quac
935 834 1013 898 alias
1031 831 1167 896 humida
1180 828 1304 895 solebat
1318 846 1398 905 esse,
1413 845 1520 910 neque
1535 846 1555 889 a
1568 846 1619 889 sa·

380 920 494 967 ⁰⁰”m'
520 962 637 1005 uorum
645 941 767 1024 lingua,
777 939 840 1003 nisi
849 937 934 1022 quod
947 936 997 1019 (ut
1007 934 1040 1021 [t
1052 934 1096 1019 1.]
1107 932 1268 1011 diximus)
1279 929 1463 994 subalberet
1473 928 1620 1011 aliquau-

365 984 506 1033 Auuoauu

366 1050 508 1131 Q
520 1043 628 1127 tirper,
644 1043 785 1107 multum
801 1042 986 1118 abhorrens,
1003 1040 1086 1103 sicca
1103 1039 1139 1102 in
1153 1038 1215 1101 hoc
1228 1035 1386 1119 regimine
1405 1034 1618 1117 metensque,

521 1146 600 1231 quin
614 1154 647 1211 et
661 1146 755 1230 nigra
770 1166 873 1229 saepe,
886 1142 1100 1227 comparebat.
1145 1142 1322 1219 Postremo,
1338 1139 1387 1203 illi
1400 1139 1462 1223 ipsi
1476 1138 1620 1217 sudores,

520 1269 600 1331 quos
615 1248 834 1313 cardiacorum
852 1268 915 1311 usu
930 1253 1120 1329 extorquere
1139 1244 1339 1327 satagebant,
1354 1242 1487 1307 taudem
1502 1262 1619 1307 conm-

520 1350 595 1415 dem
610 1372 669 1435 ope
683 1352 813 1434 penitus
827 1348 1037 1425 intercidere:
1068 1355 1180 1412 exacta
1194 1348 1282 1411 enim
1296 1368 1355 1431 per
1368 1346 1509 1431 corporis
1527 1345 1619 1408 habi-

519 1458 591 1517 tum
602 1454 699 1517 nimis
709 1453 799 1536 larga
814 1452 876 1517 seri
890 1450 991 1535 copia,
1004 1452 1135 1535 sanguis
1149 1451 1279 1517 humori
1290 1448 1472 1514 istiusmodi
1481 1448 1619 1512 ulterius

519 1554 759 1638 suppeditando
768 1576 826 1639 par
840 1576 907 1619 non
923 1561 992 1618 erat
1001 1579 1011 1632 ς
1034 1575 1172 1638 cumque
1186 1554 1258 1632 ista,
1275 1575 1339 1638 qua
1353 1553 1435 1617 dilui
1454 1552 1619 1630 debuerat,

519 1658 712 1722 humiditate
730 1658 767 1721 in
786 1656 924 1721 solidum
943 1658 1013 1741 jam
1032 1658 1231 1741 spoliaretur,
1247 1656 1451 1721 exarescebat
1469 1655 1619 1740 protinus

519 1783 623 1844 aeger,
646 1768 744 1844 atque
769 1760 805 1824 in
830 1760 971 1825 extemis
1000 1760 1145 1844 partibus
1171 1759 1463 1842 constringebam,
1485 1758 1619 1823 omnino

518 1872 645 1946 practer
663 1864 810 1928 Naturae
828 1884 952 1927 morem
967 1884 1064 1946 quem
1083 1863 1119 1926 in
1132 1862 1193 1928 hac
1212 1862 1316 1928 Febre
1334 1861 1501 1927 observare
1520 1862 1620 1938 solet3

519 1965 621 2029 donec
649 1965 783 2029 tandem
813 1964 953 2048 sanguis,
976 1963 1172 2029 humiditate
1198 1964 1239 2029 ab
1265 1965 1444 2049 absumptis
1469 1972 1621 2031 mutuata

519 2068 626 2133 denuo
636 2068 788 2152 repletus,
800 2069 917 2151 partim
932 2068 1252 2149 medicamentorum,
1263 2070 1382 2153 partim
1397 2070 1495 2135 etiam
1509 2068 1621 2135 Febris

518 2172 560 2248 vi,
576 2192 683 2235 serum
702 2171 764 2235 hoc
778 2192 889 2235 recens
904 2171 1079 2253 ingestum,
1094 2193 1131 2235 ac
1146 2194 1222 2237 cum
1234 2173 1290 2237 illo
1305 2173 1451 2253 Febrem,
1467 2195 1488 2237 a
1500 2172 1621 2237 finibus

520 2273 586 2337 suis
618 2273 760 2357 pelleret.
807 2274 899 2339 Quae
933 2273 1064 2356 quidem
1093 2274 1183 2337 crisis
1216 2282 1286 2338 erat
1314 2282 1426 2338 coacta
1452 2273 1559 2352 nimis,
1586 2280 1621 2337 et

519 2376 616 2439 nimis
638 2375 824 2459 periculosa,
849 2382 882 2441 et
908 2375 1007 2459 (quod
1030 2374 1136 2441 adhuc
1160 2376 1274 2462 pejus)
1298 2376 1402 2441 rarius
1424 2376 1522 2441 etiam
1543 2397 1621 2441 cou-

519 2478 676 2563 tingebat.
1088 2472 1095 2483 '

368 2594 453 2642 rebus
569 2582 651 2667 [1s.]
679 2582 700 2646 J
702 2603 754 2646 am
768 2602 843 2647 vero
861 2582 910 2665 (ut
932 2603 1029 2666 supra
1048 2580 1084 2669 [p
1102 2581 1147 2670 1.]
1164 2582 1372 2666 monuimus,)
1390 2580 1501 2645 Febris
1522 2580 1622 2665 hujus

367 2658 427 2707 Μ
439 2674 481 2722 ¹²²¹
520 2686 646 2765 solutio,
661 2692 699 2749 ut
714 2684 813 2748 etiam
826 2683 1029 2764 uariolarum,
1047 2686 1141 2768 (quae
1155 2704 1245 2749 soror
1258 2684 1328 2769 ejus
1339 2702 1490 2766 ymno
1504 2682 1621 2745 meritc

367 2723 490 2772 salivatio·

366 2804 422 2836 ”0¹⁰
435 2804 483 2836 ⁰⁰¹¹
520 2787 680 2871 audiunt)
712 2807 770 2871 per
796 2786 1016 2851 salivationem
1041 2808 1110 2851 uon
1133 2808 1207 2851 raro
1231 2786 1348 2862 fiebat3
1380 2806 1462 2869 quae
1488 2784 1621 2868 quidem

364 2854 506 2975 iiiiiim'
519 2911 686 2975 nunquam
709 2910 777 2954 nou
799 2888 947 2953 salutaris
966 2889 1039 2969 fuit,
1058 2890 1106 2955 ita
1126 2898 1174 2969 ut,
1190 2890 1304 2955 eadem
1325 2889 1489 2953 liberalius
1510 2910 1620 2972 proce·

365 2985 494 3103 ξξῃζῗξὶ·
520 2995 626 3073 dente,
649 3003 717 3059 tam
737 2994 879 3058 maculas
900 3014 1012 3058 revere
1032 3016 1218 3078 pmpureas,
1238 3016 1336 3078 quam
1355 2993 1485 3059 Febrim
1505 2993 1620 3076 ipsam,

365 3114 479 3161 convenis
519 3118 706 3161 evanescere
721 3096 821 3160 oculis
835 3095 900 3159 vidi
915 3096 1006 3160 meis.
1052 3096 1177 3160 Oborta
1189 3096 1299 3181 itaque
1318 3096 1514 3175 saluatione,
1529 3096 1623 3159 nulla

366 3178 498 3276 ²V⁸⁰ss²²²³⁰·
519 3200 652 3263 omuino
663 3200 827 3263 evacuatio
842 3198 1002 3276 convenit,
1014 3220 1074 3262 nec
1089 3222 1171 3283 quae
1182 3222 1265 3265 vena
1278 3206 1418 3284 pertusa,
1429 3220 1490 3263 uec
1500 3199 1621 3284 injecto

365 3262 509 3378 ffiiiffiu.
520 3322 601 3383 quae
624 3301 661 3363 fit
683 3308 830 3365 enemate
839 3326 849 3379 3
872 3322 947 3365 cum
967 3300 1008 3365 ab
1026 3309 1164 3385 utraque
1183 3304 1363 3385 periculum
1381 3303 1424 3366 sit
1442 3322 1484 3365 ne
1503 3301 1623 3366 humor

367 3393 488 3441 vasonem
520 3402 582 3466 alio
602 3402 788 3467 divertatur.
833 3405 880 3467 At
902 3426 1011 3468 serum
1033 3406 1135 3486 lactis,
1152 3414 1249 3490 atque
1271 3408 1334 3473 alin
1354 3407 1567 3491 refrigerandi
1588 3408 1621 3471 vi

367 3470 464 3519 promo·

367 3530 507 3597 venaqmm
520 3502 683 3588 pollentia,
698 3506 910 3569 necessariam
932 3508 968 3570 iu
986 3508 1173 3576 salivatione
1193 3512 1350 3576 elicienda
1371 3532 1502 3595 operam
1523 3533 1621 3575 nava·

366 3594 502 3699 {ffifflm
520 3609 615 3687 baut;
638 3616 676 3673 ut
691 3630 708 3672 e
724 3616 837 3684 contra
851 3610 1006 3691 cardiace,
1021 3619 1055 3677 et
1070 3635 1280 3698 quaecunque
1299 3616 1361 3679 alia
1380 3614 1620 3693 calefaciebant,

365 3714 509 3826 pplesacien.
521 3711 688 3775 materiam
703 3710 904 3795 inspissando
919 3715 1063 3797 ejusdem
1078 3718 1243 3782 eductioui
1257 3718 1450 3783 officiebant.

400 3812 407 3827 ‘
569 3812 652 3897 [la]
681 3814 861 3897 Superstite
881 3816 987 3883 adhuc
1006 3820 1109 3885 Febre
1129 3822 1200 3901 hac,
1215 3822 1355 3887 necdum
1374 3824 1518 3888 extincta
1531 3824 1621 3906 peni-

368 3861 454 3910 Drau-

369 3922 583 4007 snoassstus,
611 3937 696 3981 anuo
722 3918 860 3984 maxime
887 3921 982 4001 1668,
1006 3924 1193 4005 Diarrhoea,
1221 3926 1291 3990 sine
1316 3927 1488 3991 manifesto
1513 3927 1621 4011 aliquo

367 4016 501 4127 ”53:¹33ss
520 4016 617 4083 febris
632 4019 760 4099 iudicio,
773 4021 948 4104 epidemice
960 4025 1164 4107 grassabatur
1168 4054 1178 4108 3
1195 4030 1264 4113 jam
1275 4031 1362 4095 enim
1378 4031 1568 4096 constitutio
1579 4031 1621 4095 ad

367 4096 500 4207 iiiefebieei
520 4123 754 4208 dysentericam
769 4122 857 4189 illam
876 4128 1057 4207 accedebat,
1073 4153 1154 4214 quae
1168 4132 1354 4217 insequenti
1373 4156 1460 4199 anno
1473 4134 1619 4211 invaluit,

367 4209 481 4325 ffissldffi
519 4235 557 4291 ut
568 4228 637 4311 jam
648 4227 791 4312 proxime
804 4226 858 4311 [iv.
874 4232 902 4293 l.
917 4228 961 4313 1.]
977 4229 1130 4295 dicemus.
1155 4234 1251 4298 Hauc
1262 4235 1472 4299 nihilominus
1483 4234 1621 4299 eandem

370 4336 444 4415 sehse
455 4356 491 4417 ⁹⁸:
520 4352 580 4414 ego
595 4332 706 4397 censui
724 4331 846 4396 febrem
862 4353 931 4397 esse
951 4354 1026 4397 cum
1045 4334 1200 4399 variolosa
1214 4336 1320 4399 adhuc
1334 4344 1502 4420 regnante,
1517 4336 1621 4400 forma

368 4412 501 4525 ffiffi:
519 4442 648 4499 tantum
664 4436 796 4515 diversa,
813 4444 910 4521 atque
929 4436 992 4501 alio
1007 4458 1040 4500 se
1060 4445 1275 4521 symptomata
1289 4440 1488 4504 efferentem.
1535 4438 1620 4501 Cum

368 4548 507 4610 casanola·
520 4540 606 4603 enim
627 4540 707 4603 mihi
722 4546 884 4605 constaret
899 4540 1038 4623 rigorem
1053 4548 1150 4623 atque
1164 4541 1330 4607 honorem
1345 4542 1429 4606 hauc
1445 4540 1543 4604 etiam
1562 4539 1619 4601 Di-

368 4612 501 4740 2y²„¹,¹ss,b0⁰,¹'⁵
521 4641 686 4705 arrhocam
701 4642 887 4725 praecedere
903 4643 1013 4721 solere,
1030 4651 1127 4725 atquc
1142 4642 1230 4706 illam
1244 4644 1377 4727 insuper
1390 4650 1428 4706 ut
1444 4641 1620 4725 plurimum

367 4750 440 4801 insta,
521 4763 559 4805 ex
580 4742 690 4805 eadem
716 4742 879 4827 προφάσει
902 4744 1051 4807 invadere
1071 4766 1109 4807 cx
1131 4766 1195 4827 qua
1216 4746 1339 4809 solebat
1360 4746 1422 4809 ista
1443 4766 1525 4828 quae
1548 4752 1620 4807 tum

520 4844 773 4931 depopulabatur
790 4844 909 4925 Febris,
922 4847 1093 4928 verisimile
1107 4848 1186 4912 mihi
1202 4857 1249 4913 est
1266 4849 1369 4913 risum
1385 4848 1521 4913 Febrem
1536 4847 1621 4911 hauc
