3825 5759
688 1471 691 1477 ¹
727 1481 972 1532 ORNATISSIMO
991 1478 1332 1530 Enumrrssruooun
1348 1477 1437 1526 vnto

829 1639 1026 1715 HENRICO
1048 1637 1214 1729 PAMAN,
1236 1637 1341 1729 M.D„

598 1830 697 1884 DIVI
728 1831 956 1884 JOHANNIS
986 1827 1399 1884 CANTABRIGIENSIS
1431 1826 1577 1889 SOCIO,

739 1962 991 2042 scannullas:
1020 1992 1204 2041 ORATORI
1234 1991 1426 2048 remeo,

597 2129 642 2176 ET
660 2129 699 2176 IN
719 2129 901 2179 COLLEGIO
920 2130 1183 2179 GRESHAMENSI
1201 2131 1300 2179 APUD
1317 2127 1580 2179 LONDINENSES

881 2245 914 2286 IN
930 2245 1082 2286 MEDICINA
1096 2245 1286 2287 enormesom.

578 2422 780 2494 Quinctium
792 2444 867 2488 eum
878 2445 975 2509 quem
985 2427 1153 2490 Deductis
1164 2427 1295 2506 Morbis,
1307 2425 1368 2489 Vir
1380 2423 1636 2508 Spectatissimc,

532 2545 636 2607 nuper
653 2524 739 2588 edidi
761 2533 937 2590 tractatum
955 2529 1048 2611 (quae
1070 2534 1120 2593 est
1141 2527 1211 2592 'Ina
1232 2535 1299 2592 tam
1320 2526 1516 2603 humanitas,
1532 2547 1633 2607 quam

532 2625 632 2690 animi
646 2627 682 2690 in
696 2648 749 2691 me
765 2629 956 2712 propensio)
975 2652 1035 2694 ceu
1049 2652 1129 2713 opus
1143 2630 1287 2714 undique
1301 2634 1560 2693 consummatum
1575 2625 1630 2690 de-

530 2728 719 2810 praedicare
728 2730 887 2814 digneris,
911 2754 1014 2818 usque
1032 2732 1112 2797 adeo
1126 2739 1238 2796 tamen
1252 2731 1421 2795 tenuitatis
1439 2736 1512 2794 tum
1526 2749 1627 2805 meae,

528 2836 601 2895 tum
623 2831 716 2897 istius
746 2833 877 2918 opellae,
901 2835 982 2898 mihi
1007 2857 1080 2899 sum
1105 2833 1261 2912 conscius,
1287 2839 1326 2897 ut
1351 2853 1404 2896 me
1428 2831 1511 2895 nihil
1540 2829 1629 2893 aliud

529 2934 631 3016 egisse
646 2935 836 3016 existimem,
849 2959 946 3022 quam
957 2937 1041 3002 viam
1057 2943 1339 3022 praemonstrasse,
1351 2957 1415 3018 qua
1425 2935 1482 3018 qui
1495 2933 1625 3016 ingenio

528 3037 631 3120 magis
646 3039 763 3118 valent,
776 3039 934 3104 dictorum
949 3039 1137 3105 morborum
1151 3047 1184 3104 et
1198 3039 1365 3103 historiam
1380 3044 1414 3102 et
1428 3036 1625 3101 curationem

528 3148 649 3226 queant
663 3143 856 3226 investigare
867 3171 918 3209 :-

587 3297 669 3312 .....
682 3265 697 3289 “
707 3263 795 3325 fungor
805 3264 858 3310 vice
869 3264 936 3321 cotis,
949 3271 1049 3312 acutum

585 3341 695 3389 Reddere
706 3343 868 3404 quaestuum
880 3343 952 3401 valet,
964 3359 1034 3391 exors
1044 3343 1098 3406 ipsa
1108 3343 1231 3391 meandi!
1250 3341 1350 3406 [Horat
1362 3345 1398 3390 Da
1409 3344 1468 3390 Arte
1479 3343 1543 3390 Po'e't.
1554 3337 1620 3402 dot]

576 3437 637 3520 [2.]
664 3439 708 3501 Et
729 3437 871 3522 profecto
889 3439 936 3504 ita
955 3439 1133 3524 multiplex,
1152 3440 1285 3520 incerta,
1303 3447 1337 3504 et
1355 3441 1488 3503 dalmata
1511 3441 1558 3521 (ut
1576 3439 1621 3502 ita

529 3539 655 3620 dicam)
670 3546 719 3604 est
734 3541 873 3620 Natura,
886 3549 982 3625 etque
995 3543 1043 3607 ita
1056 3543 1141 3607 ludit
1151 3543 1188 3606 in
1200 3543 1252 3606 his
1267 3541 1386 3606 morbis
1401 3539 1617 3626 producendis,

526 3648 565 3704 ut
588 3641 684 3706 unius
706 3663 774 3707 non
796 3642 838 3707 sit
860 3643 1009 3723 hominis,
1029 3651 1105 3709 utut
1127 3645 1253 3725 vivacis,
1273 3645 1361 3708 varia
1382 3665 1494 3708 eorum
1516 3637 1618 3727 φαινό-

525 3765 615 3822 μενα,
628 3749 661 3807 et
676 3743 856 3808 curationes
871 3745 985 3809 iisdem
999 3749 1264 3828 accommodatas,
1276 3747 1427 3831 graphice
1442 3745 1616 3829 depingere.

527 3847 548 3879 “
561 3843 659 3908 Unum
678 3845 870 3910 hominem'’
886 3845 975 3918 dixi?
998 3849 1077 3932 quid
1091 3852 1177 3934 quod
1190 3851 1242 3915 vel
1256 3852 1356 3914 decem
1372 3848 1503 3933 quidem
1521 3846 1617 3910 homi-

525 3967 593 4024 nes,
615 3967 673 4031 per
694 3954 744 4012 tot
764 3949 891 4014 saecula
910 3949 971 4018 sibi
992 3951 1130 4016 invicem
1151 3953 1389 4030 succenturiati,
1410 3958 1507 4035 atque
1525 3949 1616 4013 iidem

523 4054 596 4112 tum
625 4049 765 4114 maxima
793 4051 917 4135 ingenii
941 4053 983 4134 vi,
1006 4061 1080 4118 tum
1101 4055 1261 4120 indefessa
1284 4053 1453 4131 industris,
1475 4050 1614 4136 praediti,

522 4158 596 4215 tum
617 4153 716 4217 etiam
737 4154 772 4217 in
794 4155 884 4238 praxi
907 4177 989 4238 quae
1007 4177 1195 4222 numerosas
1217 4157 1452 4221 observationes
1474 4151 1613 4237 suppedi-

522 4259 607 4318 taret
622 4255 838 4334 versatissimi,
855 4259 1046 4342 perpulchre
1060 4259 1113 4323 bic
1128 4280 1258 4343 operam
1273 4279 1365 4322 suam
1382 4257 1535 4321 collocare
1548 4275 1611 4338 pos·

522 4356 612 4418 sint?
657 4356 799 4421 'Pontum
819 4357 910 4424 abest
924 4368 963 4425 ut
982 4362 1025 4424 ad
1043 4362 1160 4426 Artem
1173 4360 1337 4426 Medicam
1353 4360 1405 4424 vel
1422 4356 1611 4444 pervenerim

521 4460 599 4545 ipse,
614 4461 664 4526 vel
678 4483 731 4526 me
746 4471 857 4547 putem
872 4465 1053 4548 pervenisse
1064 4491 1118 4530 :-

552 4598 569 4622 “
576 4595 676 4644 Mecum
688 4597 780 4658 habito,
791 4605 815 4647 et
826 4600 883 4648 novi
895 4615 969 4663 quam
980 4601 1013 4649 sit
1022 4601 1084 4649 mibi
1094 4606 1163 4649 muta
1173 4566 1307 4664 supellex.”
1325 4597 1417 4662 [Persii
1428 4603 1477 4649 Sat.
1488 4599 1520 4648 iv.
1533 4597 1580 4660 62]

569 4707 629 4790 [3.]
657 4708 791 4775 Morbos
802 4713 880 4776 istos
892 4714 1068 4779 Chronioos
1080 4715 1167 4798 quod
1178 4716 1306 4794 attinet,
1319 4735 1458 4798 quorum
1467 4711 1607 4776 historiae

518 4809 762 4892 perscribendae
777 4834 868 4896 spem
886 4815 948 4880 tibi
967 4816 1116 4898 feceram,
1131 4819 1179 4884 ita
1199 4818 1330 4902 penitus
1348 4815 1458 4882 animo
1478 4835 1550 4880 meo
1566 4815 1607 4877 in·
