<?xml version="1.0" encoding="UTF-8"?>
<!DOCTYPE html PUBLIC "-//W3C//DTD XHTML 1.0 Transitional//EN"
    "http://www.w3.org/TR/xhtml1/DTD/xhtml1-transitional.dtd">
<html xmlns="http://www.w3.org/1999/xhtml" xml:lang="en" lang="en">
 <head>
  <title>
</title>
<meta http-equiv="Content-Type" content="text/html;charset=utf-8" />
  <meta name='ocr-system' content='tesseract 3.04.00' />
  <meta name='ocr-capabilities' content='ocr_page ocr_carea ocr_par ocr_line ocrx_word'/>
</head>
<body>
  <div class='ocr_page' id='page_1' title='image "./thomaesydenhamm00greegoog_0247.png"; bbox 0 0 3825 5759; ppageno 0'>
   <div class='ocr_carea' id='block_1_1' title="bbox 429 669 1377 738">
    <p class='ocr_par' dir='ltr' id='par_1_1' title="bbox 429 669 1377 738">
     <span class='ocr_line' id='line_1_1' title="bbox 429 669 1377 738; baseline 0.003 -5"><span class='ocrx_word' id='word_1_1' title='bbox 429 669 825 738; x_wconf 77' lang='lat' dir='ltr'><strong>OBSERVATIONUM</strong></span> <span class='ocrx_word' id='word_1_2' title='bbox 848 672 1134 738; x_wconf 83' lang='lat' dir='ltr'>MEDICARUM</span> <span class='ocrx_word' id='word_1_3' title='bbox 1156 682 1189 733; x_wconf 85' lang='lat' dir='ltr'>V</span> <span class='ocrx_word' id='word_1_4' title='bbox 1207 685 1234 734; x_wconf 82' lang='lat'><strong>2.</strong></span> <span class='ocrx_word' id='word_1_5' title='bbox 1314 675 1377 738; x_wconf 81' lang='lat'><strong>215</strong></span> 
     </span>
    </p>
   </div>
   <div class='ocr_carea' id='block_1_2' title="bbox 283 829 1532 1222">
    <p class='ocr_par' dir='ltr' id='par_1_2' title="bbox 283 829 1532 1222">
     <span class='ocr_line' id='line_1_2' title="bbox 286 829 1514 962; baseline 0.008 -72"><span class='ocrx_word' id='word_1_6' title='bbox 286 835 377 911; x_wconf 89' lang='lat' dir='ltr'><strong>atque</strong></span> <span class='ocrx_word' id='word_1_7' title='bbox 391 829 608 896; x_wconf 90' lang='lat' dir='ltr'><strong>absurdum</strong></span> <span class='ocrx_word' id='word_1_8' title='bbox 583 852 648 896; x_wconf 77' lang='lat' dir='ltr'><strong>sive</strong></span> <span class='ocrx_word' id='word_1_9' title='bbox 663 831 765 896; x_wconf 87' lang='lat' dir='ltr'><strong>cibi&#39;</strong></span> <span class='ocrx_word' id='word_1_10' title='bbox 741 854 805 897; x_wconf 82' lang='lat' dir='ltr'><strong>sive</strong></span> <span class='ocrx_word' id='word_1_11' title='bbox 819 839 915 916; x_wconf 92' lang='lat' dir='ltr'><strong>potus</strong></span> <span class='ocrx_word' id='word_1_12' title='bbox 935 855 1038 916; x_wconf 86' lang='lat' dir='ltr'><strong>genus</strong></span> <span class='ocrx_word' id='word_1_13' title='bbox 1056 833 1241 917; x_wconf 83' lang='lat' dir='ltr'>importune</span> <span class='ocrx_word' id='word_1_14' title='bbox 1254 832 1380 915; x_wconf 85' lang='lat' dir='ltr'><strong>flagita·</strong></span> <span class='ocrx_word' id='word_1_15' title='bbox 1408 852 1453 962; x_wconf 59' lang='lat' dir='ltr'><strong>erp</strong></span> <span class='ocrx_word' id='word_1_16' title='bbox 1437 865 1514 899; x_wconf 73' lang='lat' dir='ltr'><strong>esan</strong></span> 
     </span>
     <span class='ocr_line' id='line_1_3' title="bbox 286 929 1532 1028; baseline 0.005 -35"><span class='ocrx_word' id='word_1_17' title='bbox 286 929 347 1009; x_wconf 90' lang='lat' dir='ltr'><strong>bat,</strong></span> <span class='ocrx_word' id='word_1_18' title='bbox 358 933 530 997; x_wconf 81' lang='lat' dir='ltr'><strong>ventriculi</strong></span> <span class='ocrx_word' id='word_1_19' title='bbox 544 934 684 998; x_wconf 86' lang='lat' dir='ltr'><strong>ferment</strong></span> <span class='ocrx_word' id='word_1_20' title='bbox 670 941 704 998; x_wconf 92' lang='lat' dir='ltr'><strong>to</strong></span> <span class='ocrx_word' id='word_1_21' title='bbox 719 955 739 998; x_wconf 92' lang='lat' dir='ltr'><strong>a</strong></span> <span class='ocrx_word' id='word_1_22' title='bbox 752 935 865 1000; x_wconf 91' lang='lat' dir='ltr'><strong>morbo</strong></span> <span class='ocrx_word' id='word_1_23' title='bbox 881 936 1106 1000; x_wconf 81' lang='lat' dir='ltr'><strong>diuturniore</strong></span> <span class='ocrx_word' id='word_1_24' title='bbox 1096 957 1241 1020; x_wconf 84' lang='lat' dir='ltr'><strong>smpense</strong></span> <span class='ocrx_word' id='word_1_25' title='bbox 1255 935 1377 1000; x_wconf 91' lang='lat' dir='ltr'><strong>vitiato</strong></span> <span class='ocrx_word' id='word_1_26' title='bbox 1369 916 1532 1028; x_wconf 54' lang='lat' dir='ltr'><strong>assolis</strong></span> 
     </span>
     <span class='ocr_line' id='line_1_4' title="bbox 284 1031 1514 1121; baseline 0.005 -26"><span class='ocrx_word' id='word_1_27' title='bbox 284 1031 390 1108; x_wconf 88' lang='lat' dir='ltr'><strong>Hoc</strong></span> <span class='ocrx_word' id='word_1_28' title='bbox 380 1056 416 1097; x_wconf 92' lang='lat' dir='ltr'><strong>m</strong></span> <span class='ocrx_word' id='word_1_29' title='bbox 442 1055 529 1113; x_wconf 89' lang='lat' dir='ltr'><strong>casu,</strong></span> <span class='ocrx_word' id='word_1_30' title='bbox 553 1036 850 1118; x_wconf 88' lang='lat' dir='ltr'><strong>quandoquidem</strong></span> <span class='ocrx_word' id='word_1_31' title='bbox 838 1059 907 1121; x_wconf 81' lang='lat' dir='ltr'><strong>Jam</strong></span> <span class='ocrx_word' id='word_1_32' title='bbox 932 1038 1106 1102; x_wconf 79' lang='lat' dir='ltr'>exhaustae</span> <span class='ocrx_word' id='word_1_33' title='bbox 1135 1037 1274 1121; x_wconf 84' lang='lat' dir='ltr'><strong>corporis</strong></span> <span class='ocrx_word' id='word_1_34' title='bbox 1295 1037 1378 1100; x_wconf 91' lang='lat' dir='ltr'><strong>vires</strong></span> <span class='ocrx_word' id='word_1_35' title='bbox 1408 1045 1461 1094; x_wconf 83' lang='grc'><strong>’73-</strong></span> <span class='ocrx_word' id='word_1_36' title='bbox 1464 1045 1514 1095; x_wconf 80' lang='grc'><strong>’75</strong></span> 
     </span>
     <span class='ocr_line' id='line_1_5' title="bbox 283 1135 1500 1222; baseline 0.007 -24"><span class='ocrx_word' id='word_1_37' title='bbox 283 1135 451 1200; x_wconf 85' lang='lat' dir='ltr'><strong>relectione</strong></span> <span class='ocrx_word' id='word_1_38' title='bbox 471 1137 604 1202; x_wconf 90' lang='lat' dir='ltr'><strong>omnino</strong></span> <span class='ocrx_word' id='word_1_39' title='bbox 623 1138 815 1220; x_wconf 86' lang='lat' dir='ltr'>indigerent,</span> <span class='ocrx_word' id='word_1_40' title='bbox 830 1139 946 1203; x_wconf 89' lang='lat' dir='ltr'><strong>lubens</strong></span> <span class='ocrx_word' id='word_1_41' title='bbox 967 1161 1006 1203; x_wconf 92' lang='lat' dir='ltr'><strong>ea</strong></span> <span class='ocrx_word' id='word_1_42' title='bbox 1020 1139 1119 1204; x_wconf 89' lang='lat' dir='ltr'><strong>etiam</strong></span> <span class='ocrx_word' id='word_1_43' title='bbox 1136 1140 1278 1206; x_wconf 79' lang='lat' dir='ltr'><strong>concessi</strong></span> <span class='ocrx_word' id='word_1_44' title='bbox 1296 1161 1378 1222; x_wconf 91' lang='lat' dir='ltr'><strong>quae</strong></span> <span class='ocrx_word' id='word_1_45' title='bbox 1390 1135 1500 1182; x_wconf 72' lang='lat' dir='ltr'>⁰¹b⁰¹¹²¹¹¹</span> 
     </span>
    </p>
   </div>
   <div class='ocr_carea' id='block_1_3' title="bbox 282 1214 1513 1326">
    <p class='ocr_par' dir='ltr' id='par_1_3' title="bbox 282 1214 1513 1326">
     <span class='ocr_line' id='line_1_6' title="bbox 282 1214 1513 1326; baseline 0.009 -27"><span class='ocrx_word' id='word_1_46' title='bbox 282 1237 385 1302; x_wconf 90' lang='lat' dir='ltr'><strong>minus</strong></span> <span class='ocrx_word' id='word_1_47' title='bbox 407 1260 505 1323; x_wconf 84' lang='lat' dir='ltr'><strong>aegro</strong></span> <span class='ocrx_word' id='word_1_48' title='bbox 527 1241 696 1304; x_wconf 85' lang='lat' dir='ltr'><strong>convenire</strong></span> <span class='ocrx_word' id='word_1_49' title='bbox 714 1241 909 1320; x_wconf 92' lang='lat' dir='ltr'><strong>viderentur,</strong></span> <span class='ocrx_word' id='word_1_50' title='bbox 927 1243 1024 1306; x_wconf 92' lang='lat' dir='ltr'><strong>modo</strong></span> <span class='ocrx_word' id='word_1_51' title='bbox 1045 1242 1153 1324; x_wconf 88' lang='lat' dir='ltr'><strong>palato</strong></span> <span class='ocrx_word' id='word_1_52' title='bbox 1174 1242 1278 1326; x_wconf 85' lang='lat' dir='ltr'><strong>magis</strong></span> <span class='ocrx_word' id='word_1_53' title='bbox 1298 1241 1377 1306; x_wconf 83' lang='lat' dir='ltr'><strong>arri·</strong></span> <span class='ocrx_word' id='word_1_54' title='bbox 1390 1214 1479 1310; x_wconf 61' lang='lat' dir='ltr'><strong>iiiim</strong></span> <span class='ocrx_word' id='word_1_55' title='bbox 1435 1263 1513 1310; x_wconf 68' lang='lat' dir='ltr'><strong>vales</strong></span> 
     </span>
    </p>
   </div>
   <div class='ocr_carea' id='block_1_4' title="bbox 284 1328 1503 1502">
    <p class='ocr_par' dir='ltr' id='par_1_4' title="bbox 284 1328 1503 1439">
     <span class='ocr_line' id='line_1_7' title="bbox 284 1328 1500 1407; baseline 0.008 -5"><span class='ocrx_word' id='word_1_56' title='bbox 284 1340 419 1407; x_wconf 64' lang='lat' dir='ltr'><strong>derentl.</strong></span> <span class='ocrx_word' id='word_1_57' title='bbox 1390 1328 1500 1375; x_wconf 64' lang='lat' dir='ltr'><strong>⁰³⁸¹¹¹⁸b</strong></span> 
     </span>
     <span class='ocr_line' id='line_1_8' title="bbox 1389 1406 1503 1502; baseline 0.009 -64"><span class='ocrx_word' id='word_1_58' title='bbox 1389 1406 1503 1502; x_wconf 60' lang='lat' dir='ltr'><strong>nomm?-</strong></span> 
     </span>
    </p>
   </div>
   <div class='ocr_carea' id='block_1_5' title="bbox 278 1441 1464 3676">
    <p class='ocr_par' dir='ltr' id='par_1_5' title="bbox 279 1441 1464 2839">
     <span class='ocr_line' id='line_1_9' title="bbox 288 1441 1464 1530; baseline 0.007 -26.239"><span class='ocrx_word' id='word_1_59' title='bbox 288 1441 551 1530; x_wconf 84' lang='lat' dir='ltr'><strong>[21.]Mense</strong></span> <span class='ocrx_word' id='word_1_60' title='bbox 582 1446 773 1529; x_wconf 87' lang='lat' dir='ltr'><strong>Septembri,</strong></span> <span class='ocrx_word' id='word_1_61' title='bbox 798 1448 894 1526; x_wconf 79' lang='lat'><strong>1674,</strong></span> <span class='ocrx_word' id='word_1_62' title='bbox 916 1447 1021 1511; x_wconf 90' lang='lat' dir='ltr'><strong>filium</strong></span> <span class='ocrx_word' id='word_1_63' title='bbox 1045 1469 1227 1513; x_wconf 88' lang='lat' dir='ltr'><strong>novennem</strong></span> <span class='ocrx_word' id='word_1_64' title='bbox 1255 1448 1464 1518; x_wconf 77' lang='lat' dir='ltr'><strong>librariiquam</strong></span> 
     </span>
     <span class='ocr_line' id='line_1_10' title="bbox 282 1547 1379 1629; baseline 0.005 -21"><span class='ocrx_word' id='word_1_65' title='bbox 282 1547 444 1629; x_wconf 88' lang='lat' dir='ltr'><strong>cujusdam</strong></span> <span class='ocrx_word' id='word_1_66' title='bbox 467 1549 601 1613; x_wconf 88' lang='lat' dir='ltr'><strong>aedibus</strong></span> <span class='ocrx_word' id='word_1_67' title='bbox 622 1551 702 1613; x_wconf 91' lang='lat' dir='ltr'><strong>meis</strong></span> <span class='ocrx_word' id='word_1_68' title='bbox 724 1551 830 1628; x_wconf 91' lang='lat' dir='ltr'><strong>vicini,</strong></span> <span class='ocrx_word' id='word_1_69' title='bbox 850 1551 983 1615; x_wconf 91' lang='lat' dir='ltr'><strong>nomine</strong></span> <span class='ocrx_word' id='word_1_70' title='bbox 1003 1550 1084 1628; x_wconf 90' lang='lat' dir='ltr'><strong>Not,</strong></span> <span class='ocrx_word' id='word_1_71' title='bbox 1103 1552 1166 1615; x_wconf 90' lang='lat' dir='ltr'><strong>hac</strong></span> <span class='ocrx_word' id='word_1_72' title='bbox 1187 1552 1290 1615; x_wconf 81' lang='lat' dir='ltr'><strong>Febre</strong></span> <span class='ocrx_word' id='word_1_73' title='bbox 1310 1573 1379 1615; x_wconf 90' lang='lat' dir='ltr'><strong>una</strong></span> 
     </span>
     <span class='ocr_line' id='line_1_11' title="bbox 279 1651 1378 1734; baseline 0.004 -24"><span class='ocrx_word' id='word_1_74' title='bbox 279 1666 350 1711; x_wconf 91' lang='lat' dir='ltr'><strong>oum</strong></span> <span class='ocrx_word' id='word_1_75' title='bbox 372 1651 627 1733; x_wconf 91' lang='lat' dir='ltr'><strong>symptomate&#39;</strong></span> <span class='ocrx_word' id='word_1_76' title='bbox 614 1671 683 1733; x_wconf 77' lang='lat' dir='ltr'><strong>yam</strong></span> <span class='ocrx_word' id='word_1_77' title='bbox 707 1671 801 1734; x_wconf 81' lang='lat' dir='ltr'><strong>saepe</strong></span> <span class='ocrx_word' id='word_1_78' title='bbox 821 1658 1001 1715; x_wconf 90' lang='lat' dir='ltr'><strong>memorato</strong></span> <span class='ocrx_word' id='word_1_79' title='bbox 1025 1651 1236 1728; x_wconf 81' lang='lat' dir='ltr'><strong>laborantem,</strong></span> <span class='ocrx_word' id='word_1_80' title='bbox 1258 1656 1378 1714; x_wconf 86' lang='lat' dir='ltr'><strong>tracta·</strong></span> 
     </span>
     <span class='ocr_line' id='line_1_12' title="bbox 280 1746 1377 1836; baseline -0.003 -19"><span class='ocrx_word' id='word_1_81' title='bbox 280 1746 359 1817; x_wconf 89' lang='lat' dir='ltr'><strong>bam.</strong></span> <span class='ocrx_word' id='word_1_82' title='bbox 402 1753 592 1831; x_wconf 78' lang='lat' dir='ltr'><strong>Extraetoe</strong></span> <span class='ocrx_word' id='word_1_83' title='bbox 606 1751 737 1816; x_wconf 90' lang='lat' dir='ltr'><strong>brachio</strong></span> <span class='ocrx_word' id='word_1_84' title='bbox 752 1754 919 1835; x_wconf 85' lang='lat' dir='ltr'><strong>sanguine,</strong></span> <span class='ocrx_word' id='word_1_85' title='bbox 931 1759 966 1816; x_wconf 92' lang='lat' dir='ltr'><strong>et</strong></span> <span class='ocrx_word' id='word_1_86' title='bbox 981 1752 1171 1836; x_wconf 80' lang='lat' dir='ltr'><strong>clysteribus</strong></span> <span class='ocrx_word' id='word_1_87' title='bbox 1184 1773 1243 1835; x_wconf 90' lang='lat' dir='ltr'><strong>per</strong></span> <span class='ocrx_word' id='word_1_88' title='bbox 1257 1751 1377 1834; x_wconf 88' lang='lat' dir='ltr'><strong>primos</strong></span> 
     </span>
     <span class='ocr_line' id='line_1_13' title="bbox 280 1852 1377 1940; baseline -0.005 -16"><span class='ocrx_word' id='word_1_89' title='bbox 280 1852 396 1937; x_wconf 77' lang='lat' dir='ltr'><strong>aliquot</strong></span> <span class='ocrx_word' id='word_1_90' title='bbox 414 1855 523 1920; x_wconf 87' lang='lat' dir='ltr'><strong>morbi</strong></span> <span class='ocrx_word' id='word_1_91' title='bbox 538 1855 605 1918; x_wconf 90' lang='lat' dir='ltr'><strong>dies</strong></span> <span class='ocrx_word' id='word_1_92' title='bbox 624 1856 794 1920; x_wconf 90' lang='lat' dir='ltr'><strong>continuos</strong></span> <span class='ocrx_word' id='word_1_93' title='bbox 811 1856 949 1940; x_wconf 88' lang='lat' dir='ltr'><strong>injectis,</strong></span> <span class='ocrx_word' id='word_1_94' title='bbox 965 1856 1262 1938; x_wconf 87' lang='lat' dir='ltr'><strong>importunissimae</strong></span> <span class='ocrx_word' id='word_1_95' title='bbox 1279 1855 1377 1918; x_wconf 90' lang='lat' dir='ltr'><strong>matri</strong></span> 
     </span>
     <span class='ocr_line' id='line_1_14' title="bbox 281 1952 1377 2041; baseline 0.002 -24"><span class='ocrx_word' id='word_1_96' title='bbox 281 1952 455 2035; x_wconf 89' lang='lat' dir='ltr'><strong>obstabam,</strong></span> <span class='ocrx_word' id='word_1_97' title='bbox 468 1979 550 2039; x_wconf 90' lang='lat' dir='ltr'><strong>quae</strong></span> <span class='ocrx_word' id='word_1_98' title='bbox 564 1978 633 2020; x_wconf 89' lang='lat' dir='ltr'><strong>rem</strong></span> <span class='ocrx_word' id='word_1_99' title='bbox 647 1978 745 2041; x_wconf 85' lang='lat' dir='ltr'><strong>ocyus</strong></span> <span class='ocrx_word' id='word_1_100' title='bbox 757 1958 916 2041; x_wconf 83' lang='lat' dir='ltr'><strong>expedire¹</strong></span> <span class='ocrx_word' id='word_1_101' title='bbox 927 1958 1044 2021; x_wconf 88' lang='lat' dir='ltr'><strong>acriter</strong></span> <span class='ocrx_word' id='word_1_102' title='bbox 1057 1957 1194 2039; x_wconf 87' lang='lat' dir='ltr'><strong>urgebat</strong></span> <span class='ocrx_word' id='word_1_103' title='bbox 1205 1979 1302 2040; x_wconf 94' lang='lat' dir='ltr'><strong>quam</strong></span> <span class='ocrx_word' id='word_1_104' title='bbox 1316 1978 1377 2039; x_wconf 85' lang='lat' dir='ltr'><strong>ego</strong></span> 
     </span>
     <span class='ocr_line' id='line_1_15' title="bbox 280 2058 1376 2143; baseline 0.001 -22"><span class='ocrx_word' id='word_1_105' title='bbox 280 2075 349 2120; x_wconf 83' lang='lat' dir='ltr'><strong>oum</strong></span> <span class='ocrx_word' id='word_1_106' title='bbox 363 2061 470 2122; x_wconf 90' lang='lat' dir='ltr'><strong>salute</strong></span> <span class='ocrx_word' id='word_1_107' title='bbox 486 2059 543 2122; x_wconf 85' lang='lat' dir='ltr'><strong>lilii</strong></span> <span class='ocrx_word' id='word_1_108' title='bbox 558 2065 643 2122; x_wconf 83' lang='lat' dir='ltr'><strong>stare</strong></span> <span class='ocrx_word' id='word_1_109' title='bbox 658 2079 750 2142; x_wconf 90' lang='lat' dir='ltr'><strong>posse</strong></span> <span class='ocrx_word' id='word_1_110' title='bbox 761 2058 949 2124; x_wconf 84' lang='lat' dir='ltr'><strong>arbitrabar.</strong></span> <span class='ocrx_word' id='word_1_111' title='bbox 995 2060 1090 2124; x_wconf 87' lang='lat' dir='ltr'><strong>Datis</strong></span> <span class='ocrx_word' id='word_1_112' title='bbox 1104 2060 1213 2143; x_wconf 87' lang='lat' dir='ltr'><strong>itaquo</strong></span> <span class='ocrx_word' id='word_1_113' title='bbox 1227 2059 1376 2138; x_wconf 88' lang='lat' dir='ltr'><strong>induciis,</strong></span> 
     </span>
     <span class='ocr_line' id='line_1_16' title="bbox 280 2158 1376 2246; baseline -0.002 -20"><span class='ocrx_word' id='word_1_114' title='bbox 280 2158 429 2244; x_wconf 83' lang='lat' dir='ltr'><strong>nulloque</strong></span> <span class='ocrx_word' id='word_1_115' title='bbox 451 2161 688 2224; x_wconf 90' lang='lat' dir='ltr'><strong>medicamento</strong></span> <span class='ocrx_word' id='word_1_116' title='bbox 713 2162 776 2225; x_wconf 87' lang='lat' dir='ltr'><strong>alio</strong></span> <span class='ocrx_word' id='word_1_117' title='bbox 797 2161 968 2245; x_wconf 88' lang='lat' dir='ltr'><strong>propinato</strong></span> <span class='ocrx_word' id='word_1_118' title='bbox 988 2168 1116 2244; x_wconf 89' lang='lat' dir='ltr'><strong>praeter</strong></span> <span class='ocrx_word' id='word_1_119' title='bbox 1136 2161 1296 2246; x_wconf 84' lang='lat' dir='ltr'><strong>julapium</strong></span> <span class='ocrx_word' id='word_1_120' title='bbox 1318 2161 1376 2224; x_wconf 88' lang='lat' dir='ltr'><strong>ali·</strong></span> 
     </span>
     <span class='ocr_line' id='line_1_17' title="bbox 280 2260 1376 2348; baseline 0.004 -26"><span class='ocrx_word' id='word_1_121' title='bbox 280 2260 396 2340; x_wconf 91' lang='lat' dir='ltr'><strong>quode</strong></span> <span class='ocrx_word' id='word_1_122' title='bbox 415 2262 612 2346; x_wconf 81' lang='lat' dir='ltr'><strong>vulgaribus,</strong></span> <span class='ocrx_word' id='word_1_123' title='bbox 631 2263 728 2346; x_wconf 92' lang='lat' dir='ltr'><strong>(quod</strong></span> <span class='ocrx_word' id='word_1_124' title='bbox 743 2263 905 2346; x_wconf 82' lang='lat' dir='ltr'><strong>pacandae</strong></span> <span class='ocrx_word' id='word_1_125' title='bbox 921 2263 1051 2346; x_wconf 92' lang='lat' dir='ltr'><strong>quidem</strong></span> <span class='ocrx_word' id='word_1_126' title='bbox 1065 2264 1162 2328; x_wconf 90' lang='lat' dir='ltr'><strong>matri</strong></span> <span class='ocrx_word' id='word_1_127' title='bbox 1179 2265 1287 2348; x_wconf 87' lang='lat' dir='ltr'><strong>potius</strong></span> <span class='ocrx_word' id='word_1_128' title='bbox 1305 2263 1376 2327; x_wconf 89' lang='lat' dir='ltr'><strong>des-</strong></span> 
     </span>
     <span class='ocr_line' id='line_1_18' title="bbox 280 2359 1377 2448; baseline 0.005 -25"><span class='ocrx_word' id='word_1_129' title='bbox 280 2359 453 2442; x_wconf 85' lang='lat' dir='ltr'><strong>tinabatur,</strong></span> <span class='ocrx_word' id='word_1_130' title='bbox 474 2385 572 2446; x_wconf 89' lang='lat' dir='ltr'><strong>quam</strong></span> <span class='ocrx_word' id='word_1_131' title='bbox 591 2364 657 2428; x_wconf 91' lang='lat' dir='ltr'><strong>filio</strong></span> <span class='ocrx_word' id='word_1_132' title='bbox 677 2364 900 2447; x_wconf 89' lang='lat' dir='ltr'><strong>restituendo,)</strong></span> <span class='ocrx_word' id='word_1_133' title='bbox 918 2365 1121 2448; x_wconf 84' lang='lat' dir='ltr'><strong>trigesimum</strong></span> <span class='ocrx_word' id='word_1_134' title='bbox 1143 2366 1270 2431; x_wconf 86' lang='lat' dir='ltr'><strong>circiter</strong></span> <span class='ocrx_word' id='word_1_135' title='bbox 1289 2365 1377 2428; x_wconf 93' lang='lat' dir='ltr'><strong>diem</strong></span> 
     </span>
     <span class='ocr_line' id='line_1_19' title="bbox 280 2465 1376 2550; baseline 0.006 -26"><span class='ocrx_word' id='word_1_136' title='bbox 280 2465 389 2530; x_wconf 92' lang='lat' dir='ltr'><strong>melius</strong></span> <span class='ocrx_word' id='word_1_137' title='bbox 419 2465 540 2530; x_wconf 87' lang='lat' dir='ltr'><strong>habere</strong></span> <span class='ocrx_word' id='word_1_138' title='bbox 569 2466 682 2550; x_wconf 90' lang='lat' dir='ltr'><strong>coepit,</strong></span> <span class='ocrx_word' id='word_1_139' title='bbox 711 2467 821 2531; x_wconf 89' lang='lat' dir='ltr'><strong>edulia</strong></span> <span class='ocrx_word' id='word_1_140' title='bbox 848 2467 936 2530; x_wconf 88' lang='lat' dir='ltr'><strong>varia</strong></span> <span class='ocrx_word' id='word_1_141' title='bbox 965 2468 1062 2532; x_wconf 87' lang='lat' dir='ltr'><strong>etiam</strong></span> <span class='ocrx_word' id='word_1_142' title='bbox 1093 2469 1232 2532; x_wconf 90' lang='lat' dir='ltr'><strong>absurda</strong></span> <span class='ocrx_word' id='word_1_143' title='bbox 1259 2467 1376 2531; x_wconf 87' lang='lat' dir='ltr'><strong>misere</strong></span> 
     </span>
     <span class='ocr_line' id='line_1_20' title="bbox 281 2563 1375 2653; baseline 0.003 -24"><span class='ocrx_word' id='word_1_144' title='bbox 281 2563 469 2652; x_wconf 89' lang='lat' dir='ltr'><strong>discupiens,</strong></span> <span class='ocrx_word' id='word_1_145' title='bbox 486 2590 623 2652; x_wconf 87' lang='lat' dir='ltr'><strong>quornm</strong></span> <span class='ocrx_word' id='word_1_146' title='bbox 641 2591 715 2652; x_wconf 88' lang='lat' dir='ltr'><strong>pars</strong></span> <span class='ocrx_word' id='word_1_147' title='bbox 731 2570 838 2653; x_wconf 89' lang='lat' dir='ltr'><strong>aliqua</strong></span> <span class='ocrx_word' id='word_1_148' title='bbox 857 2570 1102 2649; x_wconf 87' lang='lat' dir='ltr'><strong>concedebatur,</strong></span> <span class='ocrx_word' id='word_1_149' title='bbox 1118 2571 1193 2634; x_wconf 88' lang='lat' dir='ltr'><strong>licet</strong></span> <span class='ocrx_word' id='word_1_150' title='bbox 1207 2570 1298 2634; x_wconf 92' lang='lat' dir='ltr'><strong>nullo</strong></span> <span class='ocrx_word' id='word_1_151' title='bbox 1313 2570 1375 2633; x_wconf 87' lang='lat' dir='ltr'><strong>alio</strong></span> 
     </span>
     <span class='ocr_line' id='line_1_21' title="bbox 280 2669 1375 2756; baseline 0.002 -24"><span class='ocrx_word' id='word_1_152' title='bbox 280 2669 407 2736; x_wconf 90' lang='lat' dir='ltr'><strong>nomine</strong></span> <span class='ocrx_word' id='word_1_153' title='bbox 432 2671 565 2736; x_wconf 88' lang='lat' dir='ltr'><strong>concedi</strong></span> <span class='ocrx_word' id='word_1_154' title='bbox 586 2671 765 2737; x_wconf 85' lang='lat' dir='ltr'><strong>debuisset:</strong></span> <span class='ocrx_word' id='word_1_155' title='bbox 800 2679 896 2756; x_wconf 90' lang='lat' dir='ltr'><strong>atque</strong></span> <span class='ocrx_word' id='word_1_156' title='bbox 918 2673 966 2736; x_wconf 91' lang='lat' dir='ltr'><strong>ita</strong></span> <span class='ocrx_word' id='word_1_157' title='bbox 986 2673 1120 2737; x_wconf 91' lang='lat' dir='ltr'><strong>tandem</strong></span> <span class='ocrx_word' id='word_1_158' title='bbox 1145 2693 1274 2756; x_wconf 88' lang='lat' dir='ltr'><strong>prorsus</strong></span> <span class='ocrx_word' id='word_1_159' title='bbox 1299 2693 1375 2734; x_wconf 84' lang='lat' dir='ltr'><strong>con-</strong></span> 
     </span>
     <span class='ocr_line' id='line_1_22' title="bbox 280 2772 384 2839; baseline 0.058 -6"><span class='ocrx_word' id='word_1_160' title='bbox 280 2772 384 2839; x_wconf 87' lang='lat' dir='ltr'><strong>valuit.</strong></span> 
     </span>
    </p>

    <p class='ocr_par' dir='ltr' id='par_1_6' title="bbox 278 2873 1375 3676">
     <span class='ocr_line' id='line_1_23' title="bbox 325 2873 1375 2962; baseline -0.004 -22"><span class='ocrx_word' id='word_1_161' title='bbox 325 2876 408 2960; x_wconf 70' lang='lat'>[22]</span> <span class='ocrx_word' id='word_1_162' title='bbox 437 2875 592 2942; x_wconf 81' lang='lat' dir='ltr'><strong>Quamvis</strong></span> <span class='ocrx_word' id='word_1_163' title='bbox 621 2883 731 2942; x_wconf 88' lang='lat' dir='ltr'><strong>autem</strong></span> <span class='ocrx_word' id='word_1_164' title='bbox 760 2884 871 2962; x_wconf 84' lang='lat' dir='ltr'><strong>stupor</strong></span> <span class='ocrx_word' id='word_1_165' title='bbox 898 2876 952 2940; x_wconf 91' lang='lat' dir='ltr'><strong>hio</strong></span> <span class='ocrx_word' id='word_1_166' title='bbox 982 2877 1024 2940; x_wconf 87' lang='lat' dir='ltr'><strong>ad</strong></span> <span class='ocrx_word' id='word_1_167' title='bbox 1055 2876 1192 2940; x_wconf 86' lang='lat' dir='ltr'><strong>comatis</strong></span> <span class='ocrx_word' id='word_1_168' title='bbox 1221 2873 1375 2938; x_wconf 89' lang='lat' dir='ltr'><strong>accedens</strong></span> 
     </span>
     <span class='ocr_line' id='line_1_24' title="bbox 278 2978 1375 3064; baseline -0.003 -23"><span class='ocrx_word' id='word_1_169' title='bbox 278 2985 437 3058; x_wconf 83' lang='lat' dir='ltr'><strong>naturam,</strong></span> <span class='ocrx_word' id='word_1_170' title='bbox 463 2980 540 3044; x_wconf 88' lang='lat' dir='ltr'><strong>huic</strong></span> <span class='ocrx_word' id='word_1_171' title='bbox 565 2979 661 3044; x_wconf 88' lang='lat' dir='ltr'><strong>Febri</strong></span> <span class='ocrx_word' id='word_1_172' title='bbox 690 2981 759 3044; x_wconf 91' lang='lat' dir='ltr'><strong>aliis</strong></span> <span class='ocrx_word' id='word_1_173' title='bbox 789 2979 1013 3064; x_wconf 89' lang='lat' dir='ltr'><strong>symptomatis</strong></span> <span class='ocrx_word' id='word_1_174' title='bbox 1037 2978 1236 3061; x_wconf 85' lang='lat' dir='ltr'><strong>frequentius</strong></span> <span class='ocrx_word' id='word_1_175' title='bbox 1264 2997 1375 3058; x_wconf 84' lang='lat' dir='ltr'><strong>super·</strong></span> 
     </span>
     <span class='ocr_line' id='line_1_25' title="bbox 278 3079 1374 3165; baseline 0.001 -26"><span class='ocrx_word' id='word_1_176' title='bbox 278 3081 434 3158; x_wconf 91' lang='lat' dir='ltr'><strong>veniebat,</strong></span> <span class='ocrx_word' id='word_1_177' title='bbox 451 3081 642 3164; x_wconf 86' lang='lat' dir='ltr'><strong>quandoque</strong></span> <span class='ocrx_word' id='word_1_178' title='bbox 657 3087 767 3146; x_wconf 89' lang='lat' dir='ltr'><strong>tamen</strong></span> <span class='ocrx_word' id='word_1_179' title='bbox 785 3083 830 3165; x_wconf 81' lang='lat' dir='ltr'><strong>(at</strong></span> <span class='ocrx_word' id='word_1_180' title='bbox 847 3081 974 3162; x_wconf 68' lang='lat' dir='ltr'><strong>rarius)</strong></span> <span class='ocrx_word' id='word_1_181' title='bbox 992 3080 1157 3164; x_wconf 90' lang='lat' dir='ltr'><strong>phrenesis</strong></span> <span class='ocrx_word' id='word_1_182' title='bbox 1172 3079 1292 3161; x_wconf 87' lang='lat' dir='ltr'><strong>absque</strong></span> <span class='ocrx_word' id='word_1_183' title='bbox 1307 3084 1374 3141; x_wconf 89' lang='lat' dir='ltr'><strong>stu·</strong></span> 
     </span>
     <span class='ocr_line' id='line_1_26' title="bbox 278 3181 1375 3267; baseline -0.001 -23"><span class='ocrx_word' id='word_1_184' title='bbox 278 3199 350 3262; x_wconf 90' lang='lat' dir='ltr'><strong>pore</strong></span> <span class='ocrx_word' id='word_1_185' title='bbox 363 3184 541 3248; x_wconf 89' lang='lat' dir='ltr'><strong>nonnullos</strong></span> <span class='ocrx_word' id='word_1_186' title='bbox 555 3183 738 3264; x_wconf 86' lang='lat' dir='ltr'><strong>invadebat,</strong></span> <span class='ocrx_word' id='word_1_187' title='bbox 754 3185 789 3248; x_wconf 93' lang='lat' dir='ltr'><strong>in</strong></span> <span class='ocrx_word' id='word_1_188' title='bbox 805 3206 869 3267; x_wconf 91' lang='lat' dir='ltr'><strong>qua</strong></span> <span class='ocrx_word' id='word_1_189' title='bbox 883 3203 978 3267; x_wconf 86' lang='lat' dir='ltr'><strong>aeger</strong></span> <span class='ocrx_word' id='word_1_190' title='bbox 992 3183 1149 3247; x_wconf 90' lang='lat' dir='ltr'><strong>insomnis</strong></span> <span class='ocrx_word' id='word_1_191' title='bbox 1165 3181 1233 3244; x_wconf 91' lang='lat' dir='ltr'><strong>dies</strong></span> <span class='ocrx_word' id='word_1_192' title='bbox 1247 3187 1375 3244; x_wconf 70' lang='lat' dir='ltr'><strong>noctes</strong></span> 
     </span>
     <span class='ocr_line' id='line_1_27' title="bbox 279 3283 1375 3370; baseline -0.001 -23"><span class='ocrx_word' id='word_1_193' title='bbox 279 3303 337 3365; x_wconf 90' lang='lat' dir='ltr'><strong>que</strong></span> <span class='ocrx_word' id='word_1_194' title='bbox 363 3285 492 3369; x_wconf 84' lang='lat' dir='ltr'><strong>agebat,</strong></span> <span class='ocrx_word' id='word_1_195' title='bbox 515 3287 608 3351; x_wconf 89' lang='lat' dir='ltr'><strong>nulla</strong></span> <span class='ocrx_word' id='word_1_196' title='bbox 631 3287 757 3351; x_wconf 89' lang='lat' dir='ltr'><strong>ratione</strong></span> <span class='ocrx_word' id='word_1_197' title='bbox 785 3293 911 3370; x_wconf 89' lang='lat' dir='ltr'><strong>poterat</strong></span> <span class='ocrx_word' id='word_1_198' title='bbox 937 3286 1016 3370; x_wconf 85' lang='lat' dir='ltr'><strong>regi,</strong></span> <span class='ocrx_word' id='word_1_199' title='bbox 1040 3286 1166 3368; x_wconf 89' lang='lat' dir='ltr'><strong>aliaque</strong></span> <span class='ocrx_word' id='word_1_200' title='bbox 1190 3283 1375 3368; x_wconf 89' lang='lat' dir='ltr'><strong>patiebatur</strong></span> 
     </span>
     <span class='ocr_line' id='line_1_28' title="bbox 279 3385 1375 3472; baseline 0.002 -24"><span class='ocrx_word' id='word_1_201' title='bbox 279 3395 502 3471; x_wconf 82' lang='lat' dir='ltr'><strong>symptomata,</strong></span> <span class='ocrx_word' id='word_1_202' title='bbox 527 3388 567 3452; x_wconf 80' lang='lat' dir='ltr'><strong>iia</strong></span> <span class='ocrx_word' id='word_1_203' title='bbox 597 3389 723 3468; x_wconf 87' lang='lat' dir='ltr'><strong>similia,</strong></span> <span class='ocrx_word' id='word_1_204' title='bbox 748 3410 830 3472; x_wconf 89' lang='lat' dir='ltr'><strong>quae</strong></span> <span class='ocrx_word' id='word_1_205' title='bbox 857 3390 910 3454; x_wconf 89' lang='lat' dir='ltr'><strong>vel</strong></span> <span class='ocrx_word' id='word_1_206' title='bbox 935 3389 976 3453; x_wconf 88' lang='lat' dir='ltr'><strong>ab</strong></span> <span class='ocrx_word' id='word_1_207' title='bbox 1005 3389 1077 3453; x_wconf 87' lang='lat' dir='ltr'><strong>aliis</strong></span> <span class='ocrx_word' id='word_1_208' title='bbox 1101 3387 1256 3466; x_wconf 87' lang='lat' dir='ltr'><strong>febribus,</strong></span> <span class='ocrx_word' id='word_1_209' title='bbox 1278 3385 1329 3449; x_wconf 93' lang='lat' dir='ltr'><strong>vel</strong></span> <span class='ocrx_word' id='word_1_210' title='bbox 1354 3407 1375 3450; x_wconf 91' lang='lat' dir='ltr'><strong>a</strong></span> 
     </span>
     <span class='ocr_line' id='line_1_29' title="bbox 278 3488 1374 3573; baseline 0.003 -25"><span class='ocrx_word' id='word_1_211' title='bbox 278 3489 412 3568; x_wconf 85' lang='lat' dir='ltr'><strong>variolis,</strong></span> <span class='ocrx_word' id='word_1_212' title='bbox 427 3490 464 3553; x_wconf 92' lang='lat' dir='ltr'><strong>in</strong></span> <span class='ocrx_word' id='word_1_213' title='bbox 481 3490 656 3573; x_wconf 87' lang='lat' dir='ltr'><strong>phrenesin</strong></span> <span class='ocrx_word' id='word_1_214' title='bbox 678 3497 765 3556; x_wconf 83' lang='lat' dir='ltr'><strong>actos</strong></span> <span class='ocrx_word' id='word_1_215' title='bbox 784 3491 994 3555; x_wconf 88' lang='lat' dir='ltr'><strong>infestabant.</strong></span> <span class='ocrx_word' id='word_1_216' title='bbox 1037 3489 1191 3554; x_wconf 89' lang='lat' dir='ltr'><strong>Inducias</strong></span> <span class='ocrx_word' id='word_1_217' title='bbox 1207 3510 1276 3554; x_wconf 90' lang='lat' dir='ltr'><strong>non</strong></span> <span class='ocrx_word' id='word_1_218' title='bbox 1297 3488 1374 3552; x_wconf 90' lang='lat' dir='ltr'><strong>tulit</strong></span> 
     </span>
     <span class='ocr_line' id='line_1_30' title="bbox 279 3592 1371 3676; baseline 0.003 -25"><span class='ocrx_word' id='word_1_219' title='bbox 279 3597 459 3675; x_wconf 87' lang='lat' dir='ltr'><strong>symptoma</strong></span> <span class='ocrx_word' id='word_1_220' title='bbox 467 3593 529 3656; x_wconf 93' lang='lat' dir='ltr'><strong>hoo</strong></span> <span class='ocrx_word' id='word_1_221' title='bbox 543 3593 591 3675; x_wconf 90' lang='lat' dir='ltr'><strong>(ut</strong></span> <span class='ocrx_word' id='word_1_222' title='bbox 603 3593 727 3658; x_wconf 89' lang='lat' dir='ltr'><strong>solebat</strong></span> <span class='ocrx_word' id='word_1_223' title='bbox 736 3593 870 3658; x_wconf 85' lang='lat' dir='ltr'><strong>affectus</strong></span> <span class='ocrx_word' id='word_1_224' title='bbox 880 3599 1061 3657; x_wconf 90' lang='lat' dir='ltr'><strong>comatosus</strong></span> <span class='ocrx_word' id='word_1_225' title='bbox 1072 3593 1141 3676; x_wconf 89' lang='lat' dir='ltr'><strong>jam</strong></span> <span class='ocrx_word' id='word_1_226' title='bbox 1152 3592 1371 3673; x_wconf 84' lang='lat' dir='ltr'><strong>memoratus)</strong></span> 
     </span>
    </p>
   </div>
   <div class='ocr_carea' id='block_1_6' title="bbox 1390 1471 1519 1583">
    <p class='ocr_par' dir='ltr' id='par_1_7' title="bbox 1390 1471 1519 1583">
     <span class='ocr_line' id='line_1_31' title="bbox 1390 1471 1519 1583; baseline 0.009 -16"><span class='ocrx_word' id='word_1_227' title='bbox 1390 1519 1424 1567; x_wconf 88' lang='lat' dir='ltr'><strong>du</strong></span> <span class='ocrx_word' id='word_1_228' title='bbox 1407 1471 1519 1583; x_wconf 80' lang='lat' dir='ltr'><strong>ulgerida.</strong></span> 
     </span>
    </p>
   </div>
   <div class='ocr_carea' id='block_1_7' title="bbox 276 3691 1524 4805">
    <p class='ocr_par' dir='ltr' id='par_1_8' title="bbox 276 3691 1524 4580">
     <span class='ocr_line' id='line_1_32' title="bbox 279 3691 1373 3778; baseline 0.001 -23"><span class='ocrx_word' id='word_1_229' title='bbox 279 3691 379 3758; x_wconf 84' lang='lat' dir='ltr'><strong>donee</strong></span> <span class='ocrx_word' id='word_1_230' title='bbox 408 3695 500 3758; x_wconf 86' lang='lat' dir='ltr'><strong>fieret</strong></span> <span class='ocrx_word' id='word_1_231' title='bbox 530 3694 677 3778; x_wconf 85' lang='lat' dir='ltr'><strong>digestio,</strong></span> <span class='ocrx_word' id='word_1_232' title='bbox 708 3715 841 3777; x_wconf 86' lang='lat' dir='ltr'><strong>aegrum</strong></span> <span class='ocrx_word' id='word_1_233' title='bbox 865 3715 940 3757; x_wconf 90' lang='lat' dir='ltr'><strong>vero</strong></span> <span class='ocrx_word' id='word_1_234' title='bbox 970 3693 1059 3755; x_wconf 87' lang='lat' dir='ltr'><strong>intra</strong></span> <span class='ocrx_word' id='word_1_235' title='bbox 1083 3713 1200 3775; x_wconf 92' lang='lat' dir='ltr'><strong>paucos</strong></span> <span class='ocrx_word' id='word_1_236' title='bbox 1229 3691 1373 3768; x_wconf 89' lang='lat' dir='ltr'><strong>tollebat,</strong></span> 
     </span>
     <span class='ocr_line' id='line_1_33' title="bbox 278 3794 1516 3878; baseline -0.002 -20"><span class='ocrx_word' id='word_1_237' title='bbox 278 3795 338 3860; x_wconf 92' lang='lat' dir='ltr'><strong>nisi</strong></span> <span class='ocrx_word' id='word_1_238' title='bbox 353 3797 564 3860; x_wconf 88' lang='lat' dir='ltr'><strong>inflammatio</strong></span> <span class='ocrx_word' id='word_1_239' title='bbox 579 3795 791 3860; x_wconf 86' lang='lat' dir='ltr'><strong>cohiberetur.</strong></span> <span class='ocrx_word' id='word_1_240' title='bbox 833 3795 880 3860; x_wconf 87' lang='lat' dir='ltr'><strong>At</strong></span> <span class='ocrx_word' id='word_1_241' title='bbox 866 3801 944 3878; x_wconf 90' lang='lat' dir='ltr'><strong>tque</strong></span> <span class='ocrx_word' id='word_1_242' title='bbox 958 3794 1012 3858; x_wconf 90' lang='lat' dir='ltr'><strong>hic</strong></span> <span class='ocrx_word' id='word_1_243' title='bbox 1025 3794 1107 3857; x_wconf 91' lang='lat' dir='ltr'><strong>mihi</strong></span> <span class='ocrx_word' id='word_1_244' title='bbox 1120 3794 1283 3878; x_wconf 87' lang='lat' dir='ltr'><strong>suppetias</strong></span> <span class='ocrx_word' id='word_1_245' title='bbox 1296 3814 1373 3878; x_wconf 87' lang='lat' dir='ltr'><strong>prae</strong></span> <span class='ocrx_word' id='word_1_246' title='bbox 1386 3805 1448 3869; x_wconf 74' lang='lat' dir='ltr'><strong>Spu.</strong></span> <span class='ocrx_word' id='word_1_247' title='bbox 1461 3807 1516 3856; x_wconf 70' lang='lat' dir='ltr'><strong>viss</strong></span> 
     </span>
     <span class='ocr_line' id='line_1_34' title="bbox 279 3871 1509 3983; baseline -0.001 -21"><span class='ocrx_word' id='word_1_248' title='bbox 279 3898 409 3963; x_wconf 81' lang='lat' dir='ltr'><strong>caeteris</strong></span> <span class='ocrx_word' id='word_1_249' title='bbox 437 3899 514 3964; x_wconf 94' lang='lat' dir='ltr'><strong>tulit</strong></span> <span class='ocrx_word' id='word_1_250' title='bbox 538 3899 657 3964; x_wconf 90' lang='lat' dir='ltr'><strong>vitrioli</strong></span> <span class='ocrx_word' id='word_1_251' title='bbox 687 3899 827 3982; x_wconf 88' lang='lat' dir='ltr'><strong>spiritus,</strong></span> <span class='ocrx_word' id='word_1_252' title='bbox 855 3918 961 3981; x_wconf 89' lang='lat' dir='ltr'><strong>quem,</strong></span> <span class='ocrx_word' id='word_1_253' title='bbox 986 3903 1059 3980; x_wconf 92' lang='lat' dir='ltr'><strong>post</strong></span> <span class='ocrx_word' id='word_1_254' title='bbox 1083 3918 1197 3961; x_wconf 91' lang='lat' dir='ltr'><strong>venae-</strong></span> <span class='ocrx_word' id='word_1_255' title='bbox 1198 3871 1498 3982; x_wconf 55' lang='lat' dir='ltr'><strong>seotionemssffi</strong></span> <span class='ocrx_word' id='word_1_256' title='bbox 1466 3936 1509 3983; x_wconf 62' lang='lat' dir='ltr'><strong>de,</strong></span> 
     </span>
     <span class='ocr_line' id='line_1_35' title="bbox 279 3998 1524 4117; baseline 0.002 -55"><span class='ocrx_word' id='word_1_257' title='bbox 279 4006 374 4084; x_wconf 88' lang='lat' dir='ltr'><strong>atque</strong></span> <span class='ocrx_word' id='word_1_258' title='bbox 389 4001 545 4066; x_wconf 88' lang='lat' dir='ltr'><strong>enematis</strong></span> <span class='ocrx_word' id='word_1_259' title='bbox 564 4002 662 4065; x_wconf 90' lang='lat' dir='ltr'><strong>nnius</strong></span> <span class='ocrx_word' id='word_1_260' title='bbox 678 4003 847 4066; x_wconf 90' lang='lat' dir='ltr'><strong>alteriusve</strong></span> <span class='ocrx_word' id='word_1_261' title='bbox 865 4001 1083 4117; x_wconf 84' lang='lat' dir='ltr'><strong>injectionem,</strong></span> <span class='ocrx_word' id='word_1_262' title='bbox 1098 4001 1266 4064; x_wconf 87' lang='lat' dir='ltr'><strong>cerevisiae</strong></span> <span class='ocrx_word' id='word_1_263' title='bbox 1281 3998 1466 4065; x_wconf 69' lang='grc' dir='ltr'><strong>ιιιιιιιῑ)ΗιιιΗ</strong></span> <span class='ocrx_word' id='word_1_264' title='bbox 1435 4001 1524 4075; x_wconf 65' lang='lat' dir='ltr'><strong>assam</strong></span> 
     </span>
     <span class='ocr_line' id='line_1_36' title="bbox 278 4065 1494 4188; baseline 0 -22"><span class='ocrx_word' id='word_1_265' title='bbox 278 4099 469 4168; x_wconf 88' lang='lat' dir='ltr'><strong>instillatum</strong></span> <span class='ocrx_word' id='word_1_266' title='bbox 483 4125 541 4188; x_wconf 90' lang='lat' dir='ltr'><strong>pro</strong></span> <span class='ocrx_word' id='word_1_267' title='bbox 556 4111 636 4188; x_wconf 92' lang='lat' dir='ltr'><strong>potu</strong></span> <span class='ocrx_word' id='word_1_268' title='bbox 651 4105 812 4168; x_wconf 88' lang='lat' dir='ltr'><strong>ordinario</strong></span> <span class='ocrx_word' id='word_1_269' title='bbox 827 4105 983 4182; x_wconf 88' lang='lat' dir='ltr'><strong>concessi,</strong></span> <span class='ocrx_word' id='word_1_270' title='bbox 1000 4104 1056 4187; x_wconf 91' lang='lat' dir='ltr'><strong>qui</strong></span> <span class='ocrx_word' id='word_1_271' title='bbox 1069 4103 1158 4167; x_wconf 90' lang='lat' dir='ltr'><strong>intra</strong></span> <span class='ocrx_word' id='word_1_272' title='bbox 1172 4103 1240 4165; x_wconf 87' lang='lat' dir='ltr'><strong>dies</strong></span> <span class='ocrx_word' id='word_1_273' title='bbox 1254 4124 1372 4186; x_wconf 91' lang='lat' dir='ltr'><strong>paucos</strong></span> <span class='ocrx_word' id='word_1_274' title='bbox 1384 4065 1483 4174; x_wconf 49' lang='lat' dir='ltr'><strong>{gille</strong></span> <span class='ocrx_word' id='word_1_275' title='bbox 1458 4127 1494 4175; x_wconf 66' lang='grc' dir='ltr'><strong>ιιι</strong></span> 
     </span>
     <span class='ocr_line' id='line_1_37' title="bbox 278 4204 1371 4289; baseline -0.001 -22"><span class='ocrx_word' id='word_1_276' title='bbox 278 4209 311 4268; x_wconf 87' lang='lat' dir='ltr'><strong>et</strong></span> <span class='ocrx_word' id='word_1_277' title='bbox 324 4226 475 4270; x_wconf 90' lang='lat' dir='ltr'><strong>somnum</strong></span> <span class='ocrx_word' id='word_1_278' title='bbox 495 4207 695 4287; x_wconf 88' lang='lat' dir='ltr'><strong>conciliabat,</strong></span> <span class='ocrx_word' id='word_1_279' title='bbox 712 4213 745 4270; x_wconf 92' lang='lat' dir='ltr'><strong>et</strong></span> <span class='ocrx_word' id='word_1_280' title='bbox 763 4207 944 4285; x_wconf 90' lang='lat' dir='ltr'><strong>sanitatem,</strong></span> <span class='ocrx_word' id='word_1_281' title='bbox 960 4205 1118 4289; x_wconf 90' lang='lat' dir='ltr'><strong>superatis</strong></span> <span class='ocrx_word' id='word_1_282' title='bbox 1138 4204 1371 4288; x_wconf 90' lang='lat' dir='ltr'><strong>symptomatis,</strong></span> 
     </span>
     <span class='ocr_line' id='line_1_38' title="bbox 276 4307 1373 4393; baseline -0.002 -22"><span class='ocrx_word' id='word_1_283' title='bbox 276 4327 371 4391; x_wconf 86' lang='lat' dir='ltr'><strong>aegro</strong></span> <span class='ocrx_word' id='word_1_284' title='bbox 381 4309 554 4374; x_wconf 82' lang='lat' dir='ltr'><strong>reddebat:</strong></span> <span class='ocrx_word' id='word_1_285' title='bbox 571 4310 657 4393; x_wconf 92' lang='lat' dir='ltr'><strong>quod</strong></span> <span class='ocrx_word' id='word_1_286' title='bbox 668 4310 798 4393; x_wconf 90' lang='lat' dir='ltr'><strong>quidem</strong></span> <span class='ocrx_word' id='word_1_287' title='bbox 812 4310 902 4372; x_wconf 88' lang='lat' dir='ltr'><strong>nulla</strong></span> <span class='ocrx_word' id='word_1_288' title='bbox 913 4309 977 4373; x_wconf 89' lang='lat' dir='ltr'><strong>alia</strong></span> <span class='ocrx_word' id='word_1_289' title='bbox 991 4307 1144 4372; x_wconf 90' lang='lat' dir='ltr'><strong>methodo</strong></span> <span class='ocrx_word' id='word_1_290' title='bbox 1154 4307 1278 4370; x_wconf 91' lang='lat' dir='ltr'><strong>efficere</strong></span> <span class='ocrx_word' id='word_1_291' title='bbox 1288 4307 1373 4370; x_wconf 86' lang='lat' dir='ltr'><strong>vale·</strong></span> 
     </span>
     <span class='ocr_line' id='line_1_39' title="bbox 277 4407 1372 4496; baseline -0.001 -23"><span class='ocrx_word' id='word_1_292' title='bbox 277 4407 361 4474; x_wconf 89' lang='lat' dir='ltr'><strong>bam.</strong></span> <span class='ocrx_word' id='word_1_293' title='bbox 406 4413 516 4496; x_wconf 87' lang='lat' dir='ltr'><strong>Atque</strong></span> <span class='ocrx_word' id='word_1_294' title='bbox 539 4413 602 4478; x_wconf 93' lang='lat' dir='ltr'><strong>hoc</strong></span> <span class='ocrx_word' id='word_1_295' title='bbox 622 4413 774 4478; x_wconf 89' lang='lat' dir='ltr'><strong>reiterata</strong></span> <span class='ocrx_word' id='word_1_296' title='bbox 795 4433 889 4496; x_wconf 88' lang='lat' dir='ltr'><strong>saepe</strong></span> <span class='ocrx_word' id='word_1_297' title='bbox 914 4410 1113 4496; x_wconf 85' lang='lat' dir='ltr'><strong>experientia</strong></span> <span class='ocrx_word' id='word_1_298' title='bbox 1135 4409 1218 4473; x_wconf 92' lang='lat' dir='ltr'><strong>mihi</strong></span> <span class='ocrx_word' id='word_1_299' title='bbox 1242 4408 1372 4474; x_wconf 91' lang='lat' dir='ltr'><strong>abunde</strong></span> 
     </span>
     <span class='ocr_line' id='line_1_40' title="bbox 278 4513 454 4580; baseline -0.011 0"><span class='ocrx_word' id='word_1_300' title='bbox 278 4513 454 4580; x_wconf 79' lang='lat' dir='ltr'><strong>constabat.</strong></span> 
     </span>
    </p>

    <p class='ocr_par' dir='ltr' id='par_1_9' title="bbox 276 4616 1506 4805">
     <span class='ocr_line' id='line_1_41' title="bbox 324 4616 1506 4701; baseline -0.006 -19"><span class='ocrx_word' id='word_1_301' title='bbox 324 4617 407 4700; x_wconf 65' lang='grc' dir='ltr'><strong>[ιι]</strong></span> <span class='ocrx_word' id='word_1_302' title='bbox 434 4616 530 4680; x_wconf 85' lang='lat' dir='ltr'><strong>Febri</strong></span> <span class='ocrx_word' id='word_1_303' title='bbox 552 4618 637 4697; x_wconf 91' lang='lat' dir='ltr'><strong>huic,</strong></span> <span class='ocrx_word' id='word_1_304' title='bbox 661 4625 828 4698; x_wconf 87' lang='lat' dir='ltr'><strong>autumno,</strong></span> <span class='ocrx_word' id='word_1_305' title='bbox 854 4619 948 4698; x_wconf 84' lang='grc'><strong>1675,</strong></span> <span class='ocrx_word' id='word_1_306' title='bbox 973 4625 1006 4682; x_wconf 93' lang='lat' dir='ltr'><strong>et</strong></span> <span class='ocrx_word' id='word_1_307' title='bbox 1035 4617 1229 4700; x_wconf 88' lang='lat' dir='ltr'><strong>dejectiones</strong></span> <span class='ocrx_word' id='word_1_308' title='bbox 1256 4616 1371 4701; x_wconf 89' lang='lat' dir='ltr'><strong>dysen-</strong></span> <span class='ocrx_word' id='word_1_309' title='bbox 1384 4625 1506 4690; x_wconf 68' lang='lat' dir='ltr'><strong>Dymr</strong></span> 
     </span>
     <span class='ocr_line' id='line_1_42' title="bbox 276 4707 1512 4805; baseline 0.002 -23"><span class='ocrx_word' id='word_1_310' title='bbox 276 4719 394 4784; x_wconf 88' lang='lat' dir='ltr'><strong>terioae</strong></span> <span class='ocrx_word' id='word_1_311' title='bbox 416 4720 691 4801; x_wconf 89' lang='lat' dir='ltr'><strong>superveniebant</strong></span> <span class='ocrx_word' id='word_1_312' title='bbox 713 4721 904 4805; x_wconf 91' lang='lat' dir='ltr'><strong>quandoque</strong></span> <span class='ocrx_word' id='word_1_313' title='bbox 926 4729 960 4785; x_wconf 91' lang='lat' dir='ltr'><strong>et</strong></span> <span class='ocrx_word' id='word_1_314' title='bbox 982 4720 1158 4786; x_wconf 88' lang='lat' dir='ltr'><strong>diarrhoea.</strong></span> <span class='ocrx_word' id='word_1_315' title='bbox 1203 4720 1288 4784; x_wconf 92' lang='lat' dir='ltr'><strong>Istas</strong></span> <span class='ocrx_word' id='word_1_316' title='bbox 1310 4741 1432 4804; x_wconf 78' lang='lat' dir='ltr'><strong>ego,om</strong></span> <span class='ocrx_word' id='word_1_317' title='bbox 1382 4707 1512 4803; x_wconf 56' lang='grc' dir='ltr'><strong>ὝΨΡ</strong></span> 
     </span>
    </p>
   </div>
   <div class='ocr_carea' id='block_1_8' title="bbox 339 4846 1304 4912">
    <p class='ocr_par' dir='ltr' id='par_1_10' title="bbox 339 4846 1304 4912">
     <span class='ocr_line' id='line_1_43' title="bbox 339 4846 1304 4912; baseline 0.002 -18"><span class='ocrx_word' id='word_1_318' title='bbox 339 4846 682 4910; x_wconf 36' lang='lat' dir='ltr'><strong>kCtDlarertNEptseMd</strong></span> <span class='ocrx_word' id='word_1_319' title='bbox 988 4847 1243 4912; x_wconf 77' lang='lat' dir='ltr'><strong>¹erped]-dr&#39;rs‘sd</strong></span> <span class='ocrx_word' id='word_1_320' title='bbox 1256 4848 1304 4898; x_wconf 78' lang='grc'><strong>76.</strong></span> 
     </span>
    </p>
   </div>
   <div class='ocr_carea' id='block_1_9' title="bbox 0 0 1918 5759">
    <p class='ocr_par' dir='ltr' id='par_1_11' title="bbox 0 0 1918 5759">
     <span class='ocr_line' id='line_1_44' title="bbox 0 0 1918 5759; baseline 0 1"><span class='ocrx_word' id='word_1_321' title='bbox 0 0 1918 5759; x_wconf 95' lang='lat' dir='ltr'><strong> </strong></span> 
     </span>
    </p>
   </div>
  </div>
 </body>
</html>
