3825 5759
421 648 821 716 OBSERVA'PIONUM
842 650 1130 719 Mnnmnnunt
1152 663 1217 721 ιιι
1329 656 1375 721 dd

266 809 457 875 istiusmodi
475 810 579 876 febres
597 832 665 877 non
684 810 793 897 potius
815 812 1010 878 sortirentur
1025 814 1161 879 nomina
1181 836 1203 879 a
1219 814 1377 881 constitu·
1395 828 1528 879 nanton-

266 913 373 991 ticne,
390 920 549 997 quatenns
563 915 680 979 horum
695 914 882 979 morborum
898 916 1047 980 alterutri
1064 916 1271 1000 producendo
1290 918 1377 983 iavet
1400 906 1456 1005 ζζ,
1454 895 1519 1005 {u}

269 1016 390 1081 ecdem
407 1016 464 1081 illc
484 1022 629 1101 tempore
649 1036 714 1099 quc
734 1016 974 1101 comparebant,
989 1038 1088 1101 quam
1105 1040 1126 1083 a
1139 1019 1283 1102 qualibet
1302 1040 1377 1085 san-
1390 1023 1526 1034 ‘'-

270 1118 384 1202 gninis
403 1118 601 1197 alteratione,
617 1118 669 1183 vel
687 1124 903 1204 symptomata
919 1120 1116 1204 particulari,
1134 1142 1216 1205 quse
1233 1121 1377 1188 diversae

271 1219 394 1303 speciei
406 1219 552 1292 fibribus
573 1219 644 1304 pari
661 1220 737 1304 jure
761 1227 897 1303 possunt
918 1228 1110 1305 competere.
1159 1222 1242 1306 [14.]
1269 1223 1379 1288 Inter·

271 1322 446 1387 mittentes
455 1341 530 1386 vero
542 1322 675 1387 nomina
685 1321 748 1386 sibi
759 1322 935 1387 desumunt
946 1323 988 1388 ab
998 1324 1167 1389 intervallo
1174 1325 1377 1409 paroxysmis

270 1424 455 1507 interjecto,
471 1430 568 1507 atque
587 1422 648 1489 hoo
664 1424 795 1508 quidem
810 1424 995 1489 charactere
1008 1426 1087 1489 satis
1101 1425 1376 1505 discriminantur,

273 1526 302 1589 si
335 1526 497 1591 variarum
526 1524 625 1590 etiam
653 1525 733 1591 anni
761 1532 993 1609 tempestatum
1022 1525 1141 1609 quibus
1169 1528 1376 1611 contingunt,

271 1628 359 1693 reris
378 1629 500 1693 ιιιΙιιιι
521 1636 554 1693 et
576 1629 735 1707 autumni,
751 1628 909 1693 habeatnr
926 1628 1027 1693 ratio:
1050 1628 1127 1693 licet
1140 1650 1378 1712 nonnunquam

273 1750 388 1797 earum
404 1730 529 1814 aliquae
543 1731 584 1796 de
603 1730 891 1795 intermittentium
905 1736 1025 1795 natura
1042 1750 1153 1795 revera
1171 1730 1376 1813 participent,

273 1832 367 1897 nullo
382 1833 566 1897 charactere
581 1832 756 1898 admodum
769 1832 887 1897 visibili
906 1832 1036 1897 easdem
1050 1832 1226 1916 prodente3
1247 1839 1287 1897 nt
1301 1852 1377 1895 cum
1390 1844 1516 1910 laternis-

273 1940 479 2018 praemature
493 1935 527 2016 (J
528 1934 594 1999 nhc
604 1955 724 2013 mense,
735 1934 824 1999 verbi
836 1934 963 2017 gratia)
976 1934 1232 1999 intermittentes
1246 1940 1377 1998 annam-
1389 1916 1512 2024 {affl
1511 1940 1524 1952 '

273 2038 367 2103 nales
377 2038 712 2121 ingrediunturetquc
722 2037 976 2117 increbrescunt,
988 2059 1056 2103 non
1070 2038 1181 2103 statim
1196 2038 1376 2121 genuinum
1388 2037 1531 2101 aliquandiu

273 2140 545 2225 typumindunnt
545 2140 1082 2223 ,(quodintermittentibusvernis
1098 2140 1228 2225 quidem
1243 2140 1375 2205 solenne
1388 2103 1524 2215 mnri-

275 2244 348 2325 ιιι)
371 2242 429 2307 sed
450 2242 619 2306 continuas
639 2242 745 2307 febres
766 2242 814 2307 ita
834 2262 892 2326 per
913 2242 1023 2307 omnis
1043 2243 1225 2321 imitantur,
1245 2250 1293 2322 nt,
1311 2243 1376 2306 nisi
1388 2233 1531 2345 ffff

277 2342 526 2427 castigatissime
540 2350 694 2427 utrasque
708 2344 856 2409 examine
869 2344 1088 2423 trutinatoris,
1103 2344 1169 2409 ab'
1158 2344 1297 2409 mvicem
1311 2344 1376 2409 dis·
1388 2309 1473 2409 laeda

276 2446 445 2513 criminari
472 2468 540 2511 non
568 2446 703 2530 possint.
751 2448 798 2511 At
819 2452 929 2511 retuso
952 2448 1109 2531 paulatim
1135 2446 1377 2515 constitutionis

276 2550 403 2633 impetn
424 2556 457 2613 et
482 2548 679 2613 fiaenata'
649 2570 690 2627 ιι,
717 2549 787 2633 jam
808 2549 843 2612 in
865 2554 981 2633 typum
1003 2550 1184 2633 regularem
1212 2548 1377 2633 migrant,

277 2658 375 2734 atque
390 2656 528 2715 exeunte
545 2658 713 2729 autumno,
728 2650 816 2715 larva
829 2650 964 2735 abjecta,
979 2651 1234 2719 intermittentes
1253 2671 1289 2714 se
1308 2671 1379 2715 esse

280 2753 403 2837 (quales
423 2752 464 2817 ab
485 2752 580 2817 initio
594 2772 706 2836 reapse
725 2752 879 2835 fuerunt)
897 2754 1004 2837 palem
1026 2752 1181 2830 intentum,
1197 2752 1263 2815 sive
1282 2772 1378 2833 quar·

276 2862 373 2919 tanae
398 2854 473 2919 illae
497 2854 620 2918 fuerint
645 2854 711 2919 sive
733 2854 911 2932 tertianac;
942 2852 1029 2937 qnod
1058 2853 1087 2917 si
1111 2872 1180 2916 non
1204 2852 1378 2933 diligenter

278 2956 607 3034 animadverterimua
631 2976 707 3021 cum
730 2976 850 3039 magno
875 2974 1045 3039 aegrum
1075 2960 1261 3017 nostrorum
1289 2951 1377 3015 malo

278 3059 475 3127 medicantes
496 3056 775 3136 hallucinabimur,
791 3058 870 3123 dum
891 3056 1077 3141 hujusmodi
1096 3054 1211 3133 febres,
1234 3076 1316 3139 quae
1337 3076 1377 3119 ex

278 3160 566 3225 intermittentinm
581 3180 717 3225 numero
732 3167 819 3239 sunt,
835 3180 893 3243 pro
908 3157 1072 3225 continuis
1085 3156 1168 3222 veris
1179 3164 1212 3222 et
1227 3157 1378 3241 genuinis

279 3262 470 3327 habeantur.

327 3363 410 3449 [la]
438 3364 547 3442 Porro,
566 3364 663 3448 (quod
678 3364 789 3429 sedulo
804 3364 1060 3448 advertendum)
1076 3384 1178 3447 quom
1196 3363 1305 3445 plures
1320 3363 1378 3427 ali-

281 3471 359 3549 quot
373 3464 490 3531 horum
504 3464 690 3529 morborum
705 3465 845 3529 eundem
860 3466 1000 3551 fatigent
1014 3485 1150 3543 ιιιιιιιιιι,
1165 3484 1252 3529 unus
1266 3485 1379 3529 eorum

281 3566 395 3650 aliquis
409 3566 606 3650 reliquorum
620 3566 840 3650 praedominio
854 3568 989 3651 potitur,
1004 3567 1139 3632 caeteris
1152 3566 1188 3630 in
1203 3568 1272 3649 ejus
1287 3567 1380 3650 qussi

281 3668 437 3733 ditionem
451 3668 598 3747 redactis,
614 3676 647 3733 et
668 3669 795 3753 parcius
809 3668 845 3732 id
863 3669 1017 3753 temporis
1037 3667 1261 3746 saevientibus,
1275 3668 1324 3731 ita
1341 3675 1380 3731 ut

280 3770 335 3835 illc
350 3778 543 3855 augescente
562 3770 799 3834 imminuentur
813 3770 858 3849 hi,
874 3771 1050 3854 eodemque
1069 3790 1181 3834 rursus
1194 3768 1380 3846 imminuto,

280 3892 355 3936 mox
380 3871 616 3937 recrudescant.
661 3871 771 3954 Atque
795 3871 843 3935 ita
867 3871 1007 3935 vicissim
1029 3870 1181 3937 mortales
1206 3871 1379 3947 lacessunt,

280 3980 376 4057 prout
399 3972 478 4037 anni
498 3973 612 4056 genius
631 3980 664 4037 et
687 3972 845 4037 sensibilis
866 3973 949 4039 absis
964 3974 1137 4056 temperies
1156 3972 1234 4036 huic
1256 3978 1313 4035 aut
1332 3971 1381 4034 illi

281 4076 384 4159 magis
410 4075 639 4159 suffragantur.
685 4074 751 4141 Qui
776 4096 851 4139 vero
876 4074 1008 4140 morbus
1031 4076 1116 4139 circa
1140 4073 1381 4156 aequinoctium

281 4178 470 4241 autumnale
484 4177 700 4260 maximopere
714 4176 793 4241 ιιι-ιι
804 4184 837 4241 et
848 4176 1137 4241 cumulatissimsm
1148 4174 1216 4237 edit
1227 4181 1406 4287 stragem,

280 4279 381 4343 totius
410 4279 489 4343 anni
513 4278 739 4342 constitutioni
768 4299 888 4343 nomen
917 4277 1063 4359 impertit
1091 4294 1206 4351 suum,
1236 4274 1381 4356 quisquis
1393 4292 1444 4355 ap
1435 4291 1509 4340 ιιιι
1510 4291 1533 4338 ι

281 4383 369 4447 enim
383 4381 482 4446 fucrit
501 4379 698 4457 morborum,
715 4381 771 4495 qui
785 4400 824 4443 es
840 4384 1034 4462 tempestate
1048 4394 1125 4459 prae
1143 4374 1301 4439 caeteris
1291 4396 1380 4440 msa·
1391 4357 1480 4433 ΜΟ
1392 4370 1527 4543 Ἓξ

280 4484 388 4563 luerit,
403 4482 621 4568 principatum
635 4482 782 4547 omnium
802 4482 857 4565 qui
876 4482 939 4545 isto
961 4500 1048 4543 anno
1067 4476 1236 4557 invadunt,
1250 4435 1440 4543 chenu-{¹1⁸5

281 4586 343 4653 isse
361 4586 455 4650 facile
475 4580 742 4666 deprehendetur,
762 4584 855 4667 cujus
875 4580 1008 4694 ingenio
1029 4577 1208 4663 Epidemici
1223 4526 1522 4662 quotquotfflm‘ssll
1520 4567 1532 4581 '

283 4696 360 4755 srmt
385 4686 562 4773 σιἰγχρονοι
590 4700 624 4743 se
653 4683 905 4759 accommodant,
930 4681 968 4743 in
993 4686 1153 4764 quantum
1180 4701 1293 4745 eorum
1317 4680 1501 4791 fer-tw*

282 4784 532 4871 mturs:[16.]
552 4778 641 4841 verbi
655 4784 768 4863 gratia
780 4805 854 4849 cum
863 4780 1000 4847 variolae
1014 4802 1054 4847 ee
1067 4787 1211 4863 tempore
1225 4777 1380 4843 latissime

818 4906 836 4947 r
