<?xml version="1.0" encoding="UTF-8"?>
<!DOCTYPE html PUBLIC "-//W3C//DTD XHTML 1.0 Transitional//EN"
    "http://www.w3.org/TR/xhtml1/DTD/xhtml1-transitional.dtd">
<html xmlns="http://www.w3.org/1999/xhtml" xml:lang="en" lang="en">
 <head>
  <title>
</title>
<meta http-equiv="Content-Type" content="text/html;charset=utf-8" />
  <meta name='ocr-system' content='tesseract 3.04.00' />
  <meta name='ocr-capabilities' content='ocr_page ocr_carea ocr_par ocr_line ocrx_word'/>
</head>
<body>
  <div class='ocr_page' id='page_1' title='image "./thomaesydenhamm00greegoog_0050.png"; bbox 0 0 3825 5759; ppageno 0'>
   <div class='ocr_carea' id='block_1_1' title="bbox 498 658 1277 729">
    <p class='ocr_par' dir='ltr' id='par_1_1' title="bbox 498 658 1277 729">
     <span class='ocr_line' id='line_1_1' title="bbox 498 658 1277 729; baseline -0.01 0"><span class='ocrx_word' id='word_1_1' title='bbox 498 668 540 729; x_wconf 79' lang='lat'><strong>14</strong></span> <span class='ocrx_word' id='word_1_2' title='bbox 799 660 995 727; x_wconf 79' lang='grc' dir='ltr'><strong>ΤΗΟΜΑΕ</strong></span> <span class='ocrx_word' id='word_1_3' title='bbox 1019 658 1277 724; x_wconf 82' lang='lat' dir='ltr'><strong>SYDENHAM</strong></span> 
     </span>
    </p>
   </div>
   <div class='ocr_carea' id='block_1_2' title="bbox 346 815 1632 3051">
    <p class='ocr_par' dir='ltr' id='par_1_2' title="bbox 346 815 1632 3051">
     <span class='ocr_line' id='line_1_2' title="bbox 367 815 1599 901; baseline 0 -17"><span class='ocrx_word' id='word_1_4' title='bbox 367 837 464 885; x_wconf 72' lang='lat' dir='ltr'><strong>Pasas.</strong></span> <span class='ocrx_word' id='word_1_5' title='bbox 496 828 721 891; x_wconf 79' lang='lat' dir='ltr'>inconcussam</span> <span class='ocrx_word' id='word_1_6' title='bbox 751 824 960 888; x_wconf 87' lang='lat' dir='ltr'><strong>substernens</strong></span> <span class='ocrx_word' id='word_1_7' title='bbox 984 820 1087 898; x_wconf 88' lang='lat' dir='ltr'><strong>basin,</strong></span> <span class='ocrx_word' id='word_1_8' title='bbox 1112 818 1259 882; x_wconf 85' lang='lat' dir='ltr'><strong>videlicet</strong></span> <span class='ocrx_word' id='word_1_9' title='bbox 1287 822 1308 853; x_wconf 88' lang='lat'><em>“</em></span> <span class='ocrx_word' id='word_1_10' title='bbox 1316 816 1456 881; x_wconf 80' lang='grc' dir='ltr'>Νούσων</span> <span class='ocrx_word' id='word_1_11' title='bbox 1485 815 1599 901; x_wconf 69' lang='lat' dir='ltr'><strong>dicier</strong></span> 
     </span>
     <span class='ocr_line' id='line_1_3' title="bbox 346 902 1597 1014; baseline 0 -33"><span class='ocrx_word' id='word_1_12' title='bbox 346 902 484 981; x_wconf 67' lang='lat' dir='ltr'>Q</span> <span class='ocrx_word' id='word_1_13' title='bbox 498 926 627 1014; x_wconf 61' lang='lat' dir='ltr'><strong>empse</strong></span> <span class='ocrx_word' id='word_1_14' title='bbox 649 922 1167 1011; x_wconf 76' lang='lat' dir='ltr'><strong>[Epid.vi.5.1.t.iii.p.606.]</strong></span> <span class='ocrx_word' id='word_1_15' title='bbox 1187 922 1209 983; x_wconf 90' lang='lat' dir='ltr'><strong>i.</strong></span> <span class='ocrx_word' id='word_1_16' title='bbox 1221 941 1249 984; x_wconf 79' lang='lat' dir='ltr'><strong>e.</strong></span> <span class='ocrx_word' id='word_1_17' title='bbox 1264 922 1410 983; x_wconf 66' lang='lat' dir='ltr'><strong>Naturae</strong></span> <span class='ocrx_word' id='word_1_18' title='bbox 1423 920 1597 983; x_wconf 75' lang='lat' dir='ltr'><strong>maumam</strong></span> 
     </span>
     <span class='ocr_line' id='line_1_4' title="bbox 497 1022 1597 1111; baseline -0.009 -16"><span class='ocrx_word' id='word_1_19' title='bbox 497 1030 732 1111; x_wconf 61' lang='lat' dir='ltr'><strong>medicati-icen)</strong></span> <span class='ocrx_word' id='word_1_20' title='bbox 749 1028 784 1091; x_wconf 94' lang='lat' dir='ltr'><strong>id</strong></span> <span class='ocrx_word' id='word_1_21' title='bbox 798 1028 866 1110; x_wconf 86' lang='lat' dir='ltr'><strong>egit</strong></span> <span class='ocrx_word' id='word_1_22' title='bbox 884 1032 922 1089; x_wconf 91' lang='lat' dir='ltr'><strong>ut</strong></span> <span class='ocrx_word' id='word_1_23' title='bbox 941 1025 1046 1089; x_wconf 86' lang='lat' dir='ltr'><strong>morbi</strong></span> <span class='ocrx_word' id='word_1_24' title='bbox 1062 1023 1233 1107; x_wconf 87' lang='lat' dir='ltr'><strong>cujuslibet</strong></span> <span class='ocrx_word' id='word_1_25' title='bbox 1247 1022 1472 1105; x_wconf 89' lang='lat' dir='ltr'><strong>phaenomena</strong></span> <span class='ocrx_word' id='word_1_26' title='bbox 1487 1028 1597 1105; x_wconf 88' lang='lat' dir='ltr'><strong>aperte</strong></span> 
     </span>
     <span class='ocr_line' id='line_1_5' title="bbox 497 1124 1597 1214; baseline -0.008 -18"><span class='ocrx_word' id='word_1_27' title='bbox 497 1132 649 1209; x_wconf 83' lang='lat' dir='ltr'><strong>traderet,</strong></span> <span class='ocrx_word' id='word_1_28' title='bbox 664 1131 755 1194; x_wconf 90' lang='lat' dir='ltr'><strong>nulla</strong></span> <span class='ocrx_word' id='word_1_29' title='bbox 769 1128 940 1214; x_wconf 80' lang='lat' dir='ltr'>hypothesi</span> <span class='ocrx_word' id='word_1_30' title='bbox 954 1128 1077 1191; x_wconf 88' lang='lat' dir='ltr'><strong>adscita</strong></span> <span class='ocrx_word' id='word_1_31' title='bbox 1091 1134 1123 1189; x_wconf 89' lang='lat' dir='ltr'><strong>et</strong></span> <span class='ocrx_word' id='word_1_32' title='bbox 1141 1127 1177 1189; x_wconf 92' lang='lat' dir='ltr'><strong>in</strong></span> <span class='ocrx_word' id='word_1_33' title='bbox 1194 1132 1302 1209; x_wconf 88' lang='lat' dir='ltr'><strong>partes</strong></span> <span class='ocrx_word' id='word_1_34' title='bbox 1315 1124 1452 1207; x_wconf 89' lang='lat' dir='ltr'><strong>pervim</strong></span> <span class='ocrx_word' id='word_1_35' title='bbox 1473 1124 1597 1202; x_wconf 90' lang='lat' dir='ltr'><strong>adacta,</strong></span> 
     </span>
     <span class='ocr_line' id='line_1_6' title="bbox 496 1226 1596 1316; baseline -0.008 -19"><span class='ocrx_word' id='word_1_36' title='bbox 496 1240 535 1297; x_wconf 92' lang='grc' dir='ltr'><strong>ιιι</strong></span> <span class='ocrx_word' id='word_1_37' title='bbox 555 1233 590 1296; x_wconf 87' lang='lat' dir='ltr'><strong>in</strong></span> <span class='ocrx_word' id='word_1_38' title='bbox 610 1234 680 1316; x_wconf 89' lang='lat' dir='ltr'><strong>ejus</strong></span> <span class='ocrx_word' id='word_1_39' title='bbox 699 1231 789 1295; x_wconf 90' lang='lat' dir='ltr'><strong>libris</strong></span> <span class='ocrx_word' id='word_1_40' title='bbox 809 1234 857 1295; x_wconf 88' lang='lat' dir='ltr'><strong>De</strong></span> <span class='ocrx_word' id='word_1_41' title='bbox 872 1230 1006 1308; x_wconf 82' lang='lat' dir='ltr'><strong>Morbis,</strong></span> <span class='ocrx_word' id='word_1_42' title='bbox 1021 1230 1074 1292; x_wconf 86' lang='lat' dir='ltr'><strong>Dc</strong></span> <span class='ocrx_word' id='word_1_43' title='bbox 1088 1228 1321 1310; x_wconf 81' lang='lat' dir='ltr'><strong>Affectioaibar,</strong></span> <span class='ocrx_word' id='word_1_44' title='bbox 1338 1233 1398 1290; x_wconf 89' lang='lat' dir='ltr'><strong>etc.</strong></span> <span class='ocrx_word' id='word_1_45' title='bbox 1414 1226 1522 1289; x_wconf 86' lang='lat' dir='ltr'><strong>videre</strong></span> <span class='ocrx_word' id='word_1_46' title='bbox 1536 1234 1596 1290; x_wconf 90' lang='lat' dir='ltr'><strong>est.</strong></span> 
     </span>
     <span class='ocr_line' id='line_1_7' title="bbox 498 1328 1632 1421; baseline -0.007 -22"><span class='ocrx_word' id='word_1_47' title='bbox 498 1334 639 1417; x_wconf 75' lang='lat' dir='ltr'><strong>Begrlas</strong></span> <span class='ocrx_word' id='word_1_48' title='bbox 669 1334 768 1398; x_wconf 89' lang='lat' dir='ltr'><strong>etiam</strong></span> <span class='ocrx_word' id='word_1_49' title='bbox 798 1333 953 1417; x_wconf 89' lang='lat' dir='ltr'><strong>quasdam</strong></span> <span class='ocrx_word' id='word_1_50' title='bbox 981 1330 1116 1396; x_wconf 79' lang='lat' dir='ltr'><strong>tradidit</strong></span> <span class='ocrx_word' id='word_1_51' title='bbox 1138 1352 1178 1394; x_wconf 83' lang='lat' dir='ltr'><strong>er</strong></span> <span class='ocrx_word' id='word_1_52' title='bbox 1199 1330 1421 1394; x_wconf 83' lang='lat' dir='ltr'><strong>observatione</strong></span> <span class='ocrx_word' id='word_1_53' title='bbox 1451 1328 1598 1392; x_wconf 82' lang='lat' dir='ltr'><strong>methodi</strong></span> <span class='ocrx_word' id='word_1_54' title='bbox 1629 1415 1632 1421; x_wconf 24' lang='grc' dir='ltr'>Ι</span> 
     </span>
     <span class='ocr_line' id='line_1_8' title="bbox 496 1430 1597 1519; baseline -0.006 -19"><span class='ocrx_word' id='word_1_55' title='bbox 496 1437 599 1514; x_wconf 89' lang='lat' dir='ltr'><strong>istius,</strong></span> <span class='ocrx_word' id='word_1_56' title='bbox 624 1458 687 1519; x_wconf 89' lang='lat' dir='ltr'><strong>qua</strong></span> <span class='ocrx_word' id='word_1_57' title='bbox 708 1436 812 1499; x_wconf 89' lang='lat' dir='ltr'><strong>utitur</strong></span> <span class='ocrx_word' id='word_1_58' title='bbox 836 1436 966 1499; x_wconf 89' lang='lat' dir='ltr'><strong>Natura</strong></span> <span class='ocrx_word' id='word_1_59' title='bbox 986 1441 1056 1499; x_wconf 88' lang='lat' dir='ltr'><strong>tam</strong></span> <span class='ocrx_word' id='word_1_60' title='bbox 1078 1435 1113 1497; x_wconf 94' lang='lat' dir='ltr'><strong>in</strong></span> <span class='ocrx_word' id='word_1_61' title='bbox 1135 1432 1248 1496; x_wconf 89' lang='lat' dir='ltr'><strong>morbo</strong></span> <span class='ocrx_word' id='word_1_62' title='bbox 1269 1430 1483 1515; x_wconf 81' lang='lat' dir='ltr'><strong>provehendo,</strong></span> <span class='ocrx_word' id='word_1_63' title='bbox 1498 1451 1597 1513; x_wconf 92' lang='lat' dir='ltr'><strong>quam</strong></span> 
     </span>
     <span class='ocr_line' id='line_1_9' title="bbox 496 1535 1596 1620; baseline -0.006 -18"><span class='ocrx_word' id='word_1_64' title='bbox 496 1539 533 1602; x_wconf 91' lang='lat' dir='ltr'><strong>in</strong></span> <span class='ocrx_word' id='word_1_65' title='bbox 551 1537 664 1602; x_wconf 90' lang='lat' dir='ltr'><strong>eodem</strong></span> <span class='ocrx_word' id='word_1_66' title='bbox 684 1538 874 1617; x_wconf 89' lang='lat' dir='ltr'><strong>amoliendo,</strong></span> <span class='ocrx_word' id='word_1_67' title='bbox 889 1545 983 1601; x_wconf 89' lang='lat' dir='ltr'><strong>natas</strong></span> <span class='ocrx_word' id='word_1_68' title='bbox 993 1564 1002 1615; x_wconf 83' lang='lat'>3</span> <span class='ocrx_word' id='word_1_69' title='bbox 1022 1536 1201 1620; x_wconf 88' lang='lat' dir='ltr'><strong>cujusmodi</strong></span> <span class='ocrx_word' id='word_1_70' title='bbox 1221 1542 1298 1598; x_wconf 89' lang='lat' dir='ltr'><strong>sunt</strong></span> <span class='ocrx_word' id='word_1_71' title='bbox 1321 1536 1440 1598; x_wconf 87' lang='lat' dir='ltr'><strong>Coacoe</strong></span> <span class='ocrx_word' id='word_1_72' title='bbox 1458 1535 1596 1597; x_wconf 79' lang='lat' dir='ltr'><strong>Praeno-</strong></span> 
     </span>
     <span class='ocr_line' id='line_1_10' title="bbox 497 1636 1597 1723; baseline -0.005 -19"><span class='ocrx_word' id='word_1_73' title='bbox 497 1642 604 1719; x_wconf 81' lang='lat' dir='ltr'><strong>ta&#39;oaes,</strong></span> <span class='ocrx_word' id='word_1_74' title='bbox 616 1642 804 1722; x_wconf 78' lang='lat' dir='ltr'><strong>Aphmiemi,</strong></span> <span class='ocrx_word' id='word_1_75' title='bbox 821 1648 854 1705; x_wconf 91' lang='lat' dir='ltr'><strong>et</strong></span> <span class='ocrx_word' id='word_1_76' title='bbox 869 1641 993 1723; x_wconf 89' lang='lat' dir='ltr'><strong>reliqua</strong></span> <span class='ocrx_word' id='word_1_77' title='bbox 1007 1640 1041 1701; x_wconf 95' lang='lat' dir='ltr'><strong>id</strong></span> <span class='ocrx_word' id='word_1_78' title='bbox 1052 1658 1165 1720; x_wconf 87' lang='lat' dir='ltr'><strong>genua.</strong></span> <span class='ocrx_word' id='word_1_79' title='bbox 1189 1639 1298 1720; x_wconf 83' lang='lat' dir='ltr'><strong>Atque</strong></span> <span class='ocrx_word' id='word_1_80' title='bbox 1313 1637 1349 1699; x_wconf 91' lang='lat' dir='ltr'><strong>in</strong></span> <span class='ocrx_word' id='word_1_81' title='bbox 1359 1636 1410 1699; x_wconf 88' lang='lat' dir='ltr'><strong>his</strong></span> <span class='ocrx_word' id='word_1_82' title='bbox 1424 1636 1490 1699; x_wconf 86' lang='lat' dir='ltr'><strong>fere</strong></span> <span class='ocrx_word' id='word_1_83' title='bbox 1505 1636 1597 1701; x_wconf 88' lang='lat' dir='ltr'><strong>stetit</strong></span> 
     </span>
     <span class='ocr_line' id='line_1_11' title="bbox 495 1737 1597 1827; baseline -0.005 -20"><span class='ocrx_word' id='word_1_84' title='bbox 495 1764 617 1827; x_wconf 88' lang='lat' dir='ltr'><strong>magna</strong></span> <span class='ocrx_word' id='word_1_85' title='bbox 629 1744 685 1806; x_wconf 92' lang='lat' dir='ltr'><strong>illa</strong></span> <span class='ocrx_word' id='word_1_86' title='bbox 700 1743 809 1806; x_wconf 89' lang='lat' dir='ltr'><strong>Divini</strong></span> <span class='ocrx_word' id='word_1_87' title='bbox 823 1742 915 1805; x_wconf 89' lang='lat' dir='ltr'><strong>Senis</strong></span> <span class='ocrx_word' id='word_1_88' title='bbox 925 1738 1050 1824; x_wconf 79' lang='grc' dir='ltr'>θεωρία,</span> <span class='ocrx_word' id='word_1_89' title='bbox 1061 1760 1129 1802; x_wconf 85' lang='grc' dir='ltr'>ιιοιι</span> <span class='ocrx_word' id='word_1_90' title='bbox 1140 1739 1180 1803; x_wconf 89' lang='lat' dir='ltr'><strong>ab</strong></span> <span class='ocrx_word' id='word_1_91' title='bbox 1189 1740 1281 1801; x_wconf 88' lang='lat' dir='ltr'><strong>irrito</strong></span> <span class='ocrx_word' id='word_1_92' title='bbox 1291 1737 1484 1802; x_wconf 82' lang='lat' dir='ltr'><strong>lascivientis</strong></span> <span class='ocrx_word' id='word_1_93' title='bbox 1495 1737 1597 1821; x_wconf 89' lang='lat' dir='ltr'><strong>phan-</strong></span> 
     </span>
     <span class='ocr_line' id='line_1_12' title="bbox 496 1839 1598 1924; baseline -0.008 -15"><span class='ocrx_word' id='word_1_94' title='bbox 496 1846 597 1909; x_wconf 86' lang='lat' dir='ltr'><strong>tasiae</strong></span> <span class='ocrx_word' id='word_1_95' title='bbox 612 1844 780 1908; x_wconf 91' lang='lat' dir='ltr'><strong>conamine</strong></span> <span class='ocrx_word' id='word_1_96' title='bbox 795 1843 974 1924; x_wconf 87' lang='lat' dir='ltr'><strong>desumpta,</strong></span> <span class='ocrx_word' id='word_1_97' title='bbox 991 1861 1051 1904; x_wconf 91' lang='lat' dir='ltr'><strong>ceu</strong></span> <span class='ocrx_word' id='word_1_98' title='bbox 1068 1860 1152 1903; x_wconf 84' lang='lat' dir='ltr'><strong>vana</strong></span> <span class='ocrx_word' id='word_1_99' title='bbox 1171 1860 1341 1921; x_wconf 89' lang='lat' dir='ltr'><strong>aegrorum</strong></span> <span class='ocrx_word' id='word_1_100' title='bbox 1355 1839 1525 1916; x_wconf 88' lang='lat' dir='ltr'><strong>insomnia,</strong></span> <span class='ocrx_word' id='word_1_101' title='bbox 1541 1839 1598 1902; x_wconf 90' lang='lat' dir='ltr'><strong>sed</strong></span> 
     </span>
     <span class='ocr_line' id='line_1_13' title="bbox 496 1942 1598 2029; baseline -0.005 -19"><span class='ocrx_word' id='word_1_102' title='bbox 496 1947 676 2029; x_wconf 82' lang='lat' dir='ltr'><strong>legitimam</strong></span> <span class='ocrx_word' id='word_1_103' title='bbox 696 1945 850 2009; x_wconf 79' lang='lat' dir='ltr'><strong>exhibens</strong></span> <span class='ocrx_word' id='word_1_104' title='bbox 872 1942 1041 2007; x_wconf 82' lang='lat' dir='ltr'><strong>historiam</strong></span> <span class='ocrx_word' id='word_1_105' title='bbox 1064 1962 1176 2005; x_wconf 85' lang='lat' dir='ltr'><strong>earum</strong></span> <span class='ocrx_word' id='word_1_106' title='bbox 1197 1942 1345 2005; x_wconf 78' lang='lat' dir='ltr'><strong>Naturae</strong></span> <span class='ocrx_word' id='word_1_107' title='bbox 1373 1942 1598 2024; x_wconf 83' lang='lat' dir='ltr'><strong>operationum</strong></span> 
     </span>
     <span class='ocr_line' id='line_1_14' title="bbox 499 2041 1600 2131; baseline -0.004 -20"><span class='ocrx_word' id='word_1_108' title='bbox 499 2070 578 2131; x_wconf 88' lang='lat' dir='ltr'><strong>quas</strong></span> <span class='ocrx_word' id='word_1_109' title='bbox 592 2049 628 2110; x_wconf 92' lang='lat' dir='ltr'><strong>in</strong></span> <span class='ocrx_word' id='word_1_110' title='bbox 642 2048 811 2111; x_wconf 88' lang='lat' dir='ltr'><strong>hominum</strong></span> <span class='ocrx_word' id='word_1_111' title='bbox 826 2044 946 2109; x_wconf 83' lang='lat' dir='ltr'><strong>morbis</strong></span> <span class='ocrx_word' id='word_1_112' title='bbox 962 2044 1038 2108; x_wconf 91' lang='lat' dir='ltr'><strong>edit.</strong></span> <span class='ocrx_word' id='word_1_113' title='bbox 1084 2044 1169 2108; x_wconf 90' lang='lat' dir='ltr'><strong>Cum</strong></span> <span class='ocrx_word' id='word_1_114' title='bbox 1190 2064 1264 2107; x_wconf 85' lang='lat' dir='ltr'><strong>vero</strong></span> <span class='ocrx_word' id='word_1_115' title='bbox 1279 2043 1366 2107; x_wconf 89' lang='lat' dir='ltr'><strong>dicta</strong></span> <span class='ocrx_word' id='word_1_116' title='bbox 1381 2041 1495 2129; x_wconf 74' lang='lat' dir='ltr'><strong>decipio</strong></span> <span class='ocrx_word' id='word_1_117' title='bbox 1515 2044 1600 2107; x_wconf 91' lang='lat' dir='ltr'><strong>nihil</strong></span> 
     </span>
     <span class='ocr_line' id='line_1_15' title="bbox 499 2145 1599 2231; baseline -0.005 -16"><span class='ocrx_word' id='word_1_118' title='bbox 499 2156 583 2215; x_wconf 87' lang='lat' dir='ltr'><strong>esset</strong></span> <span class='ocrx_word' id='word_1_119' title='bbox 613 2149 701 2213; x_wconf 91' lang='lat' dir='ltr'><strong>aliud</strong></span> <span class='ocrx_word' id='word_1_120' title='bbox 731 2168 827 2231; x_wconf 86' lang='lat' dir='ltr'><strong>quam</strong></span> <span class='ocrx_word' id='word_1_121' title='bbox 857 2146 1015 2230; x_wconf 88' lang='lat' dir='ltr'><strong>exquisita</strong></span> <span class='ocrx_word' id='word_1_122' title='bbox 1044 2146 1192 2210; x_wconf 79' lang='lat' dir='ltr'><strong>Naturae</strong></span> <span class='ocrx_word' id='word_1_123' title='bbox 1228 2145 1408 2229; x_wconf 84' lang='lat' dir='ltr'><strong>descriptio,</strong></span> <span class='ocrx_word' id='word_1_124' title='bbox 1438 2166 1498 2228; x_wconf 90' lang='lat' dir='ltr'><strong>par</strong></span> <span class='ocrx_word' id='word_1_125' title='bbox 1528 2152 1599 2210; x_wconf 89' lang='lat' dir='ltr'><strong>erat</strong></span> 
     </span>
     <span class='ocr_line' id='line_1_16' title="bbox 499 2249 1599 2335; baseline -0.001 -19"><span class='ocrx_word' id='word_1_126' title='bbox 499 2254 632 2325; x_wconf 89' lang='lat' dir='ltr'><strong>omnino</strong></span> <span class='ocrx_word' id='word_1_127' title='bbox 651 2260 689 2315; x_wconf 92' lang='lat' dir='ltr'><strong>ut</strong></span> <span class='ocrx_word' id='word_1_128' title='bbox 707 2252 743 2315; x_wconf 93' lang='lat' dir='ltr'><strong>in</strong></span> <span class='ocrx_word' id='word_1_129' title='bbox 757 2251 847 2335; x_wconf 83' lang='lat' dir='ltr'><strong>praxi</strong></span> <span class='ocrx_word' id='word_1_130' title='bbox 862 2271 900 2314; x_wconf 92' lang='lat' dir='ltr'><strong>eo</strong></span> <span class='ocrx_word' id='word_1_131' title='bbox 914 2256 1046 2313; x_wconf 85' lang='lat' dir='ltr'><strong>tantum</strong></span> <span class='ocrx_word' id='word_1_132' title='bbox 1060 2249 1247 2328; x_wconf 88' lang='lat' dir='ltr'><strong>collimaret,</strong></span> <span class='ocrx_word' id='word_1_133' title='bbox 1262 2257 1301 2313; x_wconf 95' lang='grc' dir='ltr'><strong>ιιι</strong></span> <span class='ocrx_word' id='word_1_134' title='bbox 1316 2250 1421 2315; x_wconf 92' lang='lat' dir='ltr'><strong>eidem</strong></span> <span class='ocrx_word' id='word_1_135' title='bbox 1437 2249 1599 2315; x_wconf 86' lang='lat' dir='ltr'><strong>laboranti</strong></span> 
     </span>
     <span class='ocr_line' id='line_1_17' title="bbox 499 2350 1597 2437; baseline -0.001 -20"><span class='ocrx_word' id='word_1_136' title='bbox 499 2354 616 2437; x_wconf 84' lang='lat' dir='ltr'><strong>quibus</strong></span> <span class='ocrx_word' id='word_1_137' title='bbox 637 2360 744 2437; x_wconf 90' lang='lat' dir='ltr'><strong>posset</strong></span> <span class='ocrx_word' id='word_1_138' title='bbox 760 2352 862 2415; x_wconf 90' lang='lat' dir='ltr'><strong>modis</strong></span> <span class='ocrx_word' id='word_1_139' title='bbox 877 2350 1047 2415; x_wconf 86' lang='lat' dir='ltr'><strong>subvenire</strong></span> <span class='ocrx_word' id='word_1_140' title='bbox 1062 2350 1272 2415; x_wconf 76' lang='lat' dir='ltr'><strong>contenderet</strong></span> <span class='ocrx_word' id='word_1_141' title='bbox 1280 2377 1290 2429; x_wconf 82' lang='lat'>3</span> <span class='ocrx_word' id='word_1_142' title='bbox 1313 2352 1401 2417; x_wconf 90' lang='lat' dir='ltr'><strong>unde</strong></span> <span class='ocrx_word' id='word_1_143' title='bbox 1415 2353 1515 2416; x_wconf 90' lang='lat' dir='ltr'><strong>etiam</strong></span> <span class='ocrx_word' id='word_1_144' title='bbox 1529 2374 1597 2416; x_wconf 94' lang='lat' dir='ltr'><strong>non</strong></span> 
     </span>
     <span class='ocr_line' id='line_1_18' title="bbox 447 2454 1599 2537; baseline 0.001 -17"><span class='ocrx_word' id='word_1_145' title='bbox 447 2460 453 2466; x_wconf 82' lang='lat'>&#39;</span> <span class='ocrx_word' id='word_1_146' title='bbox 499 2457 596 2520; x_wconf 87' lang='lat' dir='ltr'><strong>aliam</strong></span> <span class='ocrx_word' id='word_1_147' title='bbox 610 2456 684 2519; x_wconf 86' lang='lat' dir='ltr'><strong>Arti</strong></span> <span class='ocrx_word' id='word_1_148' title='bbox 699 2454 873 2518; x_wconf 91' lang='lat' dir='ltr'><strong>demandat</strong></span> <span class='ocrx_word' id='word_1_149' title='bbox 887 2454 1084 2537; x_wconf 88' lang='lat' dir='ltr'><strong>provinciam</strong></span> <span class='ocrx_word' id='word_1_150' title='bbox 1098 2474 1195 2537; x_wconf 91' lang='lat' dir='ltr'><strong>quam</strong></span> <span class='ocrx_word' id='word_1_151' title='bbox 1214 2460 1252 2517; x_wconf 90' lang='lat' dir='ltr'><strong>ut</strong></span> <span class='ocrx_word' id='word_1_152' title='bbox 1273 2454 1434 2519; x_wconf 89' lang='lat' dir='ltr'><strong>deficienti</strong></span> <span class='ocrx_word' id='word_1_153' title='bbox 1451 2456 1599 2521; x_wconf 89' lang='lat' dir='ltr'><strong>Naturae</strong></span> 
     </span>
     <span class='ocr_line' id='line_1_19' title="bbox 500 2556 1598 2640; baseline 0.001 -19"><span class='ocrx_word' id='word_1_154' title='bbox 500 2564 675 2636; x_wconf 78' lang='lat' dir='ltr'><strong>niocurrat,</strong></span> <span class='ocrx_word' id='word_1_155' title='bbox 692 2557 865 2621; x_wconf 81' lang='lat' dir='ltr'><strong>effraenem</strong></span> <span class='ocrx_word' id='word_1_156' title='bbox 881 2561 1028 2620; x_wconf 67' lang='lat' dir='ltr'><strong>coerceat</strong></span> <span class='ocrx_word' id='word_1_157' title='bbox 1042 2562 1076 2620; x_wconf 90' lang='lat' dir='ltr'><strong>et</strong></span> <span class='ocrx_word' id='word_1_158' title='bbox 1090 2557 1126 2619; x_wconf 92' lang='lat' dir='ltr'><strong>in</strong></span> <span class='ocrx_word' id='word_1_159' title='bbox 1140 2556 1287 2620; x_wconf 90' lang='lat' dir='ltr'><strong>ordinem</strong></span> <span class='ocrx_word' id='word_1_160' title='bbox 1301 2557 1429 2640; x_wconf 87' lang='lat' dir='ltr'><strong>redigat</strong></span> <span class='ocrx_word' id='word_1_161' title='bbox 1436 2582 1446 2635; x_wconf 91' lang='lat'>;</span> <span class='ocrx_word' id='word_1_162' title='bbox 1471 2565 1598 2622; x_wconf 89' lang='lat' dir='ltr'><strong>utrum·</strong></span> 
     </span>
     <span class='ocr_line' id='line_1_20' title="bbox 501 2658 1598 2743; baseline 0.001 -21"><span class='ocrx_word' id='word_1_163' title='bbox 501 2680 564 2742; x_wconf 89' lang='lat' dir='ltr'><strong>que</strong></span> <span class='ocrx_word' id='word_1_164' title='bbox 589 2678 663 2723; x_wconf 84' lang='lat' dir='ltr'><strong>vero</strong></span> <span class='ocrx_word' id='word_1_165' title='bbox 686 2658 757 2736; x_wconf 93' lang='lat' dir='ltr'><strong>hoo,</strong></span> <span class='ocrx_word' id='word_1_166' title='bbox 783 2664 856 2721; x_wconf 90' lang='lat' dir='ltr'><strong>tum</strong></span> <span class='ocrx_word' id='word_1_167' title='bbox 876 2678 975 2741; x_wconf 85' lang='lat' dir='ltr'><strong>passu</strong></span> <span class='ocrx_word' id='word_1_168' title='bbox 994 2658 1060 2736; x_wconf 93' lang='lat' dir='ltr'><strong>illo,</strong></span> <span class='ocrx_word' id='word_1_169' title='bbox 1080 2663 1152 2721; x_wconf 89' lang='lat' dir='ltr'><strong>tum</strong></span> <span class='ocrx_word' id='word_1_170' title='bbox 1174 2659 1273 2721; x_wconf 91' lang='lat' dir='ltr'><strong>etiam</strong></span> <span class='ocrx_word' id='word_1_171' title='bbox 1296 2659 1460 2738; x_wconf 91' lang='lat' dir='ltr'><strong>methodo,</strong></span> <span class='ocrx_word' id='word_1_172' title='bbox 1481 2659 1598 2743; x_wconf 89' lang='lat' dir='ltr'><strong>quibus</strong></span> 
     </span>
     <span class='ocr_line' id='line_1_21' title="bbox 499 2759 1597 2843; baseline 0.001 -18"><span class='ocrx_word' id='word_1_173' title='bbox 499 2762 630 2825; x_wconf 83' lang='lat' dir='ltr'><strong>Natura</strong></span> <span class='ocrx_word' id='word_1_174' title='bbox 647 2759 797 2825; x_wconf 90' lang='lat' dir='ltr'><strong>morbum</strong></span> <span class='ocrx_word' id='word_1_175' title='bbox 817 2760 974 2843; x_wconf 85' lang='lat' dir='ltr'><strong>expellere</strong></span> <span class='ocrx_word' id='word_1_176' title='bbox 993 2760 1113 2841; x_wconf 89' lang='lat' dir='ltr'><strong>satagit</strong></span> <span class='ocrx_word' id='word_1_177' title='bbox 1131 2766 1229 2843; x_wconf 91' lang='lat' dir='ltr'><strong>atque</strong></span> <span class='ocrx_word' id='word_1_178' title='bbox 1244 2782 1399 2825; x_wconf 86' lang='lat' dir='ltr'><strong>amovere.</strong></span> <span class='ocrx_word' id='word_1_179' title='bbox 1440 2761 1597 2826; x_wconf 86' lang='lat' dir='ltr'><strong>Animad-</strong></span> 
     </span>
     <span class='ocr_line' id='line_1_22' title="bbox 500 2861 1599 2947; baseline 0.003 -20"><span class='ocrx_word' id='word_1_180' title='bbox 500 2869 639 2929; x_wconf 87' lang='lat' dir='ltr'><strong>verterat</strong></span> <span class='ocrx_word' id='word_1_181' title='bbox 664 2882 782 2947; x_wconf 85' lang='lat' dir='ltr'><strong>nempe</strong></span> <span class='ocrx_word' id='word_1_182' title='bbox 803 2862 1027 2945; x_wconf 87' lang='lat' dir='ltr'><strong>sagaeissimns</strong></span> <span class='ocrx_word' id='word_1_183' title='bbox 1052 2862 1122 2939; x_wconf 90' lang='lat' dir='ltr'><strong>Vir,</strong></span> <span class='ocrx_word' id='word_1_184' title='bbox 1151 2861 1238 2945; x_wconf 91' lang='lat' dir='ltr'><strong>quod</strong></span> <span class='ocrx_word' id='word_1_185' title='bbox 1262 2863 1329 2926; x_wconf 86' lang='lat' dir='ltr'><strong>sola</strong></span> <span class='ocrx_word' id='word_1_186' title='bbox 1353 2863 1484 2927; x_wconf 90' lang='lat' dir='ltr'><strong>Natura</strong></span> <span class='ocrx_word' id='word_1_187' title='bbox 1511 2862 1599 2932; x_wconf 76' lang='lat' dir='ltr'><strong>“rde</strong></span> 
     </span>
     <span class='ocr_line' id='line_1_23' title="bbox 501 2961 1599 3051; baseline -0.001 -20"><span class='ocrx_word' id='word_1_188' title='bbox 501 2966 630 3034; x_wconf 74' lang='grc' dir='ltr'>νούσους</span> <span class='ocrx_word' id='word_1_189' title='bbox 656 2962 840 3051; x_wconf 68' lang='lat' dir='ltr'><strong>spissandi</strong></span> <span class='ocrx_word' id='word_1_190' title='bbox 865 2964 1005 3050; x_wconf 75' lang='grc' dir='ltr'>ἐξαρκέει</span> <span class='ocrx_word' id='word_1_191' title='bbox 1032 2961 1075 3028; x_wconf 78' lang='grc' dir='ltr'><strong>τὰ</strong></span> <span class='ocrx_word' id='word_1_192' title='bbox 1102 2961 1210 3027; x_wconf 69' lang='grc' dir='ltr'><em>πάντα</em></span> <span class='ocrx_word' id='word_1_193' title='bbox 1242 2966 1360 3028; x_wconf 79' lang='grc' dir='ltr'>πᾶσι.”</span> <span class='ocrx_word' id='word_1_194' title='bbox 1409 2966 1474 3049; x_wconf 89' lang='lat' dir='ltr'><strong>[De</strong></span> <span class='ocrx_word' id='word_1_195' title='bbox 1501 2966 1599 3030; x_wconf 82' lang='lat' dir='ltr'><strong>Alr&#39;m.</strong></span> 
     </span>
    </p>
   </div>
   <div class='ocr_carea' id='block_1_3' title="bbox 500 3060 1599 3457">
    <p class='ocr_par' dir='ltr' id='par_1_3' title="bbox 500 3060 1599 3354">
     <span class='ocr_line' id='line_1_24' title="bbox 500 3060 1598 3151; baseline -0.002 -18"><span class='ocrx_word' id='word_1_196' title='bbox 500 3069 574 3133; x_wconf 80' lang='lat' dir='ltr'><strong>tii.</strong></span> <span class='ocrx_word' id='word_1_197' title='bbox 590 3090 621 3151; x_wconf 92' lang='lat' dir='ltr'><strong>p.</strong></span> <span class='ocrx_word' id='word_1_198' title='bbox 640 3060 706 3150; x_wconf 90' lang='grc'><strong>19.]</strong></span> <span class='ocrx_word' id='word_1_199' title='bbox 756 3068 865 3150; x_wconf 85' lang='lat' dir='ltr'><strong>Atque</strong></span> <span class='ocrx_word' id='word_1_200' title='bbox 886 3066 967 3130; x_wconf 90' lang='lat' dir='ltr'><strong>haec</strong></span> <span class='ocrx_word' id='word_1_201' title='bbox 985 3065 1095 3130; x_wconf 88' lang='lat' dir='ltr'><strong>omnia</strong></span> <span class='ocrx_word' id='word_1_202' title='bbox 1110 3065 1235 3147; x_wconf 85' lang='lat' dir='ltr'><strong>peragit</strong></span> <span class='ocrx_word' id='word_1_203' title='bbox 1252 3066 1382 3130; x_wconf 87' lang='lat' dir='ltr'><strong>Natura</strong></span> <span class='ocrx_word' id='word_1_204' title='bbox 1399 3067 1598 3150; x_wconf 85' lang='lat' dir='ltr'><strong>paucissimis</strong></span> 
     </span>
     <span class='ocr_line' id='line_1_25' title="bbox 501 3166 1599 3253; baseline -0.001 -19"><span class='ocrx_word' id='word_1_205' title='bbox 501 3169 806 3253; x_wconf 84' lang='lat' dir='ltr'><strong>simplicissimisque</strong></span> <span class='ocrx_word' id='word_1_206' title='bbox 828 3168 941 3250; x_wconf 84' lang='lat' dir='ltr'><strong>adjuta</strong></span> <span class='ocrx_word' id='word_1_207' title='bbox 961 3166 1177 3231; x_wconf 88' lang='lat' dir='ltr'><strong>remediorum</strong></span> <span class='ocrx_word' id='word_1_208' title='bbox 1196 3167 1351 3245; x_wconf 81' lang='lat' dir='ltr'><strong>formulis,</strong></span> <span class='ocrx_word' id='word_1_209' title='bbox 1368 3168 1485 3232; x_wconf 88' lang='lat' dir='ltr'><strong>alicubi</strong></span> <span class='ocrx_word' id='word_1_210' title='bbox 1500 3170 1599 3233; x_wconf 86' lang='lat' dir='ltr'><strong>etiam</strong></span> 
     </span>
     <span class='ocr_line' id='line_1_26' title="bbox 500 3269 1441 3354; baseline -0.004 -22"><span class='ocrx_word' id='word_1_211' title='bbox 500 3290 631 3354; x_wconf 88' lang='lat' dir='ltr'><strong>prorsus</strong></span> <span class='ocrx_word' id='word_1_212' title='bbox 644 3269 753 3331; x_wconf 90' lang='lat' dir='ltr'><strong>nullis.</strong></span> <span class='ocrx_word' id='word_1_213' title='bbox 1436 3320 1441 3328; x_wconf 90' lang='lat'><strong><em>.</em></strong></span> 
     </span>
    </p>

    <p class='ocr_par' dir='ltr' id='par_1_4' title="bbox 550 3370 1599 3457">
     <span class='ocr_line' id='line_1_27' title="bbox 550 3370 1599 3457; baseline 0.004 -24"><span class='ocrx_word' id='word_1_214' title='bbox 550 3370 633 3453; x_wconf 88' lang='grc'>[16.]</span> <span class='ocrx_word' id='word_1_215' title='bbox 660 3370 774 3433; x_wconf 86' lang='lat' dir='ltr'><strong>Altera</strong></span> <span class='ocrx_word' id='word_1_216' title='bbox 794 3371 835 3435; x_wconf 91' lang='lat' dir='ltr'><strong>ab</strong></span> <span class='ocrx_word' id='word_1_217' title='bbox 857 3370 919 3433; x_wconf 89' lang='lat' dir='ltr'><strong>hae</strong></span> <span class='ocrx_word' id='word_1_218' title='bbox 939 3370 1112 3434; x_wconf 88' lang='lat' dir='ltr'><strong>methodus</strong></span> <span class='ocrx_word' id='word_1_219' title='bbox 1126 3392 1190 3454; x_wconf 87' lang='lat' dir='ltr'><strong>qua</strong></span> <span class='ocrx_word' id='word_1_220' title='bbox 1206 3374 1270 3435; x_wconf 83' lang='lat' dir='ltr'><strong>Ars</strong></span> <span class='ocrx_word' id='word_1_221' title='bbox 1288 3371 1446 3437; x_wconf 89' lang='lat' dir='ltr'><strong>Medendi</strong></span> <span class='ocrx_word' id='word_1_222' title='bbox 1463 3374 1501 3457; x_wconf 88' lang='lat' dir='ltr'><strong>(si</strong></span> <span class='ocrx_word' id='word_1_223' title='bbox 1521 3373 1599 3457; x_wconf 88' lang='lat' dir='ltr'><strong>qnid</strong></span> 
     </span>
    </p>
   </div>
   <div class='ocr_carea' id='block_1_4' title="bbox 500 3472 1603 4891">
    <p class='ocr_par' dir='ltr' id='par_1_5' title="bbox 500 3472 1603 4891">
     <span class='ocr_line' id='line_1_28' title="bbox 501 3472 1598 3558; baseline 0 -19"><span class='ocrx_word' id='word_1_224' title='bbox 501 3494 562 3556; x_wconf 86' lang='lat' dir='ltr'><strong>ego</strong></span> <span class='ocrx_word' id='word_1_225' title='bbox 573 3472 705 3556; x_wconf 70' lang='lat' dir='ltr'><strong>judico)</strong></span> <span class='ocrx_word' id='word_1_226' title='bbox 723 3474 822 3557; x_wconf 87' lang='lat' dir='ltr'><strong>possit</strong></span> <span class='ocrx_word' id='word_1_227' title='bbox 836 3474 973 3537; x_wconf 85' lang='lat' dir='ltr'><strong>ulterius</strong></span> <span class='ocrx_word' id='word_1_228' title='bbox 986 3474 1127 3557; x_wconf 85' lang='lat' dir='ltr'><strong>provehi,</strong></span> <span class='ocrx_word' id='word_1_229' title='bbox 1142 3474 1178 3537; x_wconf 90' lang='lat' dir='ltr'><strong>in</strong></span> <span class='ocrx_word' id='word_1_230' title='bbox 1194 3493 1233 3539; x_wconf 92' lang='lat' dir='ltr'><strong>eo</strong></span> <span class='ocrx_word' id='word_1_231' title='bbox 1246 3475 1450 3558; x_wconf 86' lang='lat' dir='ltr'><strong>potissimum</strong></span> <span class='ocrx_word' id='word_1_232' title='bbox 1468 3477 1598 3540; x_wconf 88' lang='lat' dir='ltr'><strong>cardine</strong></span> 
     </span>
     <span class='ocr_line' id='line_1_29' title="bbox 500 3576 1599 3661; baseline 0.001 -22"><span class='ocrx_word' id='word_1_233' title='bbox 500 3576 647 3653; x_wconf 81' lang='lat' dir='ltr'><strong>vertitur,</strong></span> <span class='ocrx_word' id='word_1_234' title='bbox 670 3582 708 3639; x_wconf 91' lang='grc' dir='ltr'><strong>ιιι</strong></span> <span class='ocrx_word' id='word_1_235' title='bbox 737 3583 825 3640; x_wconf 90' lang='lat' dir='ltr'><strong>certa</strong></span> <span class='ocrx_word' id='word_1_236' title='bbox 854 3576 962 3659; x_wconf 88' lang='lat' dir='ltr'><strong>aliqua</strong></span> <span class='ocrx_word' id='word_1_237' title='bbox 986 3584 1020 3640; x_wconf 91' lang='lat' dir='ltr'><strong>et</strong></span> <span class='ocrx_word' id='word_1_238' title='bbox 1049 3585 1273 3641; x_wconf 89' lang='lat' dir='ltr'><strong>consummata</strong></span> <span class='ocrx_word' id='word_1_239' title='bbox 1297 3578 1439 3661; x_wconf 89' lang='lat' dir='ltr'><strong>undique</strong></span> <span class='ocrx_word' id='word_1_240' title='bbox 1468 3599 1507 3642; x_wconf 89' lang='lat' dir='ltr'><strong>ao</strong></span> <span class='ocrx_word' id='word_1_241' title='bbox 1535 3578 1599 3640; x_wconf 84' lang='lat' dir='ltr'><strong>lixa</strong></span> 
     </span>
     <span class='ocr_line' id='line_1_30' title="bbox 501 3676 1597 3761; baseline 0.002 -20"><span class='ocrx_word' id='word_1_242' title='bbox 501 3677 679 3743; x_wconf 85' lang='lat' dir='ltr'><strong>Methodus</strong></span> <span class='ocrx_word' id='word_1_243' title='bbox 695 3678 850 3742; x_wconf 90' lang='lat' dir='ltr'><strong>Medendi</strong></span> <span class='ocrx_word' id='word_1_244' title='bbox 865 3678 900 3742; x_wconf 90' lang='lat' dir='ltr'><strong>in</strong></span> <span class='ocrx_word' id='word_1_245' title='bbox 915 3676 1045 3761; x_wconf 89' lang='lat' dir='ltr'><strong>publica</strong></span> <span class='ocrx_word' id='word_1_246' title='bbox 1058 3680 1228 3744; x_wconf 91' lang='lat' dir='ltr'><strong>commoda</strong></span> <span class='ocrx_word' id='word_1_247' title='bbox 1241 3680 1397 3759; x_wconf 88' lang='lat' dir='ltr'><strong>tradatur,</strong></span> <span class='ocrx_word' id='word_1_248' title='bbox 1413 3700 1484 3743; x_wconf 90' lang='lat' dir='ltr'><strong>eam</strong></span> <span class='ocrx_word' id='word_1_249' title='bbox 1501 3680 1597 3745; x_wconf 90' lang='lat' dir='ltr'><strong>intel-</strong></span> 
     </span>
     <span class='ocr_line' id='line_1_31' title="bbox 500 3780 1599 3864; baseline 0.002 -19"><span class='ocrx_word' id='word_1_250' title='bbox 500 3781 567 3863; x_wconf 84' lang='lat' dir='ltr'><strong>ligo</strong></span> <span class='ocrx_word' id='word_1_251' title='bbox 582 3801 674 3863; x_wconf 89' lang='lat' dir='ltr'><strong>quae‚</strong></span> <span class='ocrx_word' id='word_1_252' title='bbox 690 3780 766 3845; x_wconf 87' lang='lat' dir='ltr'><strong>satis</strong></span> <span class='ocrx_word' id='word_1_253' title='bbox 784 3802 902 3863; x_wconf 89' lang='lat' dir='ltr'><strong>magno</strong></span> <span class='ocrx_word' id='word_1_254' title='bbox 928 3782 1221 3864; x_wconf 87' lang='lat' dir='ltr'><strong>experimentorum</strong></span> <span class='ocrx_word' id='word_1_255' title='bbox 1243 3805 1378 3848; x_wconf 91' lang='lat' dir='ltr'><strong>numero</strong></span> <span class='ocrx_word' id='word_1_256' title='bbox 1395 3782 1599 3849; x_wconf 88' lang='lat' dir='ltr'><strong>corroborata</strong></span> 
     </span>
     <span class='ocr_line' id='line_1_32' title="bbox 501 3882 1597 3970; baseline 0.005 -24"><span class='ocrx_word' id='word_1_257' title='bbox 501 3882 706 3965; x_wconf 85' lang='lat' dir='ltr'><strong>suffultaque,</strong></span> <span class='ocrx_word' id='word_1_258' title='bbox 724 3882 801 3947; x_wconf 89' lang='lat' dir='ltr'><strong>huic</strong></span> <span class='ocrx_word' id='word_1_259' title='bbox 814 3884 864 3947; x_wconf 83' lang='lat' dir='ltr'><strong>vel</strong></span> <span class='ocrx_word' id='word_1_260' title='bbox 885 3884 933 3947; x_wconf 92' lang='lat' dir='ltr'><strong>illi</strong></span> <span class='ocrx_word' id='word_1_261' title='bbox 948 3884 1061 3948; x_wconf 90' lang='lat' dir='ltr'><strong>morbo</strong></span> <span class='ocrx_word' id='word_1_262' title='bbox 1076 3884 1273 3951; x_wconf 86' lang='lat' dir='ltr'><strong>devincendo</strong></span> <span class='ocrx_word' id='word_1_263' title='bbox 1287 3908 1406 3970; x_wconf 88' lang='lat' dir='ltr'><strong>suppar</strong></span> <span class='ocrx_word' id='word_1_264' title='bbox 1423 3887 1597 3951; x_wconf 88' lang='lat' dir='ltr'><strong>invenitur.</strong></span> 
     </span>
     <span class='ocr_line' id='line_1_33' title="bbox 501 3984 1598 4071; baseline 0.005 -22"><span class='ocrx_word' id='word_1_265' title='bbox 501 3984 618 4067; x_wconf 91' lang='lat' dir='ltr'><strong>Neque</strong></span> <span class='ocrx_word' id='word_1_266' title='bbox 632 3985 720 4049; x_wconf 89' lang='lat' dir='ltr'><strong>enim</strong></span> <span class='ocrx_word' id='word_1_267' title='bbox 734 3984 811 4049; x_wconf 86' lang='lat' dir='ltr'><strong>satis</strong></span> <span class='ocrx_word' id='word_1_268' title='bbox 826 4006 894 4049; x_wconf 88' lang='lat' dir='ltr'><strong>esse</strong></span> <span class='ocrx_word' id='word_1_269' title='bbox 909 3984 1057 4066; x_wconf 90' lang='lat' dir='ltr'><strong>arbitror,</strong></span> <span class='ocrx_word' id='word_1_270' title='bbox 1071 3993 1111 4051; x_wconf 91' lang='grc' dir='ltr'><strong>ιιι</strong></span> <span class='ocrx_word' id='word_1_271' title='bbox 1124 4008 1289 4052; x_wconf 88' lang='lat' dir='ltr'><strong>successus</strong></span> <span class='ocrx_word' id='word_1_272' title='bbox 1303 3989 1520 4071; x_wconf 86' lang='lat' dir='ltr'><strong>particulares,</strong></span> <span class='ocrx_word' id='word_1_273' title='bbox 1532 3990 1598 4054; x_wconf 83' lang='lat' dir='ltr'><strong>sive</strong></span> 
     </span>
     <span class='ocr_line' id='line_1_34' title="bbox 502 4083 1599 4173; baseline 0.005 -24"><span class='ocrx_word' id='word_1_274' title='bbox 502 4083 652 4150; x_wconf 86' lang='lat' dir='ltr'><strong>Methodi</strong></span> <span class='ocrx_word' id='word_1_275' title='bbox 667 4086 847 4171; x_wconf 87' lang='lat' dir='ltr'><strong>cujuslibet,</strong></span> <span class='ocrx_word' id='word_1_276' title='bbox 863 4087 928 4151; x_wconf 85' lang='lat' dir='ltr'><strong>sive</strong></span> <span class='ocrx_word' id='word_1_277' title='bbox 942 4088 1042 4152; x_wconf 88' lang='lat' dir='ltr'><strong>etiam</strong></span> <span class='ocrx_word' id='word_1_278' title='bbox 1063 4090 1205 4167; x_wconf 89' lang='lat' dir='ltr'><strong>remedii,</strong></span> <span class='ocrx_word' id='word_1_279' title='bbox 1221 4090 1348 4173; x_wconf 88' lang='lat' dir='ltr'><strong>scriptis</strong></span> <span class='ocrx_word' id='word_1_280' title='bbox 1366 4091 1555 4173; x_wconf 86' lang='lat' dir='ltr'><strong>prodantur,</strong></span> <span class='ocrx_word' id='word_1_281' title='bbox 1570 4092 1599 4155; x_wconf 89' lang='lat' dir='ltr'><strong>si</strong></span> 
     </span>
     <span class='ocr_line' id='line_1_35' title="bbox 503 4190 1599 4278; baseline 0.004 -25"><span class='ocrx_word' id='word_1_282' title='bbox 503 4210 608 4273; x_wconf 90' lang='lat' dir='ltr'><strong>neque</strong></span> <span class='ocrx_word' id='word_1_283' title='bbox 622 4190 684 4255; x_wconf 89' lang='lat' dir='ltr'><strong>hoc</strong></span> <span class='ocrx_word' id='word_1_284' title='bbox 698 4211 803 4275; x_wconf 89' lang='lat' dir='ltr'><strong>neque</strong></span> <span class='ocrx_word' id='word_1_285' title='bbox 817 4191 873 4255; x_wconf 91' lang='lat' dir='ltr'><strong>illa</strong></span> <span class='ocrx_word' id='word_1_286' title='bbox 891 4192 1115 4257; x_wconf 83' lang='lat' dir='ltr'><strong>universaliter</strong></span> <span class='ocrx_word' id='word_1_287' title='bbox 1132 4199 1230 4276; x_wconf 87' lang='lat' dir='ltr'><strong>atque</strong></span> <span class='ocrx_word' id='word_1_288' title='bbox 1244 4194 1280 4257; x_wconf 91' lang='lat' dir='ltr'><strong>in</strong></span> <span class='ocrx_word' id='word_1_289' title='bbox 1294 4193 1445 4257; x_wconf 89' lang='lat' dir='ltr'><strong>omnibns</strong></span> <span class='ocrx_word' id='word_1_290' title='bbox 1465 4214 1599 4278; x_wconf 90' lang='lat' dir='ltr'><strong>scopum</strong></span> 
     </span>
     <span class='ocr_line' id='line_1_36' title="bbox 505 4292 1600 4379; baseline 0.002 -22"><span class='ocrx_word' id='word_1_291' title='bbox 505 4292 666 4377; x_wconf 86' lang='lat' dir='ltr'><strong>attingere</strong></span> <span class='ocrx_word' id='word_1_292' title='bbox 688 4293 957 4379; x_wconf 88' lang='lat' dir='ltr'><strong>deprehendatur,</strong></span> <span class='ocrx_word' id='word_1_293' title='bbox 976 4295 1089 4379; x_wconf 90' lang='lat' dir='ltr'><strong>positis</strong></span> <span class='ocrx_word' id='word_1_294' title='bbox 1113 4296 1227 4359; x_wconf 88' lang='lat' dir='ltr'><strong>saltem</strong></span> <span class='ocrx_word' id='word_1_295' title='bbox 1245 4296 1295 4359; x_wconf 91' lang='lat' dir='ltr'><strong>his</strong></span> <span class='ocrx_word' id='word_1_296' title='bbox 1312 4296 1363 4360; x_wconf 87' lang='lat' dir='ltr'><strong>vel</strong></span> <span class='ocrx_word' id='word_1_297' title='bbox 1382 4296 1446 4359; x_wconf 89' lang='lat' dir='ltr'><strong>illis</strong></span> <span class='ocrx_word' id='word_1_298' title='bbox 1463 4296 1600 4360; x_wconf 76' lang='lat' dir='ltr'><strong>circam</strong></span> 
     </span>
     <span class='ocr_line' id='line_1_37' title="bbox 505 4397 1600 4481; baseline 0.006 -24"><span class='ocrx_word' id='word_1_299' title='bbox 505 4397 641 4461; x_wconf 84' lang='lat' dir='ltr'><strong>stantiis.</strong></span> <span class='ocrx_word' id='word_1_300' title='bbox 698 4397 869 4462; x_wconf 90' lang='lat' dir='ltr'><strong>Contendo</strong></span> <span class='ocrx_word' id='word_1_301' title='bbox 894 4418 969 4461; x_wconf 84' lang='lat' dir='ltr'><strong>vero</strong></span> <span class='ocrx_word' id='word_1_302' title='bbox 992 4416 1054 4479; x_wconf 89' lang='lat' dir='ltr'><strong>ego</strong></span> <span class='ocrx_word' id='word_1_303' title='bbox 1075 4416 1135 4459; x_wconf 85' lang='lat' dir='ltr'><strong>nos</strong></span> <span class='ocrx_word' id='word_1_304' title='bbox 1154 4418 1255 4481; x_wconf 88' lang='lat' dir='ltr'><strong>aeque</strong></span> <span class='ocrx_word' id='word_1_305' title='bbox 1274 4404 1362 4463; x_wconf 91' lang='lat' dir='ltr'><strong>certo</strong></span> <span class='ocrx_word' id='word_1_306' title='bbox 1380 4398 1461 4463; x_wconf 87' lang='lat' dir='ltr'><strong>scire</strong></span> <span class='ocrx_word' id='word_1_307' title='bbox 1482 4398 1600 4464; x_wconf 85' lang='lat' dir='ltr'><strong>debere</strong></span> 
     </span>
     <span class='ocr_line' id='line_1_38' title="bbox 502 4494 1601 4583; baseline 0.007 -26"><span class='ocrx_word' id='word_1_308' title='bbox 502 4494 591 4559; x_wconf 92' lang='lat' dir='ltr'><strong>hunc</strong></span> <span class='ocrx_word' id='word_1_309' title='bbox 615 4498 745 4562; x_wconf 86' lang='lat' dir='ltr'><strong>illumve</strong></span> <span class='ocrx_word' id='word_1_310' title='bbox 770 4498 920 4563; x_wconf 89' lang='lat' dir='ltr'><strong>morbum</strong></span> <span class='ocrx_word' id='word_1_311' title='bbox 945 4505 1167 4583; x_wconf 87' lang='lat' dir='ltr'><strong>expugnatum</strong></span> <span class='ocrx_word' id='word_1_312' title='bbox 1190 4500 1240 4579; x_wconf 91' lang='lat' dir='ltr'><strong>iri,</strong></span> <span class='ocrx_word' id='word_1_313' title='bbox 1267 4501 1294 4565; x_wconf 89' lang='lat' dir='ltr'><strong>si</strong></span> <span class='ocrx_word' id='word_1_314' title='bbox 1317 4501 1393 4565; x_wconf 88' lang='lat' dir='ltr'><strong>huic</strong></span> <span class='ocrx_word' id='word_1_315' title='bbox 1423 4507 1481 4565; x_wconf 90' lang='lat' dir='ltr'><strong>aut</strong></span> <span class='ocrx_word' id='word_1_316' title='bbox 1507 4502 1601 4567; x_wconf 86' lang='lat' dir='ltr'><strong>alteri</strong></span> 
     </span>
     <span class='ocr_line' id='line_1_39' title="bbox 503 4596 1601 4685; baseline 0.009 -27"><span class='ocrx_word' id='word_1_317' title='bbox 503 4596 678 4661; x_wconf 90' lang='lat' dir='ltr'><strong>intentioni</strong></span> <span class='ocrx_word' id='word_1_318' title='bbox 697 4600 953 4680; x_wconf 78' lang='lat' dir='ltr'><strong>satisfecerimus,</strong></span> <span class='ocrx_word' id='word_1_319' title='bbox 970 4622 1007 4665; x_wconf 91' lang='lat' dir='ltr'><strong>ac</strong></span> <span class='ocrx_word' id='word_1_320' title='bbox 1022 4609 1110 4667; x_wconf 90' lang='lat' dir='ltr'><strong>certo</strong></span> <span class='ocrx_word' id='word_1_321' title='bbox 1121 4603 1190 4685; x_wconf 89' lang='lat' dir='ltr'><strong>jam</strong></span> <span class='ocrx_word' id='word_1_322' title='bbox 1209 4603 1328 4667; x_wconf 70' lang='lat' dir='ltr'><strong>snmus</strong></span> <span class='ocrx_word' id='word_1_323' title='bbox 1342 4624 1402 4668; x_wconf 88' lang='lat' dir='ltr'><strong>nos</strong></span> <span class='ocrx_word' id='word_1_324' title='bbox 1416 4603 1478 4667; x_wconf 94' lang='lat' dir='ltr'><strong>hoc</strong></span> <span class='ocrx_word' id='word_1_325' title='bbox 1500 4604 1601 4668; x_wconf 83' lang='lat' dir='ltr'><strong>aliove</strong></span> 
     </span>
     <span class='ocr_line' id='line_1_40' title="bbox 503 4700 1599 4789; baseline 0.005 -24"><span class='ocrx_word' id='word_1_326' title='bbox 503 4700 637 4765; x_wconf 82' lang='lat' dir='ltr'><strong>remedii</strong></span> <span class='ocrx_word' id='word_1_327' title='bbox 659 4720 776 4783; x_wconf 87' lang='lat' dir='ltr'><strong>genere</strong></span> <span class='ocrx_word' id='word_1_328' title='bbox 794 4702 870 4767; x_wconf 92' lang='lat' dir='ltr'><strong>huic</strong></span> <span class='ocrx_word' id='word_1_329' title='bbox 892 4711 949 4768; x_wconf 89' lang='lat' dir='ltr'><strong>aut</strong></span> <span class='ocrx_word' id='word_1_330' title='bbox 972 4705 1065 4769; x_wconf 89' lang='lat' dir='ltr'><strong>alteri</strong></span> <span class='ocrx_word' id='word_1_331' title='bbox 1088 4705 1262 4770; x_wconf 88' lang='lat' dir='ltr'><strong>intentioni</strong></span> <span class='ocrx_word' id='word_1_332' title='bbox 1284 4707 1466 4771; x_wconf 80' lang='lat' dir='ltr'><strong>satisfacere</strong></span> <span class='ocrx_word' id='word_1_333' title='bbox 1487 4726 1599 4789; x_wconf 87' lang='lat' dir='ltr'><strong>posse:</strong></span> 
     </span>
     <span class='ocr_line' id='line_1_41' title="bbox 506 4802 1603 4891; baseline 0.004 -24"><span class='ocrx_word' id='word_1_334' title='bbox 506 4802 590 4887; x_wconf 91' lang='lat' dir='ltr'><strong>quod</strong></span> <span class='ocrx_word' id='word_1_335' title='bbox 620 4802 759 4886; x_wconf 89' lang='lat' dir='ltr'><strong>quidem,</strong></span> <span class='ocrx_word' id='word_1_336' title='bbox 783 4804 858 4869; x_wconf 91' lang='lat' dir='ltr'><strong>licet</strong></span> <span class='ocrx_word' id='word_1_337' title='bbox 884 4826 951 4871; x_wconf 93' lang='lat' dir='ltr'><strong>non</strong></span> <span class='ocrx_word' id='word_1_338' title='bbox 976 4826 1101 4889; x_wconf 89' lang='lat' dir='ltr'><strong>semper</strong></span> <span class='ocrx_word' id='word_1_339' title='bbox 1129 4815 1162 4872; x_wconf 90' lang='lat' dir='ltr'><strong>et</strong></span> <span class='ocrx_word' id='word_1_340' title='bbox 1191 4807 1320 4891; x_wconf 89' lang='lat' dir='ltr'><strong>ubique,</strong></span> <span class='ocrx_word' id='word_1_341' title='bbox 1346 4808 1603 4891; x_wconf 84' lang='lat' dir='ltr'><strong>frequentissime</strong></span> 
     </span>
    </p>
   </div>
   <div class='ocr_carea' id='block_1_5' title="bbox 0 0 1928 5759">
    <p class='ocr_par' dir='ltr' id='par_1_6' title="bbox 0 0 1928 5759">
     <span class='ocr_line' id='line_1_42' title="bbox 0 0 1928 5759; baseline 0 0"><span class='ocrx_word' id='word_1_342' title='bbox 0 0 1928 5759; x_wconf 95' lang='lat' dir='ltr'><strong> </strong></span> 
     </span>
    </p>
   </div>
  </div>
 </body>
</html>
