3825 5759
474 666 478 673 ι
504 572 571 635 498
816 568 1012 635 ΤΗΟΜΑΕ
1035 570 1295 637 SYDFNHAM

352 747 491 797 Dauom
505 730 568 796 nisi
588 754 744 815 perquam
765 752 838 796 raro
863 731 916 795 liic
941 731 1072 795 morbus
1095 732 1177 796 mibi
1201 732 1387 813 occurrerit,
1406 756 1478 800 non
1502 737 1619 803 adbuc

352 812 486 926 Ιξξζζζζυ
505 834 592 899 idem
607 856 679 897 snm
694 842 855 917 expertus.
902 834 968 897 Sed
982 834 1023 898 de
1035 835 1098 898 hoc
1111 834 1226 899 obiter.

352 950 491 960 *-
554 935 662 1020 [22.]¹³
684 938 727 1000 In
740 936 890 1001 foeminis
910 936 1133 1001 affectionibus
1151 937 1320 1022 hystericis
1339 939 1488 1027 obnoxiis
1505 963 1614 1024 quan·

504 1038 610 1122 doque
625 1038 749 1116 accidit,
762 1038 857 1121 qnod,
868 1038 926 1103 ubi
940 1040 1065 1103 curatio
1078 1039 1339 1105 emanationibus
1350 1040 1444 1105 dictis
1458 1044 1612 1108 commis-

504 1164 540 1207 sa
552 1143 626 1220 fuit,
641 1142 752 1207 Febris
772 1150 845 1226 post
859 1144 1149 1209 venae-sectionem
1167 1151 1202 1209 et
1214 1146 1426 1229 purgationes
1444 1147 1610 1213 utinmo-

504 1246 538 1308 di
557 1246 687 1309 iteratas
707 1246 886 1309 etiamnum
906 1247 1001 1311 duret
1019 1255 1260 1331 procurratque.
1305 1249 1347 1313 In
1367 1250 1431 1314 boc
1448 1272 1528 1315 casu
1547 1254 1608 1317 Fe·

503 1346 579 1427 bris,
592 1348 753 1433 quaejam
767 1356 872 1431 urget,
883 1349 1054 1433 spirituum
1068 1350 1277 1414 commotioni
1287 1349 1328 1414 ab
1343 1352 1608 1417 evacuatiombns

502 1453 659 1517 excitatae
678 1452 880 1517 durationem
900 1454 969 1537 ejus
988 1453 1085 1535 plane
1103 1452 1210 1531 debet,
1225 1474 1263 1516 ac
1281 1453 1417 1536 proinde
1434 1454 1516 1536 jam,
1535 1455 1607 1518 aliis

502 1556 652 1620 omnibus
666 1556 867 1640 posthabitis,
883 1555 1094 1619 indicationes
1112 1556 1273 1619 curativae
1290 1555 1398 1639 (modo
1412 1557 1507 1639 signa
1520 1558 1605 1640 peri-

500 1660 716 1741 pneumoniae
731 1666 764 1723 et
778 1658 1041 1722 inflammationis
1059 1656 1144 1723 circa
1160 1665 1269 1741 partes
1282 1658 1395 1722 vitales
1412 1658 1545 1742 absint)
1561 1660 1605 1724 ad

501 1762 644 1845 quietem
655 1761 820 1844 spiritibus
831 1758 1047 1825 inducendam
1058 1767 1214 1825 eteorum
1225 1782 1410 1843 orgasmum
1421 1761 1603 1825 sedandum

500 1866 634 1929 omnino
656 1872 733 1928 sunt
754 1862 962 1947 dirigendae..
996 1864 1103 1930 Quem
1123 1864 1160 1927 in
1178 1864 1278 1928 finem
1296 1864 1433 1947 aingnlis
1450 1864 1603 1928 noctibus

498 1968 730 2052 paregoricum,
754 1968 840 2051 quod
864 1968 981 2049 vigiliis
1010 1966 1208 2031 debellandis
1235 1988 1295 2050 par
1319 1967 1372 2045 sit,
1394 1965 1584 2031 exhibeatur
1591 1993 1602 2045 3

498 2076 597 2153 atque
617 2070 715 2133 etiam
734 2070 970 2133 medicamenta
988 2071 1144 2151 hystorico
1163 2070 1290 2153 proprie
1308 2068 1462 2133 dictabis
1479 2070 1532 2132 vel
1551 2078 1604 2133 ter

497 2170 534 2235 in
549 2172 600 2235 die
614 2172 838 2255 injungantur,
854 2170 962 2255 qualia
975 2178 1053 2235 sunt
1066 2170 1185 2255 pilulae
1202 2192 1242 2234 ex
1255 2170 1404 2254 galbano,
1419 2190 1491 2233 nasa
1503 2170 1600 2233 foeti-

498 2274 548 2352 da,
564 2280 718 2352 castoreo,
733 2285 766 2338 et
781 2274 949 2353 similibus,
965 2280 998 2337 et
1012 2272 1137 2358 jadapia
1150 2272 1294 2357 ejusdmr
1311 2270 1429 2337 indolis
1442 2271 1479 2335 in
1492 2272 1600 2355 capite

496 2378 547 2440 Dc
561 2376 733 2459 Affeclimsc
750 2378 919 2459 Hystericc
944 2378 1092 2460 [Disccrt.
1107 2377 1211 2457 Epist.
1228 2378 1246 2461 q
1263 2378 1327 2439 103
1345 2376 1408 2459 sq]
1427 2375 1599 2460 descripta

497 2478 637 2561 Insuper
647 2478 689 2542 ad
696 2479 778 2542 vires
790 2477 1026 2555 instaurandas,
1034 2485 1069 2541 et
1079 2498 1208 2559 vaporus
1221 2480 1313 2561 (qnos
1324 2478 1461 2560 dicunt)
1472 2480 1599 2563 suppri-

496 2582 641 2661 mendos‚
651 2582 845 2646 concedatur
858 2601 973 2663 aegrae
986 2579 1107 2644 talibus
1117 2580 1273 2658 victitare,
1284 2587 1353 2644 tam
1368 2580 1474 2662 quoad
1488 2580 1599 2645 cibum

497 2708 594 2771 quam
608 2694 732 2771 potum,
749 2687 855 2770 qualia
870 2684 1029 2769 appetitui
1042 2683 1181 2748 maxime
1195 2683 1403 2747 conveniunt.

211 2854 214 2861 .
342 2809 447 2857 coracis
546 2792 602 2875 [23
606 2791 629 2875 .]
657 2793 732 2857 Jam
744 2790 881 2855 diximus
899 2790 933 2874 [q
949 2788 997 2872 5.]
1016 2787 1147 2853 Febrim
1156 2787 1251 2866 banc,
1262 2792 1335 2851 tum
1346 2808 1433 2851 anno
1442 2786 1597 2851 nltmnm

342 2874 362 2921 1³
363 2874 472 2922 eruviani
438 2894 613 2986 cuelapso,
625 2902 698 2961 tum
711 2896 850 2959 maxime
864 2892 949 2957 hoc'
939 2912 1010 2975 ipso
1024 2890 1081 2974 qui
1093 2910 1183 2954 nnnc
1196 2889 1307 2968 currit,
1319 2888 1598 2954 exacerbationem

340 2954 418 3049 idm
401 2954 484 3050 lnehu·
455 2998 658 3079 aquandum
685 2998 745 3062 sub
771 3004 900 3062 noctem
923 2994 1067 3079 quotidie
1092 2992 1260 3072 adducere,
1281 3013 1473 3077 paroxysmo
1497 2991 1597 3055 febris

337 3066 828 3180 1’Νξζξξζωᾏἱιιιιιιιιιὶιιθιιιίιιιοιι
851 3098 1042 3162 absimilem.
1087 3094 1306 3161 Quamobrem
1327 3093 1451 3159 Medici
1471 3093 1519 3157 illi
1538 3092 1597 3178 qui

340 3194 470 3323 32,an
424 3262 480 3311 rofi
472 3220 557 3263 ·usu
577 3200 764 3276 didicerant,
783 3220 896 3263 omnes
914 3197 986 3262 illas
1006 3196 1112 3262 febres
1132 3218 1215 3281 qnae
1233 3197 1283 3261 vel
1300 3196 1474 3261 minimum
1494 3197 1596 3261 inter·

339 3276 425 3374 cinni
494 3301 667 3365 mittebant
700 3302 805 3383 (saepe
834 3300 932 3363 etiam
962 3321 1045 3383 qnae
1073 3321 1116 3363 ne
1149 3299 1411 3365 intermittebant
1439 3299 1593 3383 quidem)

492 3424 550 3485 per
574 3402 663 3465 illam
689 3423 850 3465 annorum
875 3400 992 3465 seriem
1010 3402 1051 3465 ab
1077 3423 1166 3466 anno
1188 3403 1273 3467 1677
1295 3402 1338 3467 ad
1361 3402 1493 3467 initium
1514 3401 1595 3467 anni

493 3506 575 3569 1685
600 3526 620 3567 a
641 3504 759 3568 cortice
781 3504 963 3569 Pcrnviano
984 3504 1161 3569 certissime
1180 3504 1296 3587 fugari,
1316 3504 1431 3569 eodem
1450 3504 1593 3571 remedio

490 3606 575 3670 banc
590 3606 688 3671 etiarn
702 3607 831 3671 Febrim
848 3608 1086 3672 adoriebantur.
1117 3609 1215 3675 Quod
1230 3609 1370 3692 quidem,
1384 3609 1461 3674 licet
1470 3610 1593 3693 judicio

492 3708 639 3773 Rationis
654 3712 852 3794 suffragante
867 3718 1043 3791 tentarent,
1057 3734 1126 3777 non
1139 3721 1251 3777 tamen
1265 3734 1367 3797 aeque
1380 3714 1517 3779 feliciter
1529 3714 1594 3777 illis

491 3811 594 3887 cessit,
614 3818 711 3895 atque
733 3813 894 3896 prioribus
913 3814 984 3878 istis
1005 3815 1100 3879 annis
1118 3816 1309 3899 plerumque
1328 3822 1485 3881 cesserat:
1512 3816 1593 3879 mibi

491 3914 578 3978 enim
599 3922 757 3998 quantum
779 3916 870 4000 potui
890 3916 1062 4000 diligenter
1080 3918 1280 4001 perquirenti
1297 3926 1500 4001 compertum
1518 3918 1591 3997 fuit,

490 4018 587 4082 etiam
619 4040 772 4103 magnam
805 4020 930 4085 corticis
964 4021 1180 4104 quantitatem
1217 4022 1395 4086 exhibitam
1430 4021 1592 4087 rarissime

491 4142 623 4206 aegrum
649 4145 669 4188 a
694 4124 806 4189 morbo
835 4124 1006 4203 liberasse;
1038 4124 1135 4207 idque
1160 4124 1208 4188 ita
1231 4146 1372 4208 perraro,
1393 4131 1443 4204 ut,
1466 4124 1592 4207 quotics

490 4227 714 4291 restitueretur
728 4248 824 4310 aeger
842 4228 998 4311 pristinae
1017 4226 1158 4305 sanitati,
1173 4248 1234 4310 ego
1252 4227 1288 4291 id
1302 4228 1406 4311 magis
1425 4228 1592 4293 fortunato

490 4329 585 4392 alicui
600 4329 704 4393 morbi
718 4331 857 4409 eventui,
873 4352 972 4413 quam
991 4330 1118 4393 corticis
1131 4330 1264 4409 viribus,
1277 4330 1490 4395 tribuendum
1506 4330 1591 4395 arbi·

489 4436 609 4509 trarer3
632 4433 679 4495 ita
693 4434 823 4514 penitus
843 4441 952 4497 cortex
967 4431 1100 4495 descivit
1114 4432 1155 4495 ab
1175 4432 1232 4496 illa
1250 4433 1386 4496 sanandi
1400 4433 1432 4496 vi
1447 4440 1481 4497 ct
1494 4432 1592 4497 certi-

490 4532 604 4597 tudine
633 4556 697 4615 qua
721 4536 892 4617 praedictis
921 4536 985 4599 illis
1014 4535 1109 4598 annis
1137 4536 1287 4619 pollebat.
1333 4536 1464 4600 Febrim
1491 4536 1591 4600 istam

489 4631 634 4717 intelligo
654 4656 792 4718 quacum
807 4636 900 4701 nobis
919 4637 1220 4720 impraesentiarum
1240 4660 1292 4703 res
1310 4645 1370 4717 est,
1385 4660 1468 4722 quae
1483 4638 1591 4723 quoti·

876 4762 1003 4825 *Deest
1016 4766 1191 4816 tamenta
