3825 5759
499 688 876 755 OBSERVATIONES
900 690 1120 755 MEDIGAE.
1320 694 1362 755 19

262 853 378 932 vicem3
404 854 492 936 quod
506 854 576 917 fieri
600 853 729 936 quidem
751 860 858 938 potest
877 855 1106 919 nonertincta
1128 854 1249 938 speeie:
1273 854 1362 917 verbi
1392 868 1491 916 Parra.

264 956 374 1036 gretia,
398 955 537 1019 calefieri
561 962 748 1039 potestant
773 956 955 1039 refrigerari
978 958 1034 1039 qui
1058 957 1200 1041 podagra
1224 957 1361 1035 laborat,
1376 932 1514 1010 Q

262 1057 388 1141 vigente
408 1057 514 1121 adhue
532 1057 684 1141 podagra,
700 1058 840 1131 necdum
861 1057 993 1123 devicta.
1039 1059 1198 1124 Methodo
1211 1061 1282 1138 hac,
1299 1081 1363 1143 qua

264 1158 403 1224 diversae
418 1166 550 1223 tantum
565 1158 736 1242 qualitates
750 1160 1014 1239 introducuntur,
1025 1162 1131 1226 morbi
1141 1163 1280 1244 specifici
1294 1183 1362 1225 non

264 1262 362 1343 magis
376 1260 564 1325 immediate
575 1261 808 1343 perdomantur
819 1284 915 1344 quam
930 1262 1015 1344 ignis
1028 1263 1134 1345 gladio
1150 1264 1361 1345 extinguitur.

265 1362 348 1428 Quid
365 1362 465 1440 enim,
484 1361 649 1445 (obsecro)
671 1364 766 1440 calor,
787 1362 898 1445 frigus,
917 1364 1099 1443 humidum,
1118 1365 1285 1444 siccumve,
1305 1372 1363 1429 aut

264 1463 446 1529 esecundis
470 1463 678 1547 qualitatibus
701 1484 783 1546 quae
804 1464 844 1527 ab
865 1464 915 1528 his
935 1466 1089 1547 pendent,
1110 1466 1173 1529 alia
1194 1468 1302 1549 aliqua
1321 1467 1363 1531 ad

265 1566 364 1631 morbi
382 1566 582 1629 curationem
602 1565 707 1643 faciet,
724 1567 817 1649 cujus
835 1566 976 1630 essentia
988 1567 1025 1629 in
1041 1566 1158 1630 harum
1177 1569 1269 1631 nulla
1286 1591 1361 1633 con-

265 1666 369 1731 sistit?
421 1667 504 1751 [23]
534 1667 569 1730 Si
593 1667 663 1749 quis
680 1668 734 1731 hic
756 1667 908 1752 objecerit
928 1668 1006 1731 satis
1025 1688 1182 1750 magnum
1206 1670 1361 1734 remedio·

264 1789 333 1833 rum
356 1769 588 1853 Specificorum
602 1789 777 1833 numerum
795 1770 922 1853 jamdiu
935 1768 1030 1833 nobis
1049 1769 1259 1848 innotescere,
1274 1770 1363 1835 bunc

264 1869 426 1953 ipsum,si
450 1892 585 1934 examen
606 1871 702 1954 paulo
725 1870 912 1953 diligentius
934 1871 1123 1949 instituerit,
1143 1871 1179 1934 in
1201 1871 1363 1954 oppositas

265 1979 370 2054 partes
384 1972 478 2036 facile
492 1972 706 2038 transiturum
722 1972 866 2050 confido;
889 1994 965 2037 oum
978 1974 1094 2037 unicus
1109 1979 1219 2037 corten
1234 1974 1362 2036 Peruvi-

265 2092 343 2137 enus
359 2094 381 2137 a
395 2073 462 2136 suis
476 2074 603 2137 militet.
649 2074 731 2138 Toto
743 2073 830 2137 euim
846 2074 933 2138 coelo
945 2075 1068 2139 distent
1083 2096 1167 2157 quae
1180 2075 1256 2139 huic
1271 2076 1365 2141 aliive

265 2172 454 2240 indicationi
464 2175 625 2239 curativae
642 2175 795 2258 Speeifice
806 2176 1001 2259 respondent
1012 2176 1257 2255 medicamenta,
1269 2178 1321 2241 cui
1336 2179 1364 2241 si

265 2274 419 2341 faciamus
434 2277 522 2355 satis,
537 2276 669 2341 morbus
685 2276 848 2359 abigitur3
872 2284 905 2341 et
921 2298 1003 2361 quae
1024 2278 1112 2342 huno
1128 2278 1265 2343 aliumve
1279 2300 1365 2342 mor·

265 2376 341 2442 burn
367 2378 521 2461 Specifiee
541 2384 637 2461 atque
658 2378 845 2443 immediate
867 2388 1051 2462 persenam,
1071 2380 1163 2445 nullo
1183 2380 1297 2445 habito
1316 2402 1366 2445 re·

267 2487 378 2563 spectu
391 2479 432 2543 ad
445 2480 530 2544 hanc
545 2486 602 2543 aut
613 2480 702 2543 illam
717 2480 935 2545 intentionem
950 2482 1017 2545 sive
1030 2482 1263 2547 indicationem
1275 2504 1366 2546 eura-

266 2581 382 2646 tivam:
420 2582 509 2645 verbi
540 2582 653 2663 gratia,
682 2582 860 2646 mercurius
890 2589 923 2646 et
958 2605 1064 2647 sarsae
1092 2584 1216 2648 radices
1244 2585 1281 2647 in
1313 2585 1367 2647 lue

267 2678 401 2748 venerea
422 2683 572 2765 Speeiflcc
593 2684 689 2766 vulgo
712 2683 867 2762 audiunt;
893 2706 976 2767 quae
995 2692 1106 2749 tamen
1126 2708 1184 2769 pro
1206 2686 1367 2769 Specifieis

266 2785 402 2869 propriis
418 2792 514 2868 atque
529 2785 724 2849 immediatis
739 2807 806 2850 non
822 2784 943 2849 debent
957 2785 1079 2863 haberi,
1089 2788 1153 2849 nisi
1167 2788 1367 2869 argumentis

267 2888 344 2950 satis
359 2886 473 2950 validis
497 2892 593 2970 atque
615 2887 889 2970 irrefragabilibus
913 2887 1014 2969 possit
1034 2887 1149 2949 confici
1171 2888 1368 2950 mercurium

268 2990 357 3053 nulla
386 2990 526 3055 excitata
554 2990 750 3069 salivatione,
784 3010 890 3053 saraae
916 3009 991 3051 vero
1019 2988 1143 3051 radices
1173 2988 1242 3051 sine
1270 2989 1368 3053 motis

269 3091 447 3171 sudoribus,
477 3098 546 3156 tam
580 3094 742 3177 egregiam
772 3112 902 3175 operam
932 3090 1138 3173 praestitisse.
1197 3090 1252 3153 Ad
1283 3090 1368 3154 hano

268 3194 388 3276 pariter
399 3214 548 3258 normam
559 3194 614 3257 ulii
624 3195 721 3258 etiam
733 3193 838 3258 morbi
848 3192 917 3257 aliis
930 3190 1191 3255 emanationibus
1203 3199 1377 3271 curantur„

269 3314 342 3359 cum
357 3301 468 3359 tamen
479 3316 560 3379 quae
576 3296 772 3360 adhibentur
786 3294 928 3359 remedia
941 3316 1010 3358 non
1023 3293 1127 3377 magis
1141 3294 1268 3378 proprie
1281 3316 1368 3359 com-

269 3403 380 3479 petant
391 3397 595 3462 immediatae
611 3397 771 3461 curationi
781 3398 917 3461 istorum
928 3396 1116 3460 morborum
1126 3396 1182 3479 qui
1196 3397 1242 3460 eis
1254 3418 1369 3461 sanan-

269 3506 323 3562 tur
337 3499 608 3577 eracuationibus,
621 3498 737 3583 quibus
748 3498 903 3563 faciendis
912 3498 1071 3583 ejusmodi
1079 3498 1221 3562 remedia
1231 3500 1370 3564 maxime

270 3602 396 3684 proprie
420 3600 642 3685 designantia,
659 3622 757 3684 quam
772 3601 960 3684 scalpellum
983 3600 1229 3684 phlebotomum
1252 3602 1370 3685 pleuri-

270 3703 338 3779 tidi,
359 3703 446 3786 quod
464 3710 575 3768 tamen
594 3724 691 3767 nemo
706 3704 820 3787 opinor
839 3702 1022 3785 specificam
1040 3702 1139 3787 hujus
1160 3702 1264 3767 morbi
1278 3704 1371 3768 facile

273 3806 477 3889 appellaverit
484 3824 507 3869 s.

318 3907 401 3991 [24]
431 3908 584 3991 Specifica
601 3908 736 3992 proinde
754 3907 1001 3985 medicamenta,
1017 3907 1045 3970 si
1065 3906 1106 3971 ad
1123 3906 1208 3970 hanc
1227 3913 1371 3970 mentem

272 4016 416 4073 nostram
429 4011 677 4092 restringantur,
693 4032 760 4073 non
776 4009 874 4073 cuivis
889 4009 1014 4073 bomini
1029 4009 1243 4090 contingunt,
1265 4028 1372 4089 neque

271 4109 482 4174 oscitantibus
503 4118 624 4175 temere
642 4132 676 4174 sc
695 4111 850 4193 ingerunt
860 4136 869 4187 ;
896 4112 1006 4173 nullus
1028 4116 1140 4173 tamen
1160 4108 1274 4171 dubito
1293 4109 1372 4190 quin

271 4210 306 4273 in
329 4211 508 4275 exundanti
531 4212 587 4276 illa
608 4212 810 4295 plenitudine
829 4233 893 4295 qua
909 4218 1021 4291 turget
1043 4211 1173 4272 Natura
1192 4209 1371 4289 diffluitque

274 4313 332 4394 (ita
347 4313 483 4396 jubente
498 4313 631 4397 Optimo
647 4314 792 4378 Maximo
806 4334 915 4377 rerum
930 4309 1076 4375 omnium
1092 4308 1315 4389 Connrroan)
1335 4310 1372 4372 in

273 4412 474 4495 singulorum
490 4416 790 4497 praeservationem,
806 4418 1012 4497 prospectum
1031 4409 1153 4492 pariter
1168 4409 1210 4471 sit
1225 4408 1265 4471 de
1279 4429 1370 4473 cura-

272 4514 360 4578 tione
374 4514 533 4578 malorum
548 4516 651 4600 magis
665 4515 843 4595 insignium
859 4533 941 4595 quae
955 4511 1102 4574 homines
1117 4518 1252 4588 vexant,
1274 4510 1374 4593 idque

274 4615 468 4698 proforibus
486 4622 519 4679 et
537 4616 691 4699 inpatrio
713 4615 886 4695 cujuslibet
909 4613 987 4676 solo.
1033 4614 1077 4676 Et
1098 4634 1175 4676 sane
1197 4611 1372 4675 dolendum

275 4724 322 4781 est
337 4718 523 4801 plantarum
538 4724 688 4781 naturam
703 4714 850 4779 nondum
870 4714 973 4796 magis
988 4716 1152 4798 explorato
1172 4712 1265 4776 nobis
1280 4712 1377 4775 inno-·

633 4850 644 4883 Ι
662 4843 700 4891 Cl‘.
714 4842 789 4901 Epist.
803 4844 909 4905 Respaas.
922 4844 956 4889 11.
970 4843 981 4900 l
995 4843 1034 4889 ³3.
