3825 5759
352 796 491 847 Dellovse

376 863 476 913 ressa

352 928 487 977 lucrasse

353 992 495 1004 ———

351 1821 416 1885 Ejus
424 1838 491 1887 sym·

240 1942 245 1953 ¹
350 1894 468 1951 ptcmsts.

505 622 571 683 488
820 619 1016 683 ΤΗΟΜΑΕ
1040 616 1300 683 SYDENHAM

508 780 596 845 Cum
610 781 720 865 itaque
734 781 901 847 Librarius
916 782 1033 847 novam
1048 782 1260 846 Tractatuum
1273 800 1420 845 meorum
1436 780 1630 846 editionem

505 905 543 949 eo
565 891 710 969 tempore
732 885 927 964 sollicitaret,
950 886 1056 949 risum
1077 893 1127 950 est
1149 886 1369 970 conjecturam
1390 891 1473 949 tunc
1495 906 1629 963 meam,

504 987 539 1051 iu
564 1010 629 1069 qua
650 1008 704 1051 me
723 986 959 1051 hallucinatum
984 988 1084 1053 fuisse
1100 989 1168 1073 jam
1193 988 1307 1066 sentio,
1330 987 1496 1052 informa
1524 988 1629 1052 Post·

505 1089 615 1173 scripti
633 1090 763 1175 publico
782 1090 877 1155 dare⁸
886 1118 895 1169 ς
917 1092 953 1155 in
978 1113 1075 1176 quem
1098 1091 1229 1174 quidem
1248 1112 1389 1155 errorem
1411 1113 1465 1155 me
1482 1091 1630 1155 induxit

504 1192 621 1277 ingens
643 1214 897 1279 consensusque
915 1195 1028 1259 Febris
1046 1195 1127 1259 haec
1149 1216 1223 1259 cum
1247 1194 1334 1259 dicta
1355 1194 1412 1259 illa
1433 1196 1629 1280 Peripneu·

503 1296 632 1362 monica
652 1296 834 1363 luculenter
851 1298 1074 1377 conveniebat,
1091 1320 1173 1382 quae
1195 1298 1286 1363 nulla
1307 1320 1375 1362 non
1396 1298 1518 1382 hyeme
1541 1298 1629 1364 sub-

502 1398 580 1464 inde
604 1402 751 1465 occurrit
796 1402 844 1465 At
864 1422 939 1465 cum
963 1408 1085 1466 aestate
1109 1401 1365 1486 superveniente,
1383 1422 1467 1485 quae
1492 1401 1628 1465 Febres

503 1502 574 1567 illas
589 1503 895 1589 Peripneumonicas
918 1504 1042 1570 solebat
1063 1505 1187 1589 fugare,
1202 1504 1283 1569 haec
1304 1504 1517 1568 nihilominus
1544 1525 1628 1589 per·

504 1614 672 1687 severaret,
694 1608 805 1673 statim
827 1608 942 1673 erroris
964 1609 1031 1673 mei
1050 1609 1276 1693 commonitus,
1300 1607 1437 1672 Febrem
1460 1607 1555 1673 banc
1579 1608 1627 1672 ad

503 1730 620 1775 novam
635 1709 910 1778 Comtitutionem
925 1710 1137 1794 redigendam
1151 1711 1285 1777 omnino
1299 1710 1422 1775 censui.

553 1814 626 1898 [5.]'
643 1814 867 1899 symptomata
889 1814 1038 1899 diligenti
1060 1822 1221 1899 quantum
1241 1814 1334 1899 potui
1353 1812 1508 1898 indagine
1523 1837 1625 1881 eom·

503 1917 671 2001 prehensa,
687 1918 768 1983 haee
786 1919 854 1983 fere
876 1924 964 1995 sunt,
980 1924 1014 1982 et
1031 1918 1109 1982 olim
1130 1918 1241 1982 fuere:
1264 1938 1360 2000 aeger
1380 1937 1439 2000 per
1451 1918 1540 1983 vices
1563 1940 1623 1983 aa·

503 2021 571 2085 lore
586 2028 619 2085 et
633 2021 752 2104 frigore
767 2028 932 2100 tentatur,
955 2041 1185 2104 saepenumero
1196 2025 1229 2084 et
1240 2026 1338 2103 caput
1352 2026 1385 2083 et
1400 2027 1490 2085 artus
1501 2020 1623 2087 dolere

505 2125 668 2209 queritur3
691 2125 802 2209 pulsus
821 2146 974 2189 sanorum
993 2124 1101 2210 pulsui
1119 2146 1188 2188 uon
1209 2123 1366 2188 absimilis
1386 2131 1454 2204 est;
1477 2125 1622 2211 sanguis

505 2249 523 2293 e
546 2228 636 2292 venis
659 2229 794 2293 eductus
817 2230 1061 2313 pleuritieorum
1084 2229 1277 2312 sanguinem
1295 2228 1384 2292 haud
1404 2251 1477 2294 raro
1498 2252 1621 2295 aemu-

504 2330 610 2409 latur;
633 2351 730 2415 aeger
742 2338 780 2396 ut
795 2332 972 2417 plurimum
985 2332 1111 2397 laborat
1125 2332 1216 2412 tussi,
1233 2354 1315 2415 quae
1330 2332 1470 2416 quidem,
1485 2344 1620 2418 quanto

505 2435 546 2500 ab
560 2435 677 2521 hyeme
691 2436 821 2520 lougius
835 2436 960 2501 invadit
973 2436 1117 2515 morbus,
1132 2443 1226 2501 tanto
1245 2436 1350 2515 citius,
1365 2459 1433 2502 una
1447 2460 1523 2502 cum
1538 2440 1618 2503 aliis

505 2541 728 2625 symptomatia
744 2541 1045 2625 peripneumoniam
1062 2542 1177 2605 mitem
1194 2547 1227 2603 et
1246 2539 1324 2604 boui
1338 2542 1437 2605 moris
1451 2543 1617 2607 comitan-

504 2645 603 2724 tibus,
618 2645 748 2711 recedit.
793 2645 895 2709 Dolor
917 2644 1036 2707 collum
1051 2650 1084 2707 et
1098 2642 1207 2706 fauces
1224 2642 1289 2725 (hie
1303 2663 1377 2707 vero
1396 2642 1496 2707 levior
1510 2666 1615 2727 quam

503 2748 540 2814 in
555 2749 696 2833 angina)
715 2748 774 2814 sub
796 2748 938 2832 primum
955 2745 1061 2810 morbi
1082 2745 1241 2809 insultum
1256 2744 1448 2829 quandoque
1462 2754 1612 2831 occupat.

503 2854 626 2935 Febris,
642 2854 772 2919 tametsi
786 2874 916 2937 prorsus
936 2851 1092 2915 continua
1114 2849 1165 2929 sit,
1188 2869 1283 2932 saepe
1304 2855 1416 2912 tamen
1438 2850 1613 2915 exacerba-

502 2956 608 3023 tiones
627 2956 868 3023 molestissimas
885 2956 1061 3039 ingruente
1081 2959 1177 3016 nocte
1199 2958 1358 3035 apportat,
1373 2972 1441 3028 non
1461 2952 1611 3017 aliterue

504 3061 532 3125 si
556 3062 675 3146 duplex
697 3060 780 3125 foret
803 3060 952 3137 tertiana,
978 3058 1044 3121 sive
1067 3055 1264 3139 quotidiana.
1309 3054 1418 3138 Aeger
1435 3056 1549 3140 jugem
1571 3056 1610 3119 in

503 3164 587 3229 lecto
609 3162 808 3240 decubitum,
825 3160 1064 3244 quantumlibet
1083 3158 1242 3221 levissime
1265 3158 1417 3241 stragulis
1438 3144 1609 3243 coopertus

505 3266 557 3345 sit,
581 3286 649 3329 non
673 3264 742 3327 sine
767 3284 887 3345 magno
913 3283 972 3325 suo
999 3262 1143 3345 periculo
1172 3262 1356 3345 experitur,
1388 3261 1491 3326 Febre
1519 3263 1607 3326 enim

506 3367 621 3433 exinde
635 3366 671 3429 in
685 3365 853 3429 cerebrum
867 3368 967 3442 versa,
983 3364 1034 3427 vel
1051 3364 1088 3427 iu
1107 3384 1200 3428 coma
1213 3364 1265 3428 vel
1278 3364 1314 3427 in
1327 3364 1502 3448 phrenesin
1515 3365 1608 3429 facile

505 3470 637 3535 incidit:
661 3475 694 3531 et
712 3468 760 3549 (ut
778 3488 890 3531 verum
911 3466 1037 3549 fatear,)
1062 3467 1110 3531 ita
1126 3466 1273 3551 proclivis
1291 3468 1394 3531 estin
1412 3468 1474 3532 hoc
1495 3469 1608 3534 morbo

507 3572 547 3637 ad
564 3570 738 3657 phrenesin
759 3570 876 3654 lapsus,
891 3576 930 3634 ut
947 3590 1100 3653 persaepe
1122 3592 1182 3634 sna
1203 3576 1327 3654 sponte,
1342 3571 1434 3635 nulla
1451 3572 1608 3655 ejusmodi

507 3676 584 3739 data
612 3695 699 3754 ansa,
723 3674 809 3738 illico
832 3672 995 3757 subrepat.
1040 3674 1087 3737 At
1112 3694 1180 3736 nou
1202 3694 1242 3736 eo
1264 3674 1547 3739 excandescentiae
1575 3683 1607 3739 et

505 3778 622 3843 furoris
645 3777 789 3841 ascendit
806 3777 965 3861 phrenitis
994 3777 1031 3839 in
1050 3776 1113 3839 hac
1128 3774 1240 3855 Febre,
1262 3782 1361 3859 atque
1389 3775 1445 3838 illa
1468 3797 1533 3858 qua
1553 3796 1608 3839 va-

506 3882 595 3947 riolis
617 3888 714 3965 atque
736 3880 806 3945 ahie
828 3880 973 3945 febribus
995 3878 1133 3962 correpti
1154 3878 1303 3942 laborant
1312 3905 1322 3957 ;
1345 3878 1493 3962 quinimo
1513 3900 1608 3961 aeger

506 3987 614 4072 potius
637 3984 810 4068 tranquille
836 3984 962 4063 delirat,
985 3984 1166 4066 incongrua
1187 3981 1325 4045 subinde
1347 3981 1507 4045 effutiens.
1554 3980 1608 4044 Ab

507 4088 732 4175 intempestivo
761 4087 980 4152 cardiacorum
1003 4108 1067 4150 usu
1095 4092 1129 4149 et
1157 4084 1315 4168 regimine
1338 4084 1436 4167 paulo
1459 4082 1610 4147 calidiore

507 4196 672 4283 petechiae
698 4194 824 4278 saepius
844 4193 1058 4270 efflorescunt,
1081 4198 1115 4254 et
1137 4190 1173 4254 in
1193 4189 1379 4275 junioribus
1401 4189 1506 4254 calido
1526 4196 1609 4253 tem-

507 4308 695 4389 peramento
713 4298 867 4385 praeditis
886 4300 1033 4363 maculae
1056 4296 1156 4361 etiam
1178 4317 1370 4380 purpureae,
1394 4294 1610 4359 certissimum

508 4428 653 4471 summae
675 4402 938 4469 inflammationis
960 4400 1118 4466 indicium
1139 4406 1208 4464 tam
1230 4400 1265 4463 in
1286 4399 1349 4463 hoc
1370 4420 1468 4482 quam
1488 4398 1525 4462 in
1547 4399 1611 4465 alio

510 4509 620 4591 quovis
634 4506 821 4571 morborum
836 4512 1005 4571 acutorum
1025 4524 1153 4588 genere.
1199 4500 1404 4586 Quandoque
1423 4500 1611 4585 emptiones
1743 4555 1747 4566 .

510 4612 646 4673 mitiores
664 4610 754 4692 (quas
769 4610 906 4692 vocant)
923 4608 960 4672 in
980 4608 1182 4692 superficiem
1201 4605 1341 4689 corporis
1359 4624 1393 4668 se
1409 4602 1610 4687 dispergrmt,
1746 4593 1748 4602 ’

509 4712 664 4776 morbillis
679 4712 766 4776 haud
782 4712 921 4776 multum
937 4710 1108 4789 absimiles,
1124 4709 1188 4773 nisi
1203 4708 1289 4792 quod
1302 4706 1422 4773 rubent
1436 4705 1550 4789 magis,
1566 4713 1611 4785 et,

893 4852 905 4883 r
923 4839 960 4886 Cf.
975 4853 1029 4901 sup.
1041 4854 1080 4902 pp.
1093 4837 1232 4890 stc-478.
