<?xml version="1.0" encoding="UTF-8"?>
<!DOCTYPE html PUBLIC "-//W3C//DTD XHTML 1.0 Transitional//EN"
    "http://www.w3.org/TR/xhtml1/DTD/xhtml1-transitional.dtd">
<html xmlns="http://www.w3.org/1999/xhtml" xml:lang="en" lang="en">
 <head>
  <title>
</title>
<meta http-equiv="Content-Type" content="text/html;charset=utf-8" />
  <meta name='ocr-system' content='tesseract 3.04.00' />
  <meta name='ocr-capabilities' content='ocr_page ocr_carea ocr_par ocr_line ocrx_word'/>
</head>
<body>
  <div class='ocr_page' id='page_1' title='image "./thomaesydenhamm00greegoog_0086.png"; bbox 0 0 3825 5759; ppageno 0'>
   <div class='ocr_carea' id='block_1_1' title="bbox 531 674 1318 739">
    <p class='ocr_par' dir='ltr' id='par_1_1' title="bbox 531 674 1318 739">
     <span class='ocr_line' id='line_1_1' title="bbox 531 674 1318 739; baseline 0.005 -4"><span class='ocrx_word' id='word_1_1' title='bbox 531 675 574 735; x_wconf 84' lang='lat'><strong>50</strong></span> <span class='ocrx_word' id='word_1_2' title='bbox 843 674 1038 738; x_wconf 81' lang='grc' dir='ltr'><strong>ΤΗΟΜΑΕ</strong></span> <span class='ocrx_word' id='word_1_3' title='bbox 1061 675 1318 739; x_wconf 80' lang='lat' dir='ltr'>SYDENHAM</span> 
     </span>
    </p>
   </div>
   <div class='ocr_carea' id='block_1_2' title="bbox 377 835 1635 4707">
    <p class='ocr_par' dir='ltr' id='par_1_2' title="bbox 377 835 1635 4707">
     <span class='ocr_line' id='line_1_2' title="bbox 399 835 1633 921; baseline 0.006 -24"><span class='ocrx_word' id='word_1_4' title='bbox 399 850 497 897; x_wconf 72' lang='lat' dir='ltr'><strong>nassis</strong></span> <span class='ocrx_word' id='word_1_5' title='bbox 532 841 591 913; x_wconf 89' lang='lat' dir='ltr'><strong>est,</strong></span> <span class='ocrx_word' id='word_1_6' title='bbox 608 835 761 919; x_wconf 91' lang='lat' dir='ltr'><strong>quamdiu</strong></span> <span class='ocrx_word' id='word_1_7' title='bbox 776 836 862 899; x_wconf 88' lang='lat' dir='ltr'><strong>salus</strong></span> <span class='ocrx_word' id='word_1_8' title='bbox 877 857 1047 919; x_wconf 86' lang='lat' dir='ltr'><strong>aegrorum</strong></span> <span class='ocrx_word' id='word_1_9' title='bbox 1063 859 1157 921; x_wconf 85' lang='lat' dir='ltr'><strong>passa</strong></span> <span class='ocrx_word' id='word_1_10' title='bbox 1171 837 1268 901; x_wconf 84' lang='lat' dir='ltr'><strong>suerit</strong></span> <span class='ocrx_word' id='word_1_11' title='bbox 1277 864 1287 915; x_wconf 66' lang='grc' dir='ltr'><strong><em>ς</em></strong></span> <span class='ocrx_word' id='word_1_12' title='bbox 1311 859 1386 901; x_wconf 91' lang='lat' dir='ltr'><strong>cum</strong></span> <span class='ocrx_word' id='word_1_13' title='bbox 1401 845 1511 903; x_wconf 87' lang='lat' dir='ltr'><strong>autem</strong></span> <span class='ocrx_word' id='word_1_14' title='bbox 1532 842 1633 904; x_wconf 84' lang='lat' dir='ltr'><strong>finem</strong></span> 
     </span>
     <span class='ocr_line' id='line_1_3' title="bbox 378 915 1634 1027; baseline 0.005 -27"><span class='ocrx_word' id='word_1_15' title='bbox 378 915 518 1027; x_wconf 52' lang='lat' dir='ltr'><strong>Acffiffi</strong></span> <span class='ocrx_word' id='word_1_16' title='bbox 532 945 656 1020; x_wconf 85' lang='lat' dir='ltr'><strong>spectat</strong></span> <span class='ocrx_word' id='word_1_17' title='bbox 676 944 773 1021; x_wconf 90' lang='lat' dir='ltr'><strong>atque</strong></span> <span class='ocrx_word' id='word_1_18' title='bbox 793 938 1052 1017; x_wconf 84' lang='lat' dir='ltr'><strong>declinationem,</strong></span> <span class='ocrx_word' id='word_1_19' title='bbox 1071 940 1247 1003; x_wconf 77' lang='lat' dir='ltr'><strong>secretione</strong></span> <span class='ocrx_word' id='word_1_20' title='bbox 1263 942 1333 1024; x_wconf 88' lang='lat' dir='ltr'><strong>jam</strong></span> <span class='ocrx_word' id='word_1_21' title='bbox 1354 943 1535 1025; x_wconf 87' lang='lat' dir='ltr'><strong>conspicua,</strong></span> <span class='ocrx_word' id='word_1_22' title='bbox 1551 951 1634 1007; x_wconf 92' lang='lat' dir='ltr'><strong>tunc</strong></span> 
     </span>
     <span class='ocr_line' id='line_1_4' title="bbox 397 1041 1632 1128; baseline 0.004 -24"><span class='ocrx_word' id='word_1_23' title='bbox 397 1044 501 1091; x_wconf 73' lang='lat'>’61-¹64.</span> <span class='ocrx_word' id='word_1_24' title='bbox 533 1041 662 1123; x_wconf 91' lang='lat' dir='ltr'><strong>quidem</strong></span> <span class='ocrx_word' id='word_1_25' title='bbox 680 1042 885 1106; x_wconf 81' lang='lat' dir='ltr'><strong>calidioribus</strong></span> <span class='ocrx_word' id='word_1_26' title='bbox 900 1042 1142 1106; x_wconf 83' lang='lat' dir='ltr'><strong>medicamentis</strong></span> <span class='ocrx_word' id='word_1_27' title='bbox 1164 1043 1253 1105; x_wconf 91' lang='lat' dir='ltr'><strong>illam</strong></span> <span class='ocrx_word' id='word_1_28' title='bbox 1268 1065 1289 1106; x_wconf 92' lang='lat' dir='ltr'><strong>a</strong></span> <span class='ocrx_word' id='word_1_29' title='bbox 1306 1051 1399 1125; x_wconf 90' lang='lat' dir='ltr'><strong>tergo</strong></span> <span class='ocrx_word' id='word_1_30' title='bbox 1413 1044 1632 1128; x_wconf 88' lang='lat' dir='ltr'><strong>insequemur,</strong></span> 
     </span>
     <span class='ocr_line' id='line_1_5' title="bbox 533 1144 1635 1231; baseline 0.005 -24"><span class='ocrx_word' id='word_1_31' title='bbox 533 1144 574 1207; x_wconf 87' lang='lat' dir='ltr'><strong>ad</strong></span> <span class='ocrx_word' id='word_1_32' title='bbox 588 1166 657 1207; x_wconf 87' lang='lat' dir='ltr'><strong>rem</strong></span> <span class='ocrx_word' id='word_1_33' title='bbox 672 1166 710 1209; x_wconf 91' lang='lat' dir='ltr'><strong>eo</strong></span> <span class='ocrx_word' id='word_1_34' title='bbox 723 1145 855 1209; x_wconf 89' lang='lat' dir='ltr'><strong>celerius</strong></span> <span class='ocrx_word' id='word_1_35' title='bbox 871 1165 907 1207; x_wconf 91' lang='lat' dir='ltr'><strong>ac</strong></span> <span class='ocrx_word' id='word_1_36' title='bbox 922 1145 1042 1209; x_wconf 87' lang='lat' dir='ltr'><strong>certius</strong></span> <span class='ocrx_word' id='word_1_37' title='bbox 1056 1146 1292 1227; x_wconf 87' lang='lat' dir='ltr'><strong>perficiendam.</strong></span> <span class='ocrx_word' id='word_1_38' title='bbox 1327 1147 1437 1230; x_wconf 87' lang='lat' dir='ltr'><strong>Atque</strong></span> <span class='ocrx_word' id='word_1_39' title='bbox 1451 1148 1512 1211; x_wconf 93' lang='lat' dir='ltr'><strong>hoc</strong></span> <span class='ocrx_word' id='word_1_40' title='bbox 1527 1150 1635 1231; x_wconf 86' lang='lat' dir='ltr'><strong>reipsa</strong></span> 
     </span>
     <span class='ocr_line' id='line_1_6' title="bbox 533 1232 1632 1331; baseline 0.002 -20"><span class='ocrx_word' id='word_1_41' title='bbox 533 1253 591 1325; x_wconf 87' lang='lat' dir='ltr'><strong>est,</strong></span> <span class='ocrx_word' id='word_1_42' title='bbox 609 1232 743 1310; x_wconf 85' lang='lat' dir='ltr'><strong>Febrilis</strong></span> <span class='ocrx_word' id='word_1_43' title='bbox 758 1248 910 1311; x_wconf 86' lang='lat' dir='ltr'><strong>materiae</strong></span> <span class='ocrx_word' id='word_1_44' title='bbox 925 1249 1167 1311; x_wconf 90' lang='lat' dir='ltr'><strong>concoctionem</strong></span> <span class='ocrx_word' id='word_1_45' title='bbox 1182 1270 1385 1331; x_wconf 74' lang='lat' dir='ltr'><strong>promovere,</strong></span> <span class='ocrx_word' id='word_1_46' title='bbox 1408 1271 1483 1312; x_wconf 88' lang='lat' dir='ltr'><strong>cum</strong></span> <span class='ocrx_word' id='word_1_47' title='bbox 1498 1272 1632 1313; x_wconf 86' lang='lat' dir='ltr'><strong>cvacua-</strong></span> 
     </span>
     <span class='ocr_line' id='line_1_7' title="bbox 532 1350 1632 1436; baseline 0.003 -23"><span class='ocrx_word' id='word_1_48' title='bbox 532 1350 636 1413; x_wconf 88' lang='lat' dir='ltr'><strong>tiones</strong></span> <span class='ocrx_word' id='word_1_49' title='bbox 659 1358 692 1414; x_wconf 89' lang='lat' dir='ltr'><strong>et</strong></span> <span class='ocrx_word' id='word_1_50' title='bbox 715 1350 939 1433; x_wconf 87' lang='lat' dir='ltr'><strong>refrigerantia</strong></span> <span class='ocrx_word' id='word_1_51' title='bbox 960 1372 1067 1415; x_wconf 86' lang='lat' dir='ltr'><strong>moras</strong></span> <span class='ocrx_word' id='word_1_52' title='bbox 1089 1358 1232 1429; x_wconf 87' lang='lat' dir='ltr'><strong>nectant,</strong></span> <span class='ocrx_word' id='word_1_53' title='bbox 1255 1361 1287 1415; x_wconf 91' lang='lat' dir='ltr'><strong>et</strong></span> <span class='ocrx_word' id='word_1_54' title='bbox 1308 1353 1507 1416; x_wconf 89' lang='lat' dir='ltr'><strong>curationem</strong></span> <span class='ocrx_word' id='word_1_55' title='bbox 1530 1354 1632 1436; x_wconf 92' lang='lat' dir='ltr'><strong>impe·</strong></span> 
     </span>
     <span class='ocr_line' id='line_1_8' title="bbox 533 1452 1631 1539; baseline 0.004 -24"><span class='ocrx_word' id='word_1_56' title='bbox 533 1452 633 1531; x_wconf 91' lang='lat' dir='ltr'><strong>diant,</strong></span> <span class='ocrx_word' id='word_1_57' title='bbox 651 1454 816 1537; x_wconf 80' lang='lat' dir='ltr'><strong>ipsamque</strong></span> <span class='ocrx_word' id='word_1_58' title='bbox 841 1454 1014 1518; x_wconf 89' lang='lat' dir='ltr'><strong>sanitatem</strong></span> <span class='ocrx_word' id='word_1_59' title='bbox 1035 1456 1104 1537; x_wconf 88' lang='lat' dir='ltr'><strong>jam</strong></span> <span class='ocrx_word' id='word_1_60' title='bbox 1127 1455 1439 1537; x_wconf 76' lang='lat' dir='ltr'><strong>appropinquantem</strong></span> <span class='ocrx_word' id='word_1_61' title='bbox 1463 1456 1631 1539; x_wconf 70' lang='lat' dir='ltr'><strong>abiguntv,</strong></span> 
     </span>
     <span class='ocr_line' id='line_1_9' title="bbox 531 1556 1130 1639; baseline 0.002 -21"><span class='ocrx_word' id='word_1_62' title='bbox 531 1556 582 1619; x_wconf 92' lang='lat' dir='ltr'><strong>uti</strong></span> <span class='ocrx_word' id='word_1_63' title='bbox 597 1557 721 1639; x_wconf 86' lang='lat' dir='ltr'><strong>saepius</strong></span> <span class='ocrx_word' id='word_1_64' title='bbox 737 1578 756 1619; x_wconf 88' lang='lat' dir='ltr'><strong>a</strong></span> <span class='ocrx_word' id='word_1_65' title='bbox 771 1579 823 1620; x_wconf 90' lang='lat' dir='ltr'><strong>me</strong></span> <span class='ocrx_word' id='word_1_66' title='bbox 837 1557 900 1620; x_wconf 85' lang='lat' dir='ltr'><strong>fuit</strong></span> <span class='ocrx_word' id='word_1_67' title='bbox 915 1556 1130 1621; x_wconf 86' lang='lat' dir='ltr'><strong>observatum.</strong></span> 
     </span>
     <span class='ocr_line' id='line_1_10' title="bbox 379 1657 1632 1741; baseline 0.003 -22"><span class='ocrx_word' id='word_1_68' title='bbox 379 1662 538 1739; x_wconf 13' lang='lat' dir='ltr'><strong>papum-1</strong></span> <span class='ocrx_word' id='word_1_69' title='bbox 577 1657 612 1720; x_wconf 89' lang='lat' dir='ltr'><strong>Si</strong></span> <span class='ocrx_word' id='word_1_70' title='bbox 632 1658 838 1725; x_wconf 86' lang='lat' dir='ltr'><strong>fermentatio</strong></span> <span class='ocrx_word' id='word_1_71' title='bbox 861 1660 938 1723; x_wconf 85' lang='lat' dir='ltr'><strong>satis</strong></span> <span class='ocrx_word' id='word_1_72' title='bbox 960 1660 1192 1741; x_wconf 79' lang='lat' dir='ltr'><strong>progrediatur,</strong></span> <span class='ocrx_word' id='word_1_73' title='bbox 1214 1658 1413 1741; x_wconf 75' lang='lat' dir='ltr'><strong>despumatio</strong></span> <span class='ocrx_word' id='word_1_74' title='bbox 1436 1660 1520 1723; x_wconf 88' lang='lat' dir='ltr'><strong>circa</strong></span> <span class='ocrx_word' id='word_1_75' title='bbox 1544 1660 1632 1723; x_wconf 91' lang='lat' dir='ltr'><strong>diem</strong></span> 
     </span>
     <span class='ocr_line' id='line_1_11' title="bbox 378 1734 1631 1846; baseline 0.002 -23"><span class='ocrx_word' id='word_1_76' title='bbox 378 1734 518 1840; x_wconf 53' lang='lat' dir='ltr'><strong>ffssffiin</strong></span> <span class='ocrx_word' id='word_1_77' title='bbox 532 1760 693 1824; x_wconf 90' lang='lat' dir='ltr'><strong>decimum</strong></span> <span class='ocrx_word' id='word_1_78' title='bbox 715 1769 865 1846; x_wconf 87' lang='lat' dir='ltr'><strong>quartum</strong></span> <span class='ocrx_word' id='word_1_79' title='bbox 885 1768 1075 1845; x_wconf 86' lang='lat' dir='ltr'><strong>peragetur;</strong></span> <span class='ocrx_word' id='word_1_80' title='bbox 1102 1783 1214 1825; x_wconf 89' lang='lat' dir='ltr'><strong>vemm</strong></span> <span class='ocrx_word' id='word_1_81' title='bbox 1237 1762 1264 1823; x_wconf 88' lang='lat' dir='ltr'><strong>si</strong></span> <span class='ocrx_word' id='word_1_82' title='bbox 1287 1762 1511 1843; x_wconf 82' lang='lat' dir='ltr'><strong>refrigerantia</strong></span> <span class='ocrx_word' id='word_1_83' title='bbox 1533 1784 1631 1844; x_wconf 89' lang='lat' dir='ltr'><strong>quae-</strong></span> 
     </span>
     <span class='ocr_line' id='line_1_12' title="bbox 377 1859 1631 1947; baseline 0.006 -28"><span class='ocrx_word' id='word_1_84' title='bbox 377 1859 507 1947; x_wconf 70' lang='lat' dir='ltr'><strong>peragitur.</strong></span> <span class='ocrx_word' id='word_1_85' title='bbox 531 1863 611 1927; x_wconf 90' lang='lat' dir='ltr'><strong>libet</strong></span> <span class='ocrx_word' id='word_1_86' title='bbox 637 1865 738 1928; x_wconf 84' lang='lat' dir='ltr'><strong>serius</strong></span> <span class='ocrx_word' id='word_1_87' title='bbox 762 1864 955 1941; x_wconf 83' lang='lat' dir='ltr'><strong>adhibueris,</strong></span> <span class='ocrx_word' id='word_1_88' title='bbox 980 1871 1077 1946; x_wconf 88' lang='lat' dir='ltr'><strong>atque</strong></span> <span class='ocrx_word' id='word_1_89' title='bbox 1100 1865 1148 1927; x_wconf 90' lang='lat' dir='ltr'><strong>ita</strong></span> <span class='ocrx_word' id='word_1_90' title='bbox 1173 1884 1285 1926; x_wconf 87' lang='lat' dir='ltr'><strong>eornm</strong></span> <span class='ocrx_word' id='word_1_91' title='bbox 1310 1885 1369 1946; x_wconf 91' lang='lat' dir='ltr'><strong>ope</strong></span> <span class='ocrx_word' id='word_1_92' title='bbox 1393 1864 1631 1927; x_wconf 85' lang='lat' dir='ltr'><strong>effervescentia</strong></span> 
     </span>
     <span class='ocr_line' id='line_1_13' title="bbox 379 1935 1631 2062; baseline 0.001 -34"><span class='ocrx_word' id='word_1_93' title='bbox 379 1935 519 2062; x_wconf 39' lang='lat' dir='ltr'><strong>magas,</strong></span> <span class='ocrx_word' id='word_1_94' title='bbox 532 1966 775 2043; x_wconf 90' lang='lat' dir='ltr'><strong>sufflaminetur,</strong></span> <span class='ocrx_word' id='word_1_95' title='bbox 795 1966 913 2028; x_wconf 92' lang='lat' dir='ltr'><strong>mirum</strong></span> <span class='ocrx_word' id='word_1_96' title='bbox 933 1987 1001 2029; x_wconf 91' lang='lat' dir='ltr'><strong>non</strong></span> <span class='ocrx_word' id='word_1_97' title='bbox 1020 1972 1079 2043; x_wconf 89' lang='lat' dir='ltr'><strong>est,</strong></span> <span class='ocrx_word' id='word_1_98' title='bbox 1100 1966 1127 2028; x_wconf 90' lang='lat' dir='ltr'><strong>si</strong></span> <span class='ocrx_word' id='word_1_99' title='bbox 1148 1965 1258 2028; x_wconf 85' lang='lat' dir='ltr'><strong>Febris</strong></span> <span class='ocrx_word' id='word_1_100' title='bbox 1279 1966 1320 2028; x_wconf 91' lang='lat' dir='ltr'><strong>ad</strong></span> <span class='ocrx_word' id='word_1_101' title='bbox 1340 1966 1425 2029; x_wconf 90' lang='lat' dir='ltr'><strong>diem</strong></span> <span class='ocrx_word' id='word_1_102' title='bbox 1445 1966 1631 2029; x_wconf 82' lang='lat' dir='ltr'><strong>vicesimum</strong></span> 
     </span>
     <span class='ocr_line' id='line_1_14' title="bbox 378 2064 1631 2176; baseline 0.002 -47"><span class='ocrx_word' id='word_1_103' title='bbox 378 2064 519 2176; x_wconf 49' lang='lat' dir='ltr'><strong>fflbffim</strong></span> <span class='ocrx_word' id='word_1_104' title='bbox 531 2068 681 2151; x_wconf 89' lang='lat' dir='ltr'><strong>primum,</strong></span> <span class='ocrx_word' id='word_1_105' title='bbox 705 2068 784 2149; x_wconf 90' lang='lat' dir='ltr'><strong>quin</strong></span> <span class='ocrx_word' id='word_1_106' title='bbox 803 2074 836 2131; x_wconf 90' lang='lat' dir='ltr'><strong>et</strong></span> <span class='ocrx_word' id='word_1_107' title='bbox 858 2068 893 2131; x_wconf 91' lang='lat' dir='ltr'><strong>in</strong></span> <span class='ocrx_word' id='word_1_108' title='bbox 915 2068 1039 2131; x_wconf 88' lang='lat' dir='ltr'><strong>effoetis</strong></span> <span class='ocrx_word' id='word_1_109' title='bbox 1056 2068 1241 2151; x_wconf 90' lang='lat' dir='ltr'><strong>corporibus</strong></span> <span class='ocrx_word' id='word_1_110' title='bbox 1259 2069 1342 2131; x_wconf 87' lang='lat' dir='ltr'><strong>male</strong></span> <span class='ocrx_word' id='word_1_111' title='bbox 1360 2068 1507 2132; x_wconf 84' lang='lat' dir='ltr'><strong>tractatis</strong></span> <span class='ocrx_word' id='word_1_112' title='bbox 1526 2068 1631 2132; x_wconf 88' lang='lat' dir='ltr'><strong>multo</strong></span> 
     </span>
     <span class='ocr_line' id='line_1_15' title="bbox 378 2170 831 2250; baseline 0 -18"><span class='ocrx_word' id='word_1_113' title='bbox 378 2193 491 2240; x_wconf 80' lang='lat' dir='ltr'><strong>morbum</strong></span> <span class='ocrx_word' id='word_1_114' title='bbox 531 2170 659 2250; x_wconf 88' lang='lat' dir='ltr'><strong>longius</strong></span> <span class='ocrx_word' id='word_1_115' title='bbox 674 2177 831 2232; x_wconf 85' lang='lat' dir='ltr'><strong>excurrat.</strong></span> 
     </span>
     <span class='ocr_line' id='line_1_16' title="bbox 378 2265 1631 2371; baseline 0.003 -38"><span class='ocrx_word' id='word_1_116' title='bbox 378 2265 472 2371; x_wconf 42' lang='grc' dir='ltr'><strong>ἓξὲξ</strong></span> <span class='ocrx_word' id='word_1_117' title='bbox 582 2272 663 2354; x_wconf 85' lang='lat'>[28.]</span> <span class='ocrx_word' id='word_1_118' title='bbox 692 2272 780 2335; x_wconf 91' lang='lat' dir='ltr'><strong>Illud</strong></span> <span class='ocrx_word' id='word_1_119' title='bbox 789 2293 883 2354; x_wconf 88' lang='lat' dir='ltr'><strong>porro</strong></span> <span class='ocrx_word' id='word_1_120' title='bbox 893 2272 1063 2335; x_wconf 84' lang='lat' dir='ltr'><strong>observatu</strong></span> <span class='ocrx_word' id='word_1_121' title='bbox 1071 2273 1208 2355; x_wconf 91' lang='lat' dir='ltr'><strong>dignum</strong></span> <span class='ocrx_word' id='word_1_122' title='bbox 1217 2280 1275 2351; x_wconf 88' lang='lat' dir='ltr'><strong>est,</strong></span> <span class='ocrx_word' id='word_1_123' title='bbox 1286 2273 1476 2357; x_wconf 90' lang='lat' dir='ltr'><strong>quandoque</strong></span> <span class='ocrx_word' id='word_1_124' title='bbox 1488 2272 1631 2337; x_wconf 84' lang='lat' dir='ltr'><strong>accidere</strong></span> 
     </span>
     <span class='ocr_line' id='line_1_17' title="bbox 533 2374 1630 2457; baseline 0.003 -20"><span class='ocrx_word' id='word_1_125' title='bbox 533 2382 571 2437; x_wconf 93' lang='lat' dir='ltr'><strong>ut</strong></span> <span class='ocrx_word' id='word_1_126' title='bbox 587 2395 680 2456; x_wconf 85' lang='lat' dir='ltr'><strong>aeger</strong></span> <span class='ocrx_word' id='word_1_127' title='bbox 698 2374 872 2457; x_wconf 85' lang='lat' dir='ltr'><strong>clysterum</strong></span> <span class='ocrx_word' id='word_1_128' title='bbox 893 2376 1067 2439; x_wconf 75' lang='lat' dir='ltr'><strong>aliorumve</strong></span> <span class='ocrx_word' id='word_1_129' title='bbox 1087 2378 1337 2440; x_wconf 86' lang='lat' dir='ltr'><strong>catharticorum</strong></span> <span class='ocrx_word' id='word_1_130' title='bbox 1350 2399 1412 2440; x_wconf 87' lang='lat' dir='ltr'><strong>usu</strong></span> <span class='ocrx_word' id='word_1_131' title='bbox 1430 2378 1514 2441; x_wconf 90' lang='lat' dir='ltr'><strong>circa</strong></span> <span class='ocrx_word' id='word_1_132' title='bbox 1534 2377 1630 2440; x_wconf 92' lang='lat' dir='ltr'><strong>decli·</strong></span> 
     </span>
     <span class='ocr_line' id='line_1_18' title="bbox 533 2476 1632 2563; baseline 0.003 -24"><span class='ocrx_word' id='word_1_133' title='bbox 533 2478 699 2540; x_wconf 91' lang='lat' dir='ltr'><strong>nationem</strong></span> <span class='ocrx_word' id='word_1_134' title='bbox 718 2476 822 2541; x_wconf 91' lang='lat' dir='ltr'><strong>morbi</strong></span> <span class='ocrx_word' id='word_1_135' title='bbox 839 2478 1062 2561; x_wconf 84' lang='lat' dir='ltr'><strong>intempestive</strong></span> <span class='ocrx_word' id='word_1_136' title='bbox 1076 2479 1345 2562; x_wconf 87' lang='lat' dir='ltr'><strong>praescriptorum</strong></span> <span class='ocrx_word' id='word_1_137' title='bbox 1362 2502 1475 2563; x_wconf 89' lang='lat' dir='ltr'><strong>parum</strong></span> <span class='ocrx_word' id='word_1_138' title='bbox 1491 2479 1632 2542; x_wconf 89' lang='lat' dir='ltr'><strong>alleviari</strong></span> 
     </span>
     <span class='ocr_line' id='line_1_19' title="bbox 533 2579 1631 2665; baseline 0.004 -24"><span class='ocrx_word' id='word_1_139' title='bbox 533 2579 688 2657; x_wconf 86' lang='lat' dir='ltr'><strong>videatur,</strong></span> <span class='ocrx_word' id='word_1_140' title='bbox 712 2579 778 2643; x_wconf 92' lang='lat' dir='ltr'><strong>imo</strong></span> <span class='ocrx_word' id='word_1_141' title='bbox 803 2601 1040 2665; x_wconf 91' lang='lat' dir='ltr'><strong>nonnunquam</strong></span> <span class='ocrx_word' id='word_1_142' title='bbox 1063 2583 1213 2665; x_wconf 82' lang='lat' dir='ltr'><strong>apyrexia</strong></span> <span class='ocrx_word' id='word_1_143' title='bbox 1238 2582 1423 2645; x_wconf 90' lang='lat' dir='ltr'><strong>omnimoda</strong></span> <span class='ocrx_word' id='word_1_144' title='bbox 1444 2582 1509 2645; x_wconf 79' lang='lat' dir='ltr'><strong>frui</strong></span> <span class='ocrx_word' id='word_1_145' title='bbox 1520 2607 1529 2659; x_wconf 82' lang='lat'>3</span> <span class='ocrx_word' id='word_1_146' title='bbox 1558 2589 1631 2665; x_wconf 86' lang='lat' dir='ltr'><strong>post</strong></span> 
     </span>
     <span class='ocr_line' id='line_1_20' title="bbox 533 2681 1631 2767; baseline 0.003 -23"><span class='ocrx_word' id='word_1_147' title='bbox 533 2681 618 2745; x_wconf 90' lang='lat' dir='ltr'><strong>diem</strong></span> <span class='ocrx_word' id='word_1_148' title='bbox 644 2690 754 2745; x_wconf 89' lang='lat' dir='ltr'><strong>autem</strong></span> <span class='ocrx_word' id='word_1_149' title='bbox 782 2704 885 2745; x_wconf 90' lang='lat' dir='ltr'><strong>unum</strong></span> <span class='ocrx_word' id='word_1_150' title='bbox 915 2683 1090 2747; x_wconf 89' lang='lat' dir='ltr'><strong>alterumve</strong></span> <span class='ocrx_word' id='word_1_151' title='bbox 1119 2684 1238 2749; x_wconf 90' lang='lat' dir='ltr'><strong>senties</strong></span> <span class='ocrx_word' id='word_1_152' title='bbox 1267 2706 1335 2749; x_wconf 92' lang='lat' dir='ltr'><strong>non</strong></span> <span class='ocrx_word' id='word_1_153' title='bbox 1363 2691 1431 2747; x_wconf 91' lang='lat' dir='ltr'><strong>tam</strong></span> <span class='ocrx_word' id='word_1_154' title='bbox 1459 2685 1631 2767; x_wconf 88' lang='lat' dir='ltr'><strong>pristinam</strong></span> 
     </span>
     <span class='ocr_line' id='line_1_21' title="bbox 533 2785 1631 2869; baseline 0.001 -20"><span class='ocrx_word' id='word_1_155' title='bbox 533 2785 662 2849; x_wconf 87' lang='lat' dir='ltr'><strong>Febrim</strong></span> <span class='ocrx_word' id='word_1_156' title='bbox 677 2786 759 2849; x_wconf 87' lang='lat' dir='ltr'><strong>vires</strong></span> <span class='ocrx_word' id='word_1_157' title='bbox 774 2808 847 2849; x_wconf 84' lang='lat' dir='ltr'><strong>suas</strong></span> <span class='ocrx_word' id='word_1_158' title='bbox 866 2786 1111 2869; x_wconf 85' lang='lat' dir='ltr'><strong>redintegrasse,</strong></span> <span class='ocrx_word' id='word_1_159' title='bbox 1127 2809 1224 2869; x_wconf 89' lang='lat' dir='ltr'><strong>quam</strong></span> <span class='ocrx_word' id='word_1_160' title='bbox 1238 2810 1355 2851; x_wconf 89' lang='lat' dir='ltr'><strong>novam</strong></span> <span class='ocrx_word' id='word_1_161' title='bbox 1372 2787 1520 2865; x_wconf 85' lang='lat' dir='ltr'><strong>accendi;</strong></span> <span class='ocrx_word' id='word_1_162' title='bbox 1544 2788 1631 2869; x_wconf 91' lang='lat' dir='ltr'><strong>rigor</strong></span> 
     </span>
     <span class='ocr_line' id='line_1_22' title="bbox 531 2889 1631 2973; baseline -0.001 -21"><span class='ocrx_word' id='word_1_163' title='bbox 531 2889 686 2953; x_wconf 90' lang='lat' dir='ltr'><strong>nimirum</strong></span> <span class='ocrx_word' id='word_1_164' title='bbox 701 2896 798 2972; x_wconf 88' lang='lat' dir='ltr'><strong>atquc</strong></span> <span class='ocrx_word' id='word_1_165' title='bbox 807 2890 919 2954; x_wconf 90' lang='lat' dir='ltr'><strong>horror</strong></span> <span class='ocrx_word' id='word_1_166' title='bbox 935 2889 1042 2953; x_wconf 88' lang='lat' dir='ltr'><strong>subito</strong></span> <span class='ocrx_word' id='word_1_167' title='bbox 1053 2890 1193 2967; x_wconf 88' lang='lat' dir='ltr'><strong>invadet,</strong></span> <span class='ocrx_word' id='word_1_168' title='bbox 1206 2912 1302 2973; x_wconf 92' lang='lat' dir='ltr'><strong>quem</strong></span> <span class='ocrx_word' id='word_1_169' title='bbox 1316 2911 1390 2954; x_wconf 85' lang='lat' dir='ltr'><strong>mox</strong></span> <span class='ocrx_word' id='word_1_170' title='bbox 1402 2891 1537 2972; x_wconf 78' lang='lat' dir='ltr'><strong>excipiet</strong></span> <span class='ocrx_word' id='word_1_171' title='bbox 1545 2891 1631 2953; x_wconf 86' lang='lat' dir='ltr'><strong>calor</strong></span> 
     </span>
     <span class='ocr_line' id='line_1_23' title="bbox 532 2992 1631 3076; baseline -0.002 -19"><span class='ocrx_word' id='word_1_172' title='bbox 532 2999 629 3076; x_wconf 85' lang='lat' dir='ltr'><strong>atque</strong></span> <span class='ocrx_word' id='word_1_173' title='bbox 651 2992 773 3072; x_wconf 84' lang='lat' dir='ltr'><strong>Febris,</strong></span> <span class='ocrx_word' id='word_1_174' title='bbox 794 2994 880 3056; x_wconf 90' lang='lat' dir='ltr'><strong>idem</strong></span> <span class='ocrx_word' id='word_1_175' title='bbox 902 2992 1043 3056; x_wconf 88' lang='lat' dir='ltr'><strong>stadium</strong></span> <span class='ocrx_word' id='word_1_176' title='bbox 1065 2993 1140 3074; x_wconf 86' lang='lat' dir='ltr'><strong>(nisi</strong></span> <span class='ocrx_word' id='word_1_177' title='bbox 1159 2992 1268 3056; x_wconf 87' lang='lat' dir='ltr'><strong>forsan</strong></span> <span class='ocrx_word' id='word_1_178' title='bbox 1289 2992 1325 3055; x_wconf 93' lang='lat' dir='ltr'><strong>in</strong></span> <span class='ocrx_word' id='word_1_179' title='bbox 1343 2993 1631 3056; x_wconf 89' lang='lat' dir='ltr'><strong>intermittentium</strong></span> 
     </span>
     <span class='ocr_line' id='line_1_24' title="bbox 532 3094 1629 3178; baseline 0 -21"><span class='ocrx_word' id='word_1_180' title='bbox 532 3095 665 3158; x_wconf 88' lang='lat' dir='ltr'><strong>classem</strong></span> <span class='ocrx_word' id='word_1_181' title='bbox 686 3116 719 3158; x_wconf 91' lang='lat' dir='ltr'><strong>sc</strong></span> <span class='ocrx_word' id='word_1_182' title='bbox 733 3097 889 3178; x_wconf 68' lang='lat' dir='ltr'><strong>reponat)</strong></span> <span class='ocrx_word' id='word_1_183' title='bbox 908 3095 1090 3173; x_wconf 81' lang='lat' dir='ltr'><strong>decursum,</strong></span> <span class='ocrx_word' id='word_1_184' title='bbox 1107 3094 1193 3177; x_wconf 93' lang='lat' dir='ltr'><strong>quod</strong></span> <span class='ocrx_word' id='word_1_185' title='bbox 1209 3094 1246 3156; x_wconf 93' lang='lat' dir='ltr'><strong>in</strong></span> <span class='ocrx_word' id='word_1_186' title='bbox 1260 3094 1524 3177; x_wconf 87' lang='lat' dir='ltr'><strong>praecedentibus</strong></span> <span class='ocrx_word' id='word_1_187' title='bbox 1538 3117 1629 3158; x_wconf 91' lang='lat' dir='ltr'><strong>mon-</strong></span> 
     </span>
     <span class='ocr_line' id='line_1_25' title="bbox 533 3196 1631 3273; baseline 0.001 -15"><span class='ocrx_word' id='word_1_188' title='bbox 533 3202 670 3260; x_wconf 86' lang='lat' dir='ltr'><strong>stratum</strong></span> <span class='ocrx_word' id='word_1_189' title='bbox 690 3197 762 3259; x_wconf 83' lang='lat' dir='ltr'><strong>fuit</strong></span> <span class='ocrx_word' id='word_1_190' title='bbox 808 3197 893 3259; x_wconf 86' lang='lat' dir='ltr'><strong>Cum</strong></span> <span class='ocrx_word' id='word_1_191' title='bbox 913 3198 961 3259; x_wconf 91' lang='lat' dir='ltr'><strong>ita</strong></span> <span class='ocrx_word' id='word_1_192' title='bbox 980 3218 1013 3259; x_wconf 87' lang='lat' dir='ltr'><strong>se</strong></span> <span class='ocrx_word' id='word_1_193' title='bbox 1028 3218 1079 3259; x_wconf 88' lang='lat' dir='ltr'><strong>res</strong></span> <span class='ocrx_word' id='word_1_194' title='bbox 1101 3196 1228 3273; x_wconf 90' lang='lat' dir='ltr'><strong>habeat,</strong></span> <span class='ocrx_word' id='word_1_195' title='bbox 1244 3218 1311 3259; x_wconf 92' lang='lat' dir='ltr'><strong>non</strong></span> <span class='ocrx_word' id='word_1_196' title='bbox 1331 3196 1425 3258; x_wconf 89' lang='lat' dir='ltr'><strong>aliter</strong></span> <span class='ocrx_word' id='word_1_197' title='bbox 1443 3197 1631 3259; x_wconf 88' lang='lat' dir='ltr'><strong>tractandus</strong></span> 
     </span>
     <span class='ocr_line' id='line_1_26' title="bbox 533 3298 1631 3380; baseline 0.003 -21"><span class='ocrx_word' id='word_1_198' title='bbox 533 3304 581 3360; x_wconf 88' lang='lat' dir='ltr'><strong>est</strong></span> <span class='ocrx_word' id='word_1_199' title='bbox 601 3318 696 3379; x_wconf 89' lang='lat' dir='ltr'><strong>aeger</strong></span> <span class='ocrx_word' id='word_1_200' title='bbox 718 3320 815 3380; x_wconf 90' lang='lat' dir='ltr'><strong>quam</strong></span> <span class='ocrx_word' id='word_1_201' title='bbox 837 3299 864 3361; x_wconf 86' lang='lat' dir='ltr'><strong>si</strong></span> <span class='ocrx_word' id='word_1_202' title='bbox 887 3305 983 3361; x_wconf 87' lang='lat' dir='ltr'><strong>antea</strong></span> <span class='ocrx_word' id='word_1_203' title='bbox 1000 3299 1105 3362; x_wconf 90' lang='lat' dir='ltr'><strong>Febre</strong></span> <span class='ocrx_word' id='word_1_204' title='bbox 1124 3320 1192 3361; x_wconf 92' lang='lat' dir='ltr'><strong>non</strong></span> <span class='ocrx_word' id='word_1_205' title='bbox 1209 3298 1360 3361; x_wconf 90' lang='lat' dir='ltr'><strong>detentus</strong></span> <span class='ocrx_word' id='word_1_206' title='bbox 1381 3298 1504 3374; x_wconf 87' lang='lat' dir='ltr'><strong>fuisset,</strong></span> <span class='ocrx_word' id='word_1_207' title='bbox 1520 3321 1631 3362; x_wconf 89' lang='lat' dir='ltr'><strong>verum</strong></span> 
     </span>
     <span class='ocr_line' id='line_1_27' title="bbox 533 3398 1630 3483; baseline 0.002 -22"><span class='ocrx_word' id='word_1_208' title='bbox 533 3398 636 3481; x_wconf 93' lang='lat' dir='ltr'><strong>quoad</strong></span> <span class='ocrx_word' id='word_1_209' title='bbox 663 3418 714 3461; x_wconf 85' lang='lat' dir='ltr'><strong>res</strong></span> <span class='ocrx_word' id='word_1_210' title='bbox 740 3398 880 3481; x_wconf 85' lang='lat' dir='ltr'><strong>agendas</strong></span> <span class='ocrx_word' id='word_1_211' title='bbox 904 3399 1026 3462; x_wconf 88' lang='lat' dir='ltr'><strong>calcata</strong></span> <span class='ocrx_word' id='word_1_212' title='bbox 1047 3401 1116 3482; x_wconf 89' lang='lat' dir='ltr'><strong>jam</strong></span> <span class='ocrx_word' id='word_1_213' title='bbox 1141 3400 1276 3481; x_wconf 85' lang='lat' dir='ltr'><strong>vestigia</strong></span> <span class='ocrx_word' id='word_1_214' title='bbox 1299 3400 1492 3481; x_wconf 72' lang='lat' dir='ltr'><strong>repetenda,</strong></span> <span class='ocrx_word' id='word_1_215' title='bbox 1516 3400 1630 3483; x_wconf 89' lang='lat' dir='ltr'><strong>despu-</strong></span> 
     </span>
     <span class='ocr_line' id='line_1_28' title="bbox 530 3500 1630 3584; baseline 0 -20"><span class='ocrx_word' id='word_1_216' title='bbox 530 3502 631 3565; x_wconf 89' lang='lat' dir='ltr'><strong>matio</strong></span> <span class='ocrx_word' id='word_1_217' title='bbox 650 3500 747 3578; x_wconf 91' lang='lat' dir='ltr'><strong>enim,</strong></span> <span class='ocrx_word' id='word_1_218' title='bbox 763 3521 844 3583; x_wconf 88' lang='lat' dir='ltr'><strong>quae</strong></span> <span class='ocrx_word' id='word_1_219' title='bbox 868 3508 999 3583; x_wconf 87' lang='lat' dir='ltr'><strong>coeptae</strong></span> <span class='ocrx_word' id='word_1_220' title='bbox 1019 3502 1088 3584; x_wconf 90' lang='lat' dir='ltr'><strong>jam</strong></span> <span class='ocrx_word' id='word_1_221' title='bbox 1108 3501 1290 3565; x_wconf 89' lang='lat' dir='ltr'><strong>ebullitioni</strong></span> <span class='ocrx_word' id='word_1_222' title='bbox 1309 3501 1453 3578; x_wconf 89' lang='lat' dir='ltr'><strong>debetur,</strong></span> <span class='ocrx_word' id='word_1_223' title='bbox 1475 3522 1543 3563; x_wconf 91' lang='lat' dir='ltr'><strong>non</strong></span> <span class='ocrx_word' id='word_1_224' title='bbox 1567 3503 1630 3565; x_wconf 90' lang='lat' dir='ltr'><strong>nisi</strong></span> 
     </span>
     <span class='ocr_line' id='line_1_29' title="bbox 530 3602 1629 3686; baseline -0.002 -21"><span class='ocrx_word' id='word_1_225' title='bbox 530 3602 685 3686; x_wconf 86' lang='lat' dir='ltr'><strong>praedicti</strong></span> <span class='ocrx_word' id='word_1_226' title='bbox 699 3603 851 3686; x_wconf 88' lang='lat' dir='ltr'><strong>temporis</strong></span> <span class='ocrx_word' id='word_1_227' title='bbox 870 3602 1003 3685; x_wconf 87' lang='lat' dir='ltr'><strong>(scilicet</strong></span> <span class='ocrx_word' id='word_1_228' title='bbox 1019 3603 1261 3685; x_wconf 89' lang='lat' dir='ltr'><strong>quatuordecim</strong></span> <span class='ocrx_word' id='word_1_229' title='bbox 1276 3603 1422 3682; x_wconf 75' lang='lat' dir='ltr'><strong>dierum)</strong></span> <span class='ocrx_word' id='word_1_230' title='bbox 1440 3602 1544 3682; x_wconf 88' lang='lat' dir='ltr'><strong>spatio</strong></span> <span class='ocrx_word' id='word_1_231' title='bbox 1558 3624 1629 3683; x_wconf 91' lang='lat' dir='ltr'><strong>per-</strong></span> 
     </span>
     <span class='ocr_line' id='line_1_30' title="bbox 531 3702 1629 3789; baseline -0.002 -22"><span class='ocrx_word' id='word_1_232' title='bbox 531 3712 655 3786; x_wconf 87' lang='lat' dir='ltr'><strong>agetur,</strong></span> <span class='ocrx_word' id='word_1_233' title='bbox 670 3710 836 3787; x_wconf 89' lang='lat' dir='ltr'><strong>utcunque</strong></span> <span class='ocrx_word' id='word_1_234' title='bbox 853 3705 1026 3768; x_wconf 86' lang='lat' dir='ltr'><strong>molestum</strong></span> <span class='ocrx_word' id='word_1_235' title='bbox 1040 3705 1137 3769; x_wconf 85' lang='lat' dir='ltr'><strong>fuerit</strong></span> <span class='ocrx_word' id='word_1_236' title='bbox 1152 3727 1258 3789; x_wconf 88' lang='lat' dir='ltr'><strong>aegro,</strong></span> <span class='ocrx_word' id='word_1_237' title='bbox 1274 3728 1294 3768; x_wconf 90' lang='lat' dir='ltr'><strong>a</strong></span> <span class='ocrx_word' id='word_1_238' title='bbox 1311 3723 1495 3786; x_wconf 88' lang='lat' dir='ltr'><strong>praegresso</strong></span> <span class='ocrx_word' id='word_1_239' title='bbox 1515 3702 1629 3766; x_wconf 91' lang='lat' dir='ltr'><strong>morbo</strong></span> 
     </span>
     <span class='ocr_line' id='line_1_31' title="bbox 532 3805 1416 3891; baseline -0.002 -22"><span class='ocrx_word' id='word_1_240' title='bbox 532 3806 609 3870; x_wconf 89' lang='lat' dir='ltr'><strong>satis</strong></span> <span class='ocrx_word' id='word_1_241' title='bbox 621 3806 689 3889; x_wconf 88' lang='lat' dir='ltr'><strong>jam</strong></span> <span class='ocrx_word' id='word_1_242' title='bbox 705 3805 881 3885; x_wconf 89' lang='lat' dir='ltr'><strong>debilitato,</strong></span> <span class='ocrx_word' id='word_1_243' title='bbox 898 3828 1038 3889; x_wconf 89' lang='lat' dir='ltr'><strong>eousque</strong></span> <span class='ocrx_word' id='word_1_244' title='bbox 1053 3808 1226 3871; x_wconf 88' lang='lat' dir='ltr'><strong>sanitatem</strong></span> <span class='ocrx_word' id='word_1_245' title='bbox 1241 3813 1416 3891; x_wconf 83' lang='lat' dir='ltr'><strong>expectare.</strong></span> 
     </span>
     <span class='ocr_line' id='line_1_32' title="bbox 379 3906 1631 3992; baseline -0.002 -19"><span class='ocrx_word' id='word_1_246' title='bbox 379 3917 497 3965; x_wconf 66' lang='lat' dir='ltr'><strong>Cardiam</strong></span> <span class='ocrx_word' id='word_1_247' title='bbox 533 3946 535 3949; x_wconf 95' lang='lat'>·</span> <span class='ocrx_word' id='word_1_248' title='bbox 582 3908 664 3992; x_wconf 82' lang='lat'><strong>[29.]</strong></span> <span class='ocrx_word' id='word_1_249' title='bbox 692 3908 847 3971; x_wconf 88' lang='lat' dir='ltr'><strong>Cardiaca</strong></span> <span class='ocrx_word' id='word_1_250' title='bbox 870 3930 951 3990; x_wconf 89' lang='lat' dir='ltr'><strong>quae</strong></span> <span class='ocrx_word' id='word_1_251' title='bbox 976 3909 1112 3973; x_wconf 91' lang='lat' dir='ltr'><strong>adhibeo</strong></span> <span class='ocrx_word' id='word_1_252' title='bbox 1131 3912 1250 3992; x_wconf 89' lang='lat' dir='ltr'><strong>passim</strong></span> <span class='ocrx_word' id='word_1_253' title='bbox 1274 3916 1351 3972; x_wconf 90' lang='lat' dir='ltr'><strong>sunt</strong></span> <span class='ocrx_word' id='word_1_254' title='bbox 1371 3906 1528 3991; x_wconf 83' lang='lat' dir='ltr'><strong>ejusmodi</strong></span> <span class='ocrx_word' id='word_1_255' title='bbox 1549 3928 1631 3989; x_wconf 89' lang='lat' dir='ltr'><strong>quae</strong></span> 
     </span>
     <span class='ocr_line' id='line_1_33' title="bbox 378 3981 1632 4093; baseline 0 -20"><span class='ocrx_word' id='word_1_256' title='bbox 378 3981 489 4092; x_wconf 44' lang='lat'><strong>302⁰}</strong></span> <span class='ocrx_word' id='word_1_257' title='bbox 533 4012 643 4075; x_wconf 87' lang='lat' dir='ltr'><strong>statim</strong></span> <span class='ocrx_word' id='word_1_258' title='bbox 669 4009 889 4089; x_wconf 89' lang='lat' dir='ltr'><strong>subindicabo,</strong></span> <span class='ocrx_word' id='word_1_259' title='bbox 914 4032 1051 4093; x_wconf 90' lang='lat' dir='ltr'><strong>quorum</strong></span> <span class='ocrx_word' id='word_1_260' title='bbox 1075 4012 1343 4076; x_wconf 85' lang='lat' dir='ltr'><strong>moderatioribns</strong></span> <span class='ocrx_word' id='word_1_261' title='bbox 1366 4019 1441 4074; x_wconf 88' lang='lat' dir='ltr'><strong>utor</strong></span> <span class='ocrx_word' id='word_1_262' title='bbox 1466 4010 1501 4072; x_wconf 93' lang='lat' dir='ltr'><strong>in</strong></span> <span class='ocrx_word' id='word_1_263' title='bbox 1526 4010 1632 4073; x_wconf 91' lang='lat' dir='ltr'><strong>morbi</strong></span> 
     </span>
     <span class='ocr_line' id='line_1_34' title="bbox 378 4108 1633 4197; baseline -0.001 -21"><span class='ocrx_word' id='word_1_264' title='bbox 378 4108 480 4183; x_wconf 36' lang='lat' dir='ltr'><strong>morht·</strong></span> <span class='ocrx_word' id='word_1_265' title='bbox 532 4113 698 4197; x_wconf 89' lang='lat' dir='ltr'><strong>principio,</strong></span> <span class='ocrx_word' id='word_1_266' title='bbox 723 4112 923 4177; x_wconf 88' lang='lat' dir='ltr'><strong>aestuatione</strong></span> <span class='ocrx_word' id='word_1_267' title='bbox 946 4114 1085 4177; x_wconf 84' lang='lat' dir='ltr'><strong>maxime</strong></span> <span class='ocrx_word' id='word_1_268' title='bbox 1107 4115 1268 4190; x_wconf 79' lang='lat' dir='ltr'><strong>fervente3</strong></span> <span class='ocrx_word' id='word_1_269' title='bbox 1292 4114 1451 4195; x_wconf 72' lang='lat' dir='ltr'><strong>gradmm</strong></span> <span class='ocrx_word' id='word_1_270' title='bbox 1473 4111 1514 4174; x_wconf 85' lang='lat' dir='ltr'><strong>ad</strong></span> <span class='ocrx_word' id='word_1_271' title='bbox 1536 4134 1633 4175; x_wconf 85' lang='lat' dir='ltr'><strong>usum</strong></span> 
     </span>
     <span class='ocr_line' id='line_1_35' title="bbox 378 4187 1631 4301; baseline -0.005 -18"><span class='ocrx_word' id='word_1_272' title='bbox 378 4187 503 4284; x_wconf 58' lang='lat' dir='ltr'><strong>iiiiii?</strong></span> <span class='ocrx_word' id='word_1_273' title='bbox 534 4217 730 4295; x_wconf 89' lang='lat' dir='ltr'><strong>calidiorum,</strong></span> <span class='ocrx_word' id='word_1_274' title='bbox 751 4219 846 4301; x_wconf 84' lang='lat' dir='ltr'><strong>juxta</strong></span> <span class='ocrx_word' id='word_1_275' title='bbox 867 4216 973 4281; x_wconf 89' lang='lat' dir='ltr'><strong>morbi</strong></span> <span class='ocrx_word' id='word_1_276' title='bbox 991 4238 1195 4299; x_wconf 87' lang='lat' dir='ltr'><strong>progressum</strong></span> <span class='ocrx_word' id='word_1_277' title='bbox 1217 4216 1267 4279; x_wconf 85' lang='lat' dir='ltr'><strong>vel</strong></span> <span class='ocrx_word' id='word_1_278' title='bbox 1286 4214 1482 4278; x_wconf 88' lang='lat' dir='ltr'><strong>ebullitionis</strong></span> <span class='ocrx_word' id='word_1_279' title='bbox 1502 4215 1631 4296; x_wconf 87' lang='lat' dir='ltr'><strong>gradus,</strong></span> 
     </span>
     <span class='ocr_line' id='line_1_36' title="bbox 378 4300 1633 4425; baseline -0.003 -43"><span class='ocrx_word' id='word_1_280' title='bbox 378 4300 516 4425; x_wconf 44' lang='lat' dir='ltr'><strong>{biii-ad-</strong></span> <span class='ocrx_word' id='word_1_281' title='bbox 535 4340 669 4402; x_wconf 88' lang='lat' dir='ltr'><strong>pergens</strong></span> <span class='ocrx_word' id='word_1_282' title='bbox 678 4346 688 4398; x_wconf 80' lang='lat'><em>3</em></span> <span class='ocrx_word' id='word_1_283' title='bbox 712 4340 836 4403; x_wconf 87' lang='lat' dir='ltr'><strong>semper</strong></span> <span class='ocrx_word' id='word_1_284' title='bbox 857 4340 981 4383; x_wconf 89' lang='lat' dir='ltr'><strong>memor</strong></span> <span class='ocrx_word' id='word_1_285' title='bbox 1002 4319 1107 4396; x_wconf 91' lang='lat' dir='ltr'><strong>licere,</strong></span> <span class='ocrx_word' id='word_1_286' title='bbox 1128 4317 1286 4399; x_wconf 90' lang='lat' dir='ltr'><strong>siquidem</strong></span> <span class='ocrx_word' id='word_1_287' title='bbox 1305 4318 1446 4379; x_wconf 91' lang='lat' dir='ltr'><strong>multum</strong></span> <span class='ocrx_word' id='word_1_288' title='bbox 1465 4318 1633 4398; x_wconf 86' lang='lat' dir='ltr'><strong>sanguinis</strong></span> 
     </span>
     <span class='ocr_line' id='line_1_37' title="bbox 377 4419 1633 4504; baseline -0.002 -20"><span class='ocrx_word' id='word_1_289' title='bbox 377 4426 490 4475; x_wconf 68' lang='lat' dir='ltr'><strong>hibenda</strong></span> <span class='ocrx_word' id='word_1_290' title='bbox 536 4423 679 4497; x_wconf 85' lang='lat' dir='ltr'><strong>missum,</strong></span> <span class='ocrx_word' id='word_1_291' title='bbox 695 4423 744 4485; x_wconf 86' lang='lat' dir='ltr'><strong>vel</strong></span> <span class='ocrx_word' id='word_1_292' title='bbox 763 4443 857 4504; x_wconf 90' lang='lat' dir='ltr'><strong>aeger</strong></span> <span class='ocrx_word' id='word_1_293' title='bbox 876 4444 973 4485; x_wconf 85' lang='lat' dir='ltr'><strong>senex</strong></span> <span class='ocrx_word' id='word_1_294' title='bbox 987 4421 1095 4498; x_wconf 84' lang='lat' dir='ltr'><strong>fuerit,</strong></span> <span class='ocrx_word' id='word_1_295' title='bbox 1110 4428 1149 4483; x_wconf 92' lang='lat' dir='ltr'><strong>ut</strong></span> <span class='ocrx_word' id='word_1_296' title='bbox 1168 4420 1314 4483; x_wconf 80' lang='lat' dir='ltr'><strong>cardiace</strong></span> <span class='ocrx_word' id='word_1_297' title='bbox 1327 4419 1460 4482; x_wconf 87' lang='lat' dir='ltr'><strong>fortiora</strong></span> <span class='ocrx_word' id='word_1_298' title='bbox 1479 4419 1633 4481; x_wconf 90' lang='lat' dir='ltr'><strong>adminis-</strong></span> 
     </span>
     <span class='ocr_line' id='line_1_38' title="bbox 534 4521 1633 4606; baseline -0.001 -22"><span class='ocrx_word' id='word_1_299' title='bbox 534 4528 672 4600; x_wconf 87' lang='lat' dir='ltr'><strong>trentur,</strong></span> <span class='ocrx_word' id='word_1_300' title='bbox 696 4544 792 4606; x_wconf 89' lang='lat' dir='ltr'><strong>quam</strong></span> <span class='ocrx_word' id='word_1_301' title='bbox 818 4545 892 4587; x_wconf 93' lang='lat' dir='ltr'><strong>cum</strong></span> <span class='ocrx_word' id='word_1_302' title='bbox 915 4524 966 4588; x_wconf 90' lang='lat' dir='ltr'><strong>vel</strong></span> <span class='ocrx_word' id='word_1_303' title='bbox 988 4523 1080 4587; x_wconf 88' lang='lat' dir='ltr'><strong>nulla</strong></span> <span class='ocrx_word' id='word_1_304' title='bbox 1104 4522 1311 4605; x_wconf 88' lang='lat' dir='ltr'><strong>praecesserit</strong></span> <span class='ocrx_word' id='word_1_305' title='bbox 1336 4521 1559 4597; x_wconf 89' lang='lat' dir='ltr'><strong>venae-sectio,</strong></span> <span class='ocrx_word' id='word_1_306' title='bbox 1583 4522 1633 4583; x_wconf 85' lang='lat' dir='ltr'><strong>vel</strong></span> 
     </span>
     <span class='ocr_line' id='line_1_39' title="bbox 535 4626 917 4707; baseline 0.008 -20"><span class='ocrx_word' id='word_1_307' title='bbox 535 4644 630 4707; x_wconf 86' lang='lat' dir='ltr'><strong>aeger</strong></span> <span class='ocrx_word' id='word_1_308' title='bbox 644 4632 750 4688; x_wconf 89' lang='lat' dir='ltr'><strong>aetate</strong></span> <span class='ocrx_word' id='word_1_309' title='bbox 764 4626 917 4690; x_wconf 83' lang='lat' dir='ltr'><strong>floruerit.</strong></span> 
     </span>
    </p>
   </div>
   <div class='ocr_carea' id='block_1_3' title="bbox 583 4726 1631 4810">
    <p class='ocr_par' dir='ltr' id='par_1_3' title="bbox 583 4726 1631 4810">
     <span class='ocr_line' id='line_1_40' title="bbox 583 4726 1631 4810; baseline -0.002 -22"><span class='ocrx_word' id='word_1_310' title='bbox 583 4727 663 4809; x_wconf 87' lang='lat'>[30.]</span> <span class='ocrx_word' id='word_1_311' title='bbox 686 4728 852 4790; x_wconf 78' lang='lat' dir='ltr'><strong>Moderata</strong></span> <span class='ocrx_word' id='word_1_312' title='bbox 867 4736 976 4792; x_wconf 87' lang='lat' dir='ltr'><strong>autem</strong></span> <span class='ocrx_word' id='word_1_313' title='bbox 990 4729 1046 4791; x_wconf 89' lang='lat' dir='ltr'><strong>illa</strong></span> <span class='ocrx_word' id='word_1_314' title='bbox 1061 4749 1143 4810; x_wconf 91' lang='lat' dir='ltr'><strong>quae</strong></span> <span class='ocrx_word' id='word_1_315' title='bbox 1157 4727 1223 4790; x_wconf 80' lang='lat' dir='ltr'><strong>disi</strong></span> <span class='ocrx_word' id='word_1_316' title='bbox 1234 4726 1380 4790; x_wconf 89' lang='lat' dir='ltr'><strong>cardiaca</strong></span> <span class='ocrx_word' id='word_1_317' title='bbox 1391 4726 1475 4787; x_wconf 90' lang='lat' dir='ltr'><strong>fiunt</strong></span> <span class='ocrx_word' id='word_1_318' title='bbox 1485 4746 1525 4787; x_wconf 87' lang='lat' dir='ltr'><strong>ex</strong></span> <span class='ocrx_word' id='word_1_319' title='bbox 1540 4726 1631 4806; x_wconf 85' lang='lat' dir='ltr'><strong>aquis</strong></span> 
     </span>
    </p>
   </div>
   <div class='ocr_carea' id='block_1_4' title="bbox 712 4866 1423 4933">
    <p class='ocr_par' dir='ltr' id='par_1_4' title="bbox 712 4866 1423 4933">
     <span class='ocr_line' id='line_1_41' title="bbox 712 4866 1423 4933; baseline -0.006 -16"><span class='ocrx_word' id='word_1_320' title='bbox 712 4866 722 4895; x_wconf 60' lang='grc' dir='ltr'><strong>Ρ</strong></span> <span class='ocrx_word' id='word_1_321' title='bbox 740 4869 850 4931; x_wconf 79' lang='lat' dir='ltr'><strong>abigant]</strong></span> <span class='ocrx_word' id='word_1_322' title='bbox 864 4871 903 4917; x_wconf 89' lang='lat' dir='ltr'><strong>Sic</strong></span> <span class='ocrx_word' id='word_1_323' title='bbox 915 4870 980 4917; x_wconf 84' lang='lat' dir='ltr'><strong>male</strong></span> <span class='ocrx_word' id='word_1_324' title='bbox 992 4870 1058 4933; x_wconf 75' lang='lat' dir='ltr'><strong>Syn,</strong></span> <span class='ocrx_word' id='word_1_325' title='bbox 1070 4871 1159 4918; x_wconf 86' lang='lat' dir='ltr'><strong>melius</strong></span> <span class='ocrx_word' id='word_1_326' title='bbox 1170 4878 1259 4932; x_wconf 81' lang='lat' dir='ltr'><strong>-gant</strong></span> <span class='ocrx_word' id='word_1_327' title='bbox 1268 4869 1322 4917; x_wconf 82' lang='lat' dir='ltr'><strong>edd.</strong></span> <span class='ocrx_word' id='word_1_328' title='bbox 1333 4874 1423 4916; x_wconf 79' lang='lat' dir='ltr'><strong>recent.</strong></span> 
     </span>
    </p>
   </div>
   <div class='ocr_carea' id='block_1_5' title="bbox 0 0 1918 5759">
    <p class='ocr_par' dir='ltr' id='par_1_5' title="bbox 0 0 1918 5759">
     <span class='ocr_line' id='line_1_42' title="bbox 0 0 1918 5759; baseline 0 0"><span class='ocrx_word' id='word_1_329' title='bbox 0 0 1918 5759; x_wconf 95' lang='lat' dir='ltr'><strong> </strong></span> 
     </span>
    </p>
   </div>
  </div>
 </body>
</html>
