3825 5759
621 653 878 719 Paocussus
902 656 1106 724 IN‘I'EGRI.
1348 663 1410 725 585

593 831 653 868 curn
665 816 811 871 sufficiente
823 800 972 888 quantitate
985 819 1081 891 Syrupi
1091 837 1106 873 e
1115 820 1240 892 Quinque
1251 820 1410 887 Radicibus;
1433 835 1475 883 Da
1488 837 1553 886 sup.

450 897 513 955 Fiat
535 902 721 957 electuarium
751 906 840 976 capiet
862 906 898 960 ad
920 906 1136 977 magnitudinem
1159 910 1235 962 nucis
1258 908 1409 963 moechatae
1422 914 1568 950 mmm

451 996 547 1056 ‘lum
564 1006 670 1059 quaque
687 990 760 1056 hora,
778 993 969 1062 superbibendo
986 996 1121 1065 sequentis
1140 994 1239 1066 julapii
1262 996 1410 1051 cochlearia
1423 979 1562 1047 ,Q

450 1084 564 1143 quatuor
574 1077 617 1130 vel
628 1078 747 1147 quinque
756 1101 801 1131 2-

311 1216 412 1283 [Form.
424 1222 519 1289 ²¹⁰·]¹‘
539 1218 571 1298 R
589 1222 685 1291 Aquae
697 1222 785 1277 Rotae
796 1225 890 1278 uncias
900 1234 1028 1293 quatuor,

591 1310 710 1378 [Aquae]
725 1310 857 1381 Bryoniae
869 1312 1037 1381 Compositae
1049 1313 1141 1367 uncias
1152 1314 1227 1379 duas,

591 1396 715 1451 Saccbari
728 1398 816 1451 Caudi
828 1400 1005 1467 quantitatem
1019 1400 1207 1463 sufficientem

451 1481 513 1536 Fiat
520 1483 662 1553 julapium.

310 1627 372 1691 Vel
392 1635 499 1693 sumat
512 1628 744 1693 trochiscorum
759 1630 800 1694 de
821 1630 954 1714 myrrha
972 1631 1158 1713 scrupulum
1176 1652 1280 1695 unum
1295 1639 1410 1716 quarta

310 1750 437 1812 quaque
451 1730 539 1793 hora.

355 1832 391 1894 Si
401 1838 471 1895 tota
480 1831 717 1916 praedictorum
727 1834 891 1917 quantitas
900 1841 1119 1915 consumatur,
1130 1842 1163 1899 et
1174 1835 1296 1900 Lochia
1304 1835 1409 1900 adhuc

309 1935 560 2018 supprimantur,
575 1934 753 1999 laudunum
769 1936 867 1999 unica
884 1937 1000 2001 saltem
1018 1937 1086 2001 vice
1105 1937 1322 2001 exhibendum
1331 1962 1341 2016 ς
1359 1944 1409 2014 ut,

307 2036 441 2100 laudani
459 2036 573 2121 liquidi
595 2045 708 2121 guttae
730 2038 973 2122 quatuordecim
992 2039 1029 2101 in
1049 2059 1133 2121 aqua
1151 2037 1306 2123 bryoniae
1323 2058 1409 2102 com·

308 2139 422 2222 posite,
449 2140 500 2203 vel
521 2139 655 2204 hodani
677 2138 772 2203 solidi
797 2141 1044 2224 sesquigranum
1070 2161 1145 2204 cum
1172 2162 1245 2205 asae
1270 2140 1410 2205 foetidae

308 2242 416 2324 granis
431 2241 541 2307 decem
554 2242 591 2307 in
604 2243 721 2327 pilulas
735 2242 816 2307 duas
829 2242 1008 2307 redactum.

354 2344 390 2407 Si
410 2344 491 2409 haec
511 2344 594 2409 nihil
619 2344 796 2429 proficiant,
820 2352 892 2410 tum
919 2366 1034 2410 enema
1056 2364 1094 2407 ex
1119 2343 1203 2407 lacte
1225 2342 1409 2406 saccharato

307 2444 404 2508 unica
418 2446 532 2510 saltem
546 2446 614 2511 vice
627 2447 801 2531 injiciatur.

712 2756 808 2823 CAP.
825 2755 1003 2837 XXXIII}

747 2916 797 2978 De
810 2915 970 2996 Hydrcpe.

351 3050 519 3115 Fovnunm
531 3071 551 3114 a
561 3048 738 3132 digitorum
749 3051 956 3136 impressione
967 3051 1003 3114 in
1018 3069 1166 3113 surarum
1177 3056 1268 3133 parte
1278 3047 1408 3113 inferio·
1422 3068 1503 3118 Morbi
1513 3064 1553 3117 dt-

307 3152 346 3231 ri,
358 3152 419 3217 sub
430 3158 560 3216 noctem
572 3151 773 3235 conspicuae,
784 3174 880 3217 manc
890 3159 1126 3232 evanescentes,
1138 3152 1199 3217 hoc
1213 3152 1336 3216 malum
1345 3152 1408 3236 pri-
1422 3134 1526 3197 scriptia

307 3277 399 3319 mum
418 3255 574 3333 indicant,
595 3254 734 3319 maxime
754 3256 782 3319 si
801 3255 933 3339 spiritus
951 3254 1081 3319 interim
1104 3255 1230 3338 aegrius
1253 3254 1408 3333 ducatum

311 3359 410 3441 (baud
424 3380 497 3423 raro
511 3365 623 3422 tamen
637 3358 796 3423 foeminae
810 3365 1035 3442 praegnantes,
1051 3364 1084 3421 et
1100 3357 1216 3441 quibus
1230 3356 1410 3421 catamenia

308 3460 480 3539 sistuntur,
491 3468 530 3525 ut
541 3468 575 3525 et
585 3460 645 3523 viri
660 3460 701 3525 ab
716 3461 876 3525 asthmatc
890 3462 1069 3525 inveterato
1084 3460 1256 3544 derepente
1271 3458 1408 3537 liberati,

308 3563 422 3626 eodem
436 3570 564 3627 tumore
578 3570 749 3627 tentantur
756 3566 779 3647 ς)
803 3564 938 3648 pedibus
950 3563 1159 3648 oneribusque
1174 3562 1215 3627 ad
1230 3569 1409 3627 extremum

306 3664 456 3743 extensis,
471 3664 507 3728 in
522 3664 682 3729 abdomen
701 3674 803 3731 ruunt
817 3688 929 3750 aquae,
945 3673 979 3731 et
994 3666 1035 3731 ad
1054 3666 1204 3731 idtimum
1224 3665 1409 3750 capacitatis

307 3786 384 3829 suae
408 3766 510 3830 limen
530 3768 687 3850 paulatim
710 3768 919 3848 distendunt;
950 3770 1052 3834 donec
1078 3770 1210 3834 tandem
1232 3768 1267 3832 in
1289 3770 1410 3833 viscera

306 3870 466 3935 nobiliora
486 3870 611 3953 impetu
631 3872 731 3935 abiis
754 3872 840 3936 facto
863 3892 959 3956 aeger
982 3872 1208 3955 submergitur.
1254 3872 1318 3936 Pro
1339 3880 1411 3935 rata

307 3995 370 4056 qua
398 3981 507 4057 partes
536 3996 557 4037 a
585 3974 698 4039 morbo
727 3974 875 4039 obsessae
896 3975 981 4040 mole
1003 3982 1174 4057 augentur,
1197 3975 1277 4039 aliae
1306 3973 1410 4055 magis

306 4076 474 4159 magisque
486 4076 710 4159 gracilescunt,
721 4076 914 4161 urgentibus
928 4076 1101 4161 dyspnoea,
1112 4076 1225 4139 urinae
1236 4074 1409 4158 paucitate,

307 4182 341 4240 et
368 4177 422 4241 siti
447 4178 585 4242 intensa.
645 4178 741 4243 Viros
765 4180 1008 4263 ingravescente
1034 4184 1148 4256 aetate,
1171 4176 1327 4241 foeminas
1352 4174 1410 4241 ubi

304 4278 373 4361 jam
388 4299 500 4361 parere
515 4279 679 4360 desierint,
694 4289 733 4345 ut
748 4282 924 4365 plurimum
938 4281 1094 4345 adoritur.

356 4380 442 4463 [2.]¹¹
465 4380 684 4446 Indicationes
712 4384 873 4449 curativae
902 4383 1088 4467 dirigendae
1121 4388 1199 4445 sunt
1231 4378 1335 4465 primo
1369 4380 1410 4445 ad
1424 4394 1552 4443 euasero.

308 4503 464 4564 aquarum
490 4484 741 4562 evacuationem,
765 4486 882 4551 deinde
907 4486 949 4550 ad
970 4483 1224 4569 instaurandum¹
1243 4481 1410 4565 sanguinis

307 4582 407 4648 robur
421 4605 486 4667 quo
500 4607 602 4650 novus
616 4608 773 4671 aquarum
787 4595 961 4672 proventus
975 4586 1155 4672 praecaveri
1168 4585 1278 4670 possit.

340 4760 352 4792 ¹¹
370 4762 408 4811 Cl.
422 4763 491 4813 iorni.
503 4768 544 4813 83.
914 4775 936 4801 ¹1¹
954 4771 1040 4815 Ferreae
1052 4765 1104 4829 qa]
1119 4766 1156 4815 Cf.
1169 4768 1223 4814 ibid.
1237 4770 1249 4827 t
1263 4768 1273 4813 l
1289 4782 1323 4828 sq.

342 4824 348 4860 ¹
366 4828 404 4874 Cf.
419 4830 496 4877 Traet.
511 4833 543 4877 11.
914 4839 928 4866 ¹¹
947 4833 985 4879 cf.
998 4834 1053 4879 ibid.
1067 4834 1078 4891 i
1092 4834 1113 4878 8.

833 4919 888 4976 41¹
