3825 5759
469 661 864 728 OBSERVA'HONUM
886 661 1171 726 MEDICARUM
1195 669 1244 723 v1.
1263 675 1288 725 o.
1358 663 1423 724 259

323 825 392 891 sive
403 826 554 892 aromatis
569 825 725 905 conditos,
741 825 806 890 sive
821 825 920 892 etiam
938 821 1109 888 δύσπεπτα
1123 827 1345 908 quaecunque,
1358 823 1420 888 nisi
1441 844 1574 894 asenna

324 929 518 1014 diupostea‚
534 929 705 1012 degmtare
719 927 824 992 liceat.
1099 929 1102 934 ’
1453 923 1559 958 *¹⁸¹⁰*

373 1031 434 1117 [8.]
462 1033 540 1096 Post
554 1051 671 1096 venam
689 1032 826 1115 (quoties
841 1053 937 1116 supra
950 1031 1140 1114 innuimus)
1156 1037 1321 1114 pertusam
1335 1029 1424 1112 aegri

325 1134 449 1200 dolores
464 1134 639 1200 admodum
660 1135 905 1216 imminuentur,
921 1155 1027 1218 usqne
1041 1141 1152 1198 tamen
1174 1133 1280 1198 adhuc
1292 1154 1424 1216 prorsus

325 1245 533 1317 evanescent,
557 1244 590 1302 at
605 1259 678 1314 vero
692 1237 853 1317 resarcita,
870 1260 967 1321 quam
981 1237 1102 1302 fecerat
1116 1237 1282 1320 sanguinis
1302 1235 1424 1300 detrac-

324 1342 381 1420 tio,
396 1342 511 1406 virium
530 1343 668 1426 jactum,
687 1342 941 1426 (superveniente
955 1341 1096 1405 maxime
1109 1341 1255 1425 pmximo
1271 1341 1327 1404 illo
1347 1340 1427 1404 anni

324 1452 479 1528 tempore,
489 1445 575 1528 quod
585 1445 689 1528 magis
699 1445 796 1509 faciet
807 1444 849 1508 ad
862 1443 1150 1528 redintegrandum
1162 1443 1301 1528 corporis
1315 1441 1425 1521 robur,

327 1569 423 1630 quam
437 1547 471 1611 id
488 1569 551 1632 quo
565 1548 706 1632 primum
727 1547 881 1612 decubuit
896 1549 1013 1631 nagan)
1031 1553 1248 1631 symptomata
1262 1546 1303 1610 ad
1320 1567 1426 1609 unum

329 1647 456 1718 omniab
467 1651 648 1730 cessabunt,
661 1657 757 1734 atque
769 1671 864 1734 aeger
874 1650 1057 1734 pancratius
1071 1651 1281 1734 imposterum
1295 1648 1427 1714 valebit.

376 1753 436 1837 [9.]
463 1755 484 1817 J
486 1775 538 1816 am
554 1775 638 1833 vero,
658 1755 788 1818 tametsi
810 1754 974 1838 praedicta
993 1753 1157 1832 methodo,
1182 1762 1239 1818 ant
1261 1753 1324 1817 alia
1348 1751 1425 1816 huic
1439 1771 1569 1822 boloma

328 1855 434 1935 simili,
455 1857 644 1940 tempestive
669 1864 766 1941 atque
793 1857 852 1922 sub
875 1857 944 1941 ipso
967 1857 1073 1922 morbi
1097 1857 1245 1939 ingressu
1269 1855 1423 1934 adbibita,
1437 1837 1568 1950 affin

327 1979 401 2024 eum
416 1980 512 2042 quem
531 1961 599 2043 jam
615 1959 681 2024 dixi
701 1961 799 2024 finem
813 1967 852 2024 ut
874 1960 1051 2044 plurimum
1071 1960 1243 2038 sortiatur3
1265 1980 1332 2024 non
1352 1980 1425 2022 raro
1437 1967 1579 2044 μήῑοῐςιιξ

326 2068 435 2126 tamen
448 2062 573 2142 accidit,
585 2069 633 2141 ut,
644 2062 702 2126 ubi
717 2083 813 2146 aeger
824 2084 1033 2147 pererratam
1044 2062 1205 2126 contremo
1219 2063 1314 2146 plane
1329 2061 1425 2126 modo
1437 2038 1488 2160 ἓξ
1494 2031 1573 2144 ζξξέι

325 2163 422 2228 suerit
451 2171 618 2244 tractatus,
645 2165 808 2230 doloribus
833 2166 932 2250 ragis,
956 2186 1046 2230 nunc
1075 2165 1207 2248 quidem
1231 2165 1425 2244 mitioribus,
1437 2161 1527 2208 susos

327 2288 415 2332 uuna
429 2289 503 2332 vero
519 2267 738 2347 amarioribus,
747 2289 805 2352 par
820 2290 950 2334 omnem
960 2269 1061 2334 vitam
1075 2268 1191 2332 misera
1206 2267 1425 2347 discrucietur,
1438 2224 1563 2338 iiiiii*

327 2372 382 2454 qui
408 2371 538 2455 quidem
563 2372 673 2436 minus
702 2373 805 2436 cantis
830 2373 921 2438 nullo
945 2373 1077 2456 negotio
1099 2371 1284 2456 imponunt,
1309 2379 1343 2436 et
1367 2393 1426 2457 pro

328 2475 469 2538 soorbuti
484 2475 708 2558 symptomatis
730 2475 827 2558 uulgo
841 2475 1015 2540 habentur.
1053 2473 1118 2539 Hic
1133 2475 1222 2538 enim
1236 2473 1341 2539 obiter
1358 2475 1427 2556 (sed

328 2585 360 2641 at
374 2577 474 2642 libera
488 2580 621 2660 tamem)
639 2577 754 2657 dicam,
768 2577 863 2662 quod,
876 2579 950 2643 licet
962 2579 1071 2642 nullus
1086 2577 1233 2642 dubitem
1247 2577 1327 2662 quin
1342 2598 1426 2642 soor·

328 2677 426 2744 butus
440 2679 476 2742 in
493 2679 544 2742 his
558 2678 661 2764 plagis
683 2679 866 2744 borealibus
881 2701 991 2744 revera
1009 2680 1204 2759 inveniatur,
1218 2687 1331 2743 tamen
1350 2701 1425 2744 eum
1440 2701 1573 2750 sarsurus

327 2780 477 2846 morbum
492 2802 559 2846 non
578 2788 646 2845 tam
661 2781 874 2866 frequentem,
891 2803 988 2866 quam
1003 2783 1066 2846 fert
1079 2782 1169 2864 vulgi
1183 2782 1301 2865 opinio,
1317 2767 1554 2893 ⁰00111·}¹,{¹,¹„i,{⁸„,

327 2903 407 2964 rere,
422 2905 610 2968 persuasum
631 2885 713 2948 mihi
735 2885 838 2949 habeo
847 2911 857 2965 3
880 2885 1001 2948 multos
1023 2891 1133 2948 autem
1148 2905 1187 2948 er
1201 2883 1241 2947 iis
1259 2883 1427 2948 affectibus
1441 2896 1506 2958 spuo
1517 2911 1561 2943 nos

331 2988 384 3070 (ne
393 2988 548 3068 plurimos
568 2962 694 3070 dicam)
713 3009 850 3071 quorum
871 2987 1004 3053 nomine
1024 2985 1212 3051 soorbutum
1230 2986 1427 3066 incusamus,
1440 2960 1562 3088 mide

328 3089 378 3154 rel
395 3090 581 3154 morborum
601 3091 759 3170 flentium,
775 3091 921 3156 nondum
940 3090 1201 3167 seminatorum,
1217 3089 1336 3172 quique
1354 3090 1427 3154 nul-
1440 3089 1540 3151 ”ubo

327 3191 397 3256 l'um
419 3192 525 3274 adhuc
540 3199 665 3258 certum
684 3193 859 3258 induerunt
873 3200 1000 3278 typum,
1016 3191 1132 3256 effecta
1148 3213 1238 3270 esse,
1260 3192 1311 3255 vel
1328 3161 1557 3282 etiram¹1',}¹‡1¹²,⁸i¹¹{'x

328 3294 491 3359 infoelioes
505 3295 655 3380 reliquias
670 3296 775 3360 morbi
795 3296 930 3382 alicujus
949 3295 1097 3361 nondum
1118 3295 1248 3379 penitus
1265 3295 1391 3384 devicti,
1408 3297 1470 3360 ,iis
1481 3297 1572 3375 suequ-

330 3396 446 3479 quibus
470 3399 601 3482 sanguis
627 3400 807 3482 caeterique
832 3400 984 3464 humores
1007 3399 1282 3465 contaminantur.
1326 3398 1427 3464 Verbi
1438 3361 1562 3476 2:2¹2&

331 3499 444 3581 gratia,
467 3500 588 3583 quibus
607 3501 643 3564 in
669 3502 853 3585 corporibus
878 3503 1015 3566 materia
1037 3502 1145 3585 aliqua
1169 3501 1332 3565 arthritidi
1354 3523 1427 3585 pro·
1440 3491 1573 3605 ⁸¹¹}ng

330 3600 494 3667 ducendae
518 3613 593 3688 apta
621 3625 732 3668 reeens
763 3613 945 3688 generatur,
968 3605 1116 3670 nondum
1139 3612 1250 3669 tamen
1276 3605 1312 3669 in
1339 3613 1428 3670 artus
1441 3571 1574 3670 :inimor-

331 3704 464 3787 depluit,
487 3707 574 3770 varia
593 3727 627 3771 se
649 3706 822 3771 ostendent
845 3715 1071 3794 symptomata,
1092 3728 1175 3791 quae
1196 3707 1339 3772 soorbuti
1360 3729 1428 3772 sus·
1441 3685 1561 3809 ssssffim,

329 3807 489 3892 picionem
517 3809 646 3888 facient,
671 3810 773 3874 donec
799 3811 942 3875 arthritis
968 3812 1038 3894 jam
1062 3810 1211 3890 formata,
1233 3819 1331 3894 atque
1354 3814 1554 3876 actuveln0n·

330 3931 364 3974 se
398 3932 540 3990 exerens,
571 3913 699 3976 nullum
737 3913 874 3998 amplius
908 3913 1080 3978 dubitandi
1113 3913 1221 3977 locum
1256 3914 1429 3997 relinquat.
1442 3879 1505 3992 iffi
1513 3895 1569 3992 {ff

334 4013 417 4096 [lu]
444 4015 561 4097 Neque
589 4015 788 4098 ignoramus,
819 4037 886 4082 non
918 4016 1070 4100 pauciora
1098 4023 1314 4100 symptomata
1345 4037 1429 4080 soor-
1442 4008 1564 4118 '5me

329 4115 446 4179 butum
472 4117 675 4196 mentientia,
701 4119 889 4202 podagricos
915 4119 985 4202 jam
1014 4140 1035 4182 a
1059 4139 1249 4202 paroxysmo
1278 4117 1429 4182 liberatos
1442 4087 1566 4201 {Lm

329 4217 482 4283 infestare
490 4245 500 4298 ;
524 4219 603 4285 dum
623 4222 743 4286 scilicet
762 4223 811 4287 rel
831 4222 1075 4304 intempestivus
1099 4220 1323 4285 emanantium
1340 4241 1428 4299 usus,
1441 4216 1504 4264 Μ
1515 4233 1558 4266 ²¹·

329 4321 379 4386 vel
394 4323 482 4405 aegri
498 4324 630 4390 effoeta
645 4333 743 4404 aetas,
758 4325 809 4390 vel
823 4324 886 4389 odia
906 4325 1014 4407 aliqua
1027 4345 1132 4402 causa,
1148 4324 1310 4387 Naturam
1329 4323 1430 4386 inter·
1442 4281 1574 4402 iiiiii:

329 4424 504 4508 pallaverit,
522 4427 709 4510 quominus
726 4427 895 4492 materiam
913 4448 1043 4490 omnem
1068 4426 1268 4490 arthriticam
1288 4426 1323 4489 in
1341 4433 1431 4490 artus
1443 4409 1570 4473 W*

329 4548 503 4592 exonerare
517 4529 654 4593 valuerit
663 4557 673 4606 ;
696 4552 777 4613 quae
792 4530 898 4594 adhuc
914 4536 1053 4604 retenta,
1070 4550 1144 4593 cum
1162 4526 1196 4592 τὶ
1217 4526 1432 4609 ἅνεπιπὶδειον

330 4629 457 4708 existat,
471 4637 578 4695 totam
604 4633 771 4714 sanguinis
793 4653 932 4696 massam
956 4631 1117 4714 inquinat,
1140 4638 1173 4696 et
1197 4633 1432 4698 confertissimo

330 4733 542 4828 pessimorum
558 4743 808 4817 symptomatum
825 4735 953 4819 agmine
974 4734 1140 4800 bominem
1154 4736 1289 4799 lacessit.
1335 4737 1432 4802 Quod

364 4861 375 4890 ⁸
392 4861 480 4925 omnio]
493 4871 555 4911 certo
566 4867 649 4911 certius
660 4863 713 4912 add.
727 4866 764 4914 ed.
776 4867 824 4918 ¹7⁶.
1075 4871 1084 4895 ‘
1102 4865 1195 4928 ᾄσσω]
1207 4868 1292 4927 affectu
1303 4868 1339 4916 ad.
1353 4869 1400 4919 76.
