3825 5759
430 672 826 737 OBSERVATIONUM
851 674 1135 739 MEDICARUM
1160 688 1216 741 111.
1236 691 1262 740 2.
1339 674 1402 735 143

346 835 430 918 [54]
459 835 609 900 Proximo
634 836 713 914 loco,
737 857 812 900 cum
840 836 875 899 iu
891 837 1030 900 Variolis
1045 834 1291 900 confluentibus
1313 833 1401 896 haud
1414 842 1556 891 vinosae

297 937 406 999 minus
422 944 509 1000 certo
522 937 664 1001 infantes
683 937 849 1001 diarrhoea
865 938 1037 1001 comitetur
1052 960 1149 1020 quam
1168 937 1294 1000 adultos
1309 944 1400 1019 ptya.
1414 906 1555 1019 ffigffi

297 1040 554 1117 lismus,Natura
565 1040 614 1121 (ut
626 1061 723 1123 supra
733 1038 765 1124 [q
778 1040 1074 1124 13.]0stendimus‚)
1087 1040 1275 1103 alterutram
1285 1038 1400 1102 harum
1431 1036 1535 1085 '⁶⁷·'⁶⁹·

298 1141 542 1204 evacuationum
564 1142 719 1205 materiae
742 1142 924 1205 morbificae
946 1142 1160 1205 eliminandae
1184 1142 1303 1224 ubique
1325 1162 1400 1203 con·
1414 1124 1555 1237 am?

299 1242 472 1319 stituente;
504 1250 542 1305 ut
563 1263 625 1305 nec
646 1242 700 1305 hic
722 1242 902 1326 ptyalismo,
924 1242 972 1306 ita
993 1264 1098 1325 neque
1120 1242 1193 1305 istic
1215 1241 1400 1305 diarrhoeae
1413 1254 1555 1301 tibushaud

297 1345 446 1407 fraenum
460 1344 579 1428 injicio,
593 1366 668 1408 eum
683 1351 857 1427 utrumque
873 1366 911 1409 ex
927 1366 1029 1427 aequo
1044 1345 1085 1407 sit
1101 1343 1286 1407 absurdum.
1309 1344 1399 1407 Male
1412 1332 1554 1429 ξ’ξῃᾞξζ,

297 1446 402 1509 locata
415 1446 546 1510 interim
563 1445 818 1528 imprudentium
837 1446 958 1529 aliquot
975 1447 1236 1509 muliercularum
1254 1467 1351 1529 opera
1364 1447 1400 1509 in
1412 1445 1542 1557 magt

299 1548 441 1613 sistenda
461 1548 648 1633 hujusmodi
671 1548 837 1613 diarrhoea
861 1550 966 1613 multa
990 1548 1165 1611 infantium
1188 1549 1290 1612 millia
1310 1550 1399 1612 letho
1412 1545 1549 1635 quemad)

299 1651 399 1729 dedit,
422 1651 500 1714 dum
529 1651 610 1715 falso
640 1671 748 1714 secum
778 1659 930 1735 reputant
960 1650 1160 1714 diarrhoeam
1188 1673 1246 1733 par
1274 1652 1310 1713 in
1339 1637 1540 1750 hwffiffiy

299 1753 502 1816 Variolarum
525 1753 630 1835 specie
653 1760 748 1835 atque
774 1754 808 1817 in
831 1754 994 1817 Distiucta
1015 1753 1187 1816 discrimen
1212 1762 1397 1837 apportare3
1412 1780 1546 1829 Diarrhoea

298 1856 425 1918 nesciae
440 1855 570 1933 scilicet,
586 1855 652 1919 illic
669 1862 798 1919 tantum
818 1858 942 1919 officere
962 1856 1161 1919 diarrhoeam
1181 1855 1238 1918 ubi
1252 1876 1310 1938 per
1322 1877 1398 1938 pus·
1411 1844 1551 1957 ml?

298 1958 383 2021 tulas
405 1958 442 2021 fit
463 1958 636 2035 evacuatio,
654 1958 707 2020 hie
729 1980 803 2021 vero
822 1959 969 2021 Naturae
989 1980 1068 2040 opus
1090 1958 1178 2020 illam
1198 1979 1266 2021 esse
1286 1957 1398 2020 morbo
1411 1974 1537 2035 speciens-

298 2058 454 2141 effugium
470 2059 661 2141 quaerentis.
690 2060 792 2122 Missa
801 2061 910 2141 itaque
926 2059 1101 2137 diarrhoea,
1113 2057 1167 2123 καὶ
1180 2061 1220 2142 τῇ
1232 2059 1330 2123 Φύσει
1347 2061 1396 2143 (ex
1410 2036 1541 2149 ffi'iissgff

297 2168 468 2244 praecepto
483 2161 593 2224 Divini
610 2161 724 2242 Senis)
743 2158 968 2265 συμπράττων,
987 2162 1074 2245 [fort.
1086 2162 1238 2245 Hippocr.
1249 2163 1326 2241 Lea,
1336 2171 1361 2226 t.
1374 2163 1395 2225 i.
1410 2167 1536 2215 sonitem.

297 2286 329 2346 P·
350 2264 398 2347 4·]
424 2285 488 2345 quo
510 2264 599 2347 coepi
620 2264 701 2347 pede
721 2286 819 2346 pergo
828 2290 838 2341 ;
861 2286 896 2327 m
919 2265 1011 2327 cunis
1032 2272 1070 2329 ut
1092 2286 1180 2328 nunc
1198 2266 1327 2349 jaceant
1346 2266 1396 2329 in-
1409 2242 1521 2357 {ffffil

297 2366 413 2445 fantes,
429 2373 468 2430 ut
489 2388 577 2430 nunc
594 2366 690 2430 istinc
710 2368 906 2445 auferantur,
922 2368 1073 2445 consulo,
1100 2376 1133 2431 et
1153 2369 1180 2431 si
1200 2370 1321 2433 fuerint
1342 2368 1395 2433 ab·
1409 2373 1510 2421 eandem

297 2469 418 2546 lactati,
434 2468 579 2547 eandem,
597 2490 692 2551 quam
708 2470 853 2552 superius
869 2468 997 2548 adultis,
1010 2470 1149 2533 diaetam
1162 2471 1232 2535 istis
1247 2472 1395 2535 concedo.
1409 2443 1551 2563 {ffiffiffi

342 2570 424 2654 [55]
453 2570 586 2633 Ultimis
605 2569 709 2633 morbi
730 2569 852 2648 diebus,
869 2592 943 2635 cum
965 2572 1061 2635 facies
1083 2572 1123 2635 ob
1146 2573 1291 2655 pustulas
1309 2593 1396 2636 crus·
1409 2566 1543 2678 ffnjnffi

297 2680 392 2751 tosas,
403 2673 509 2751 duras,
526 2673 692 2756 aridasque
703 2673 803 2737 ferme
818 2674 911 2757 riget,
924 2676 1060 2738 eandem
1070 2676 1140 2739 oleo
1155 2675 1397 2758 amygdalarum
1408 2694 1506 2754 periere

298 2774 441 2839 dulcium
456 2776 579 2858 inungo
593 2796 753 2859 persaepe,
765 2784 837 2839 tum
852 2776 893 2839 ad
904 2776 1120 2860 mitigandum
1131 2776 1272 2840 dolorem
1287 2799 1307 2840 a
1320 2776 1396 2859 rigi-
1408 2768 1550 2882 ffifflr

298 2878 399 2942 ditate
414 2886 532 2957 ortum,
548 2886 620 2942 tum
634 2886 672 2942 ut
687 2880 813 2943 effluvio
827 2878 978 2941 calidiora
991 2878 1123 2941 liberius
1138 2878 1298 2941 exhalent.
1409 2894 1434 2942 bi
1446 2896 1530 2945 debus

340 2982 451 3047 Facies
471 3002 512 3046 ne
531 2982 731 3046 cicatricibus
751 2982 950 3063 deturpetur,
968 2978 1050 3041 nssiil
1072 2978 1243 3061 quicquam
1264 2978 1396 3056 molior,
1408 2959 1550 3073 {llfflssd

298 3109 372 3151 cum
393 3088 472 3165 olea,
487 3087 665 3166 linimento,
681 3094 742 3151 etc.
761 3086 795 3150 id
816 3093 944 3150 tantum
965 3091 1159 3166 ag1mt‚quo
1180 3081 1304 3145 tardius
1325 3102 1394 3145 ova·
1407 3089 1528 3149 ungenda

1339 3185 1345 3197 ·
1372 3186 1378 3198 ·
1408 3162 1459 3210 Sub
1472 3164 1518 3213 hoc

298 3198 432 3254 noscant
447 3190 511 3255 albi
521 3190 576 3253 isti
586 3190 735 3268 firrfirres,
748 3188 864 3272 quibus
879 3208 913 3251 se
927 3186 1065 3249 invicem
1075 3184 1268 3268 pellentibus
1279 3206 1394 3268 exc1p1-
1407 3228 1524 3288 regmine
1536 3247 1550 3278 a

230 3292 244 3313 “
298 3292 500 3375 cutibusque,
515 3299 685 3375 postquam
701 3312 795 3374 aeger
808 3291 877 3374 jam
892 3290 975 3353 lecto
990 3288 1126 3351 surrexit
1141 3309 1178 3351 ac
1193 3287 1396 3352 mediocriter
1408 3290 1522 3341 cicatrici-

298 3394 551 3478 valet,paulatim
562 3394 738 3459 succedunt
747 3393 858 3456 foedae
867 3392 940 3456 illae
949 3390 1122 3455 cicatrices.
1147 3390 1212 3454 Sed
1220 3390 1260 3454 ab
1269 3390 1320 3453 his
1329 3412 1395 3453 non
1408 3355 1538 3469 iiiiiffl,

297 3497 388 3560 valde
397 3495 608 3559 metuendum
618 3502 666 3557 est
676 3493 885 3576 aegro,ubiob
891 3494 1035 3577 regimen
1044 3493 1240 3557 moderatius
1248 3492 1395 3577 pustulae
1407 3486 1532 3535 tuendum.

298 3598 406 3661 minus
421 3596 627 3661 exacerbatae
642 3595 764 3658 nullam
776 3595 965 3677 qualitatem
979 3594 1154 3658 causticam
1165 3603 1361 3659 contraxere.
1407 3560 1535 3677 fflffi„

346 3698 431 3785 [56.]
456 3699 477 3761 J
479 3720 531 3761 am
550 3719 634 3776 vero,
651 3696 725 3761 licet
747 3696 918 3760 methodus
940 3697 1019 3760 haec
1044 3697 1083 3778 (si
1103 3705 1196 3761 caute
1218 3697 1339 3760 seilicet
1359 3717 1396 3759 ac
1408 3688 1539 3819 affligis

298 3802 474 3885 prudenter
488 3800 736 3892 circumstantiis
751 3798 996 3882 particularibus
1011 3800 1291 3881 accommodetur‚)
1304 3821 1393 3883 prae·
1407 3831 1481 3877 quam
1492 3836 1547 3883 pro.

298 3904 384 3969 dicta
400 3904 456 3967 illa
473 3926 492 3967 a
510 3904 639 3967 Natura
656 3903 861 3966 abhorrentia
877 3911 975 3985 atque
989 3904 1166 3986 periculosa
1180 3910 1395 3987 symptomata
1406 3888 1530 4009 budiano

297 4012 517 4089 praeoccupet,
530 4012 563 4068 et
578 4026 726 4068 securum
741 4011 837 4087 atque
848 4004 1084 4087 perbenignum
1098 4004 1247 4067 morbum
1261 4004 1375 4067 reddat
1383 4030 1393 4081 ;
1407 4034 1522 4071 nram

298 4134 318 4175 a
334 4133 525 4196 quacunque
547 4120 657 4175 tamen
674 4133 771 4175 causa
788 4118 897 4175 exorta
917 4112 983 4174 sint
1004 4112 1093 4189 haec,
1108 4132 1161 4173 me
1179 4109 1325 4172 nondum
1343 4130 1393 4172 ac-
1407 4098 1512 4136 '‘⁶¹⁰¹‘'

298 4216 422 4295 cersito,
439 4236 568 4279 necesse
587 4214 690 4278 habeo
707 4216 743 4277 in
763 4214 931 4297 aliquibus,
948 4234 1029 4296 quae
1046 4214 1100 4275 hio
1119 4211 1317 4288 subnectam,
1332 4211 1394 4273 alia

297 4318 347 4381 via
360 4318 518 4395 insistere,
535 4316 646 4380 eadem
660 4324 698 4379 ut
714 4315 917 4380 submoveam
933 4324 1030 4398 atque
1045 4312 1212 4377 debellem,

345 4419 428 4504 [5⁷·]
456 4418 620 4501 Imprimis
638 4418 748 4501 igitur,
769 4418 796 4481 si
819 4419 854 4480 in
873 4417 1020 4481 Discreto
1044 4435 1161 4497 genere
1185 4413 1226 4477 ob
1249 4414 1394 4496 regimen
1406 4422 1447 4471 aa
1457 4440 1510 4488 p„

293 4522 382 4604 justo
397 4520 530 4587 calidius
545 4526 578 4583 et
593 4520 761 4585 continuos
777 4520 907 4583 sudores
923 4517 1010 4599 aegri
1024 4517 1121 4580 facies
1135 4514 1188 4579 die
1202 4522 1313 4580 octavo
1326 4537 1394 4579 non
1405 4492 1550 4603 ξζιζξῖἓωῐ

296 4622 500 4697 intumescat,
519 4622 666 4703 (pustulis
680 4622 811 4686 interim
827 4620 902 4685 satis
921 4620 1019 4682 dense
1037 4640 1070 4682 se
1087 4618 1313 4700 merentibus)
1337 4619 1393 4683 sed
1405 4624 1540 4691 ‘Qen-

296 4724 428 4787 flaccida
443 4722 494 4799 sit,
507 4729 540 4785 et
554 4721 694 4803 palleant
709 4724 911 4806 pustularum
924 4721 1101 4785 interstitia
1108 4747 1118 4799 3
1138 4720 1174 4783 iu
1188 4742 1265 4784 casu
1278 4720 1392 4803 posito,
1404 4687 1545 4805 {ifiiffloe'

296 4826 382 4889 ultra
400 4823 486 4907 quod
504 4822 545 4885 ad
561 4828 774 4907 temperatum
792 4826 894 4907 magis
913 4824 1058 4907 regimen
1076 4832 1109 4888 et
1126 4821 1392 4905 compescendum
1404 4806 1537 4931 g‘stssil'f‘*

1420 4870 1460 4918 ἰιιι
