<?xml version="1.0" encoding="UTF-8"?>
<!DOCTYPE html PUBLIC "-//W3C//DTD XHTML 1.0 Transitional//EN"
    "http://www.w3.org/TR/xhtml1/DTD/xhtml1-transitional.dtd">
<html xmlns="http://www.w3.org/1999/xhtml" xml:lang="en" lang="en">
 <head>
  <title>
</title>
<meta http-equiv="Content-Type" content="text/html;charset=utf-8" />
  <meta name='ocr-system' content='tesseract 3.04.00' />
  <meta name='ocr-capabilities' content='ocr_page ocr_carea ocr_par ocr_line ocrx_word'/>
</head>
<body>
  <div class='ocr_page' id='page_1' title='image "./thomaesydenhamm00greegoog_0387.png"; bbox 0 0 3825 5759; ppageno 0'>
   <div class='ocr_carea' id='block_1_1' title="bbox 515 695 1382 765">
    <p class='ocr_par' dir='ltr' id='par_1_1' title="bbox 515 695 1382 765">
     <span class='ocr_line' id='line_1_1' title="bbox 515 695 1382 765; baseline 0.007 -6"><span class='ocrx_word' id='word_1_1' title='bbox 515 695 814 761; x_wconf 79' lang='lat' dir='ltr'>DISSER&#39;PATIO</span> <span class='ocrx_word' id='word_1_2' title='bbox 837 696 1147 763; x_wconf 79' lang='lat' dir='ltr'><strong>EPISTOLARIS.</strong></span> <span class='ocrx_word' id='word_1_3' title='bbox 1316 697 1382 765; x_wconf 76' lang='lat'><strong>357</strong></span> 
     </span>
    </p>
   </div>
   <div class='ocr_carea' id='block_1_2' title="bbox 151 855 1532 979">
    <p class='ocr_par' dir='ltr' id='par_1_2' title="bbox 151 855 1532 979">
     <span class='ocr_line' id='line_1_2' title="bbox 151 855 1532 979; baseline 0.003 -59"><span class='ocrx_word' id='word_1_4' title='bbox 151 891 154 898; x_wconf 91' lang='lat'>·</span> <span class='ocrx_word' id='word_1_5' title='bbox 272 875 375 941; x_wconf 88' lang='lat' dir='ltr'><strong>quam</strong></span> <span class='ocrx_word' id='word_1_6' title='bbox 400 855 560 940; x_wconf 90' lang='lat' dir='ltr'><strong>plerisque</strong></span> <span class='ocrx_word' id='word_1_7' title='bbox 584 877 696 921; x_wconf 91' lang='lat' dir='ltr'><strong>eorum</strong></span> <span class='ocrx_word' id='word_1_8' title='bbox 726 855 781 940; x_wconf 92' lang='lat' dir='ltr'><strong>qui</strong></span> <span class='ocrx_word' id='word_1_9' title='bbox 810 864 967 922; x_wconf 90' lang='lat' dir='ltr'><strong>sanantur</strong></span> <span class='ocrx_word' id='word_1_10' title='bbox 991 859 1096 924; x_wconf 77' lang='lat' dir='ltr'><strong>solent</strong></span> <span class='ocrx_word' id='word_1_11' title='bbox 1124 860 1261 979; x_wconf 78' lang='lat' dir='ltr'><strong>prodire.</strong></span> <span class='ocrx_word' id='word_1_12' title='bbox 1307 861 1380 926; x_wconf 91' lang='lat' dir='ltr'><strong>Hac</strong></span> <span class='ocrx_word' id='word_1_13' title='bbox 1393 874 1435 923; x_wconf 74' lang='lat' dir='ltr'><strong>ns</strong></span> <span class='ocrx_word' id='word_1_14' title='bbox 1449 875 1532 924; x_wconf 72' lang='lat' dir='ltr'><strong>vrn-</strong></span> 
     </span>
    </p>
   </div>
   <div class='ocr_carea' id='block_1_3' title="bbox 151 957 1381 1049">
    <p class='ocr_par' dir='ltr' id='par_1_3' title="bbox 151 957 1381 1049">
     <span class='ocr_line' id='line_1_3' title="bbox 151 957 1381 1049; baseline 0.007 -27"><span class='ocrx_word' id='word_1_15' title='bbox 151 997 153 1032; x_wconf 61' lang='grc' dir='ltr'>ς</span> <span class='ocrx_word' id='word_1_16' title='bbox 271 962 419 1044; x_wconf 89' lang='lat' dir='ltr'><strong>primum</strong></span> <span class='ocrx_word' id='word_1_17' title='bbox 448 967 544 1024; x_wconf 90' lang='lat' dir='ltr'><strong>nocte</strong></span> <span class='ocrx_word' id='word_1_18' title='bbox 574 961 684 1044; x_wconf 85' lang='lat' dir='ltr'><strong>syrupi</strong></span> <span class='ocrx_word' id='word_1_19' title='bbox 709 957 763 1024; x_wconf 91' lang='lat' dir='ltr'><strong>de</strong></span> <span class='ocrx_word' id='word_1_20' title='bbox 778 961 923 1025; x_wconf 80' lang='lat' dir='ltr'>meconio</span> <span class='ocrx_word' id='word_1_21' title='bbox 952 963 1081 1026; x_wconf 91' lang='lat' dir='ltr'><strong>unciam</strong></span> <span class='ocrx_word' id='word_1_22' title='bbox 1105 985 1206 1028; x_wconf 89' lang='lat' dir='ltr'><strong>unam</strong></span> <span class='ocrx_word' id='word_1_23' title='bbox 1231 965 1266 1028; x_wconf 93' lang='lat' dir='ltr'><strong>in</strong></span> <span class='ocrx_word' id='word_1_24' title='bbox 1296 987 1381 1049; x_wconf 87' lang='lat' dir='ltr'><strong>aqua</strong></span> 
     </span>
    </p>
   </div>
   <div class='ocr_carea' id='block_1_4' title="bbox 1392 940 1534 1052">
    <p class='ocr_par' dir='ltr' id='par_1_4' title="bbox 1392 940 1534 1052">
     <span class='ocr_line' id='line_1_4' title="bbox 1392 940 1534 988; baseline 0.007 -1"><span class='ocrx_word' id='word_1_25' title='bbox 1392 953 1454 988; x_wconf 81' lang='grc' dir='ltr'>οιιι</span> <span class='ocrx_word' id='word_1_26' title='bbox 1464 940 1534 988; x_wconf 82' lang='lat' dir='ltr'><strong>Cos-</strong></span> 
     </span>
     <span class='ocr_line' id='line_1_5' title="bbox 1409 1018 1521 1052; baseline 0 0"><span class='ocrx_word' id='word_1_27' title='bbox 1409 1018 1521 1052; x_wconf 80' lang='grc' dir='ltr'>ιιυιιιιι.</span> 
     </span>
    </p>
   </div>
   <div class='ocr_carea' id='block_1_5' title="bbox 272 1060 1379 1149">
    <p class='ocr_par' dir='ltr' id='par_1_5' title="bbox 272 1060 1379 1149">
     <span class='ocr_line' id='line_1_6' title="bbox 272 1060 1379 1149; baseline 0.007 -25"><span class='ocrx_word' id='word_1_28' title='bbox 272 1062 394 1125; x_wconf 85' lang='lat' dir='ltr'><strong>florum</strong></span> <span class='ocrx_word' id='word_1_29' title='bbox 423 1061 603 1145; x_wconf 74' lang='lat' dir='ltr'><strong>paralyseos</strong></span> <span class='ocrx_word' id='word_1_30' title='bbox 632 1060 852 1144; x_wconf 89' lang='lat' dir='ltr'><strong>propinabam,</strong></span> <span class='ocrx_word' id='word_1_31' title='bbox 883 1062 1018 1146; x_wconf 78' lang='lat' dir='ltr'><strong>singulis</strong></span> <span class='ocrx_word' id='word_1_32' title='bbox 1050 1064 1200 1149; x_wconf 75' lang='lat' dir='ltr'>deinceps</span> <span class='ocrx_word' id='word_1_33' title='bbox 1228 1067 1379 1132; x_wconf 89' lang='lat' dir='ltr'><strong>noctibus</strong></span> 
     </span>
    </p>
   </div>
   <div class='ocr_carea' id='block_1_6' title="bbox 151 1161 1378 1252">
    <p class='ocr_par' dir='ltr' id='par_1_6' title="bbox 151 1161 1378 1252">
     <span class='ocr_line' id='line_1_7' title="bbox 151 1161 1378 1252; baseline 0.008 -28"><span class='ocrx_word' id='word_1_34' title='bbox 151 1205 155 1242; x_wconf 90' lang='lat'>:</span> <span class='ocrx_word' id='word_1_35' title='bbox 273 1163 487 1244; x_wconf 89' lang='lat' dir='ltr'><strong>repetendam</strong></span> <span class='ocrx_word' id='word_1_36' title='bbox 499 1187 508 1240; x_wconf 92' lang='lat'>;</span> <span class='ocrx_word' id='word_1_37' title='bbox 531 1161 704 1226; x_wconf 79' lang='lat' dir='ltr'><strong>suadebam</strong></span> <span class='ocrx_word' id='word_1_38' title='bbox 729 1163 826 1227; x_wconf 89' lang='lat' dir='ltr'><strong>etiam</strong></span> <span class='ocrx_word' id='word_1_39' title='bbox 850 1171 981 1228; x_wconf 90' lang='lat' dir='ltr'><strong>utnon</strong></span> <span class='ocrx_word' id='word_1_40' title='bbox 1006 1165 1075 1228; x_wconf 91' lang='lat' dir='ltr'><strong>aliis</strong></span> <span class='ocrx_word' id='word_1_41' title='bbox 1098 1169 1258 1251; x_wconf 82' lang='lat' dir='ltr'><strong>stragulis,</strong></span> <span class='ocrx_word' id='word_1_42' title='bbox 1282 1191 1378 1252; x_wconf 90' lang='lat' dir='ltr'><strong>quam</strong></span> 
     </span>
    </p>
   </div>
   <div class='ocr_carea' id='block_1_7' title="bbox 275 1265 1379 1351">
    <p class='ocr_par' dir='ltr' id='par_1_7' title="bbox 275 1265 1379 1351">
     <span class='ocr_line' id='line_1_8' title="bbox 275 1265 1379 1351; baseline 0.008 -24"><span class='ocrx_word' id='word_1_43' title='bbox 275 1265 397 1347; x_wconf 91' lang='lat' dir='ltr'><strong>quibus</strong></span> <span class='ocrx_word' id='word_1_44' title='bbox 419 1287 516 1328; x_wconf 89' lang='lat' dir='ltr'><strong>sanus</strong></span> <span class='ocrx_word' id='word_1_45' title='bbox 538 1273 728 1344; x_wconf 81' lang='lat' dir='ltr'><strong>assueverat,</strong></span> <span class='ocrx_word' id='word_1_46' title='bbox 743 1272 907 1349; x_wconf 84' lang='lat' dir='ltr'><strong>tegeretur</strong></span> <span class='ocrx_word' id='word_1_47' title='bbox 917 1291 926 1344; x_wconf 90' lang='lat'>;</span> <span class='ocrx_word' id='word_1_48' title='bbox 948 1273 988 1330; x_wconf 90' lang='lat' dir='ltr'><strong>ut</strong></span> <span class='ocrx_word' id='word_1_49' title='bbox 1003 1268 1138 1351; x_wconf 88' lang='lat' dir='ltr'><strong>juscnlis</strong></span> <span class='ocrx_word' id='word_1_50' title='bbox 1159 1272 1322 1335; x_wconf 89' lang='lat' dir='ltr'><strong>avenaceis</strong></span> <span class='ocrx_word' id='word_1_51' title='bbox 1344 1279 1379 1336; x_wconf 92' lang='lat' dir='ltr'><strong>et</strong></span> 
     </span>
    </p>
   </div>
   <div class='ocr_carea' id='block_1_8' title="bbox 151 1366 1380 1760">
    <p class='ocr_par' dir='ltr' id='par_1_8' title="bbox 151 1366 1380 1760">
     <span class='ocr_line' id='line_1_9' title="bbox 151 1366 1380 1452; baseline 0.009 -24"><span class='ocrx_word' id='word_1_52' title='bbox 151 1413 153 1450; x_wconf 45' lang='grc' dir='ltr'>ι</span> <span class='ocrx_word' id='word_1_53' title='bbox 274 1366 471 1446; x_wconf 81' lang='lat' dir='ltr'><strong>hordeaceis,</strong></span> <span class='ocrx_word' id='word_1_54' title='bbox 486 1388 720 1451; x_wconf 87' lang='lat' dir='ltr'><strong>nonnunquam</strong></span> <span class='ocrx_word' id='word_1_55' title='bbox 736 1367 833 1431; x_wconf 86' lang='lat' dir='ltr'><strong>etiam</strong></span> <span class='ocrx_word' id='word_1_56' title='bbox 848 1389 944 1452; x_wconf 86' lang='lat' dir='ltr'><strong>pomo</strong></span> <span class='ocrx_word' id='word_1_57' title='bbox 959 1376 1060 1447; x_wconf 88' lang='lat' dir='ltr'><strong>cocto,</strong></span> <span class='ocrx_word' id='word_1_58' title='bbox 1073 1377 1253 1435; x_wconf 79' lang='lat' dir='ltr'><strong>vesceretur</strong></span> <span class='ocrx_word' id='word_1_59' title='bbox 1259 1399 1270 1452; x_wconf 79' lang='lat'>3</span> <span class='ocrx_word' id='word_1_60' title='bbox 1293 1395 1380 1439; x_wconf 88' lang='lat' dir='ltr'><strong>cere·</strong></span> 
     </span>
     <span class='ocr_line' id='line_1_10' title="bbox 151 1468 1378 1552; baseline 0.009 -23"><span class='ocrx_word' id='word_1_61' title='bbox 151 1515 154 1552; x_wconf 88' lang='lat'>;</span> <span class='ocrx_word' id='word_1_62' title='bbox 273 1468 390 1531; x_wconf 88' lang='lat' dir='ltr'><strong>visiam</strong></span> <span class='ocrx_word' id='word_1_63' title='bbox 412 1469 509 1532; x_wconf 91' lang='lat' dir='ltr'><strong>etiam</strong></span> <span class='ocrx_word' id='word_1_64' title='bbox 532 1475 665 1534; x_wconf 89' lang='lat' dir='ltr'><strong>tenuem</strong></span> <span class='ocrx_word' id='word_1_65' title='bbox 688 1470 842 1534; x_wconf 87' lang='lat' dir='ltr'><strong>hauriret.</strong></span> <span class='ocrx_word' id='word_1_66' title='bbox 887 1469 950 1534; x_wconf 90' lang='lat' dir='ltr'><strong>Die</strong></span> <span class='ocrx_word' id='word_1_67' title='bbox 974 1477 1086 1535; x_wconf 86' lang='lat' dir='ltr'><strong>octavo</strong></span> <span class='ocrx_word' id='word_1_68' title='bbox 1108 1472 1219 1536; x_wconf 88' lang='lat' dir='ltr'><strong>allium</strong></span> <span class='ocrx_word' id='word_1_69' title='bbox 1239 1475 1378 1540; x_wconf 90' lang='lat' dir='ltr'><strong>incisum</strong></span> 
     </span>
     <span class='ocr_line' id='line_1_11' title="bbox 151 1573 1377 1658; baseline 0.008 -25"><span class='ocrx_word' id='word_1_70' title='bbox 151 1619 152 1624; x_wconf 21' lang='grc' dir='ltr'>ι</span> <span class='ocrx_word' id='word_1_71' title='bbox 274 1577 310 1634; x_wconf 88' lang='lat' dir='ltr'><strong>et</strong></span> <span class='ocrx_word' id='word_1_72' title='bbox 328 1593 437 1654; x_wconf 88' lang='lat' dir='ltr'><strong>panno</strong></span> <span class='ocrx_word' id='word_1_73' title='bbox 456 1573 542 1636; x_wconf 89' lang='lat' dir='ltr'><strong>lineo</strong></span> <span class='ocrx_word' id='word_1_74' title='bbox 559 1573 720 1637; x_wconf 91' lang='lat' dir='ltr'><strong>inclusum</strong></span> <span class='ocrx_word' id='word_1_75' title='bbox 742 1573 863 1656; x_wconf 90' lang='lat' dir='ltr'><strong>pedum</strong></span> <span class='ocrx_word' id='word_1_76' title='bbox 877 1574 997 1657; x_wconf 90' lang='lat' dir='ltr'><strong>plantis</strong></span> <span class='ocrx_word' id='word_1_77' title='bbox 1019 1575 1245 1658; x_wconf 89' lang='lat' dir='ltr'><strong>applicandum</strong></span> <span class='ocrx_word' id='word_1_78' title='bbox 1260 1580 1377 1658; x_wconf 90' lang='lat' dir='ltr'><strong>curavi,</strong></span> 
     </span>
     <span class='ocr_line' id='line_1_12' title="bbox 151 1674 1379 1760; baseline 0.007 -25"><span class='ocrx_word' id='word_1_79' title='bbox 151 1723 153 1760; x_wconf 62' lang='lat'><em>3</em></span> <span class='ocrx_word' id='word_1_80' title='bbox 274 1681 309 1737; x_wconf 92' lang='lat' dir='ltr'><strong>et</strong></span> <span class='ocrx_word' id='word_1_81' title='bbox 325 1674 546 1738; x_wconf 89' lang='lat' dir='ltr'><strong>renovandum</strong></span> <span class='ocrx_word' id='word_1_82' title='bbox 561 1674 702 1758; x_wconf 91' lang='lat' dir='ltr'><strong>quotidie</strong></span> <span class='ocrx_word' id='word_1_83' title='bbox 718 1675 819 1740; x_wconf 88' lang='lat' dir='ltr'><strong>donec</strong></span> <span class='ocrx_word' id='word_1_84' title='bbox 834 1683 925 1740; x_wconf 81' lang='lat' dir='ltr'><strong>extra</strong></span> <span class='ocrx_word' id='word_1_85' title='bbox 939 1677 1043 1741; x_wconf 88' lang='lat' dir='ltr'><strong>aleam</strong></span> <span class='ocrx_word' id='word_1_86' title='bbox 1057 1677 1256 1742; x_wconf 83' lang='lat' dir='ltr'><strong>consisteret.</strong></span> <span class='ocrx_word' id='word_1_87' title='bbox 1300 1680 1379 1744; x_wconf 84' lang='lat' dir='ltr'><strong>Post</strong></span> 
     </span>
    </p>
   </div>
   <div class='ocr_carea' id='block_1_9' title="bbox 273 1775 1502 4520">
    <p class='ocr_par' dir='ltr' id='par_1_9' title="bbox 273 1775 1487 4520">
     <span class='ocr_line' id='line_1_13' title="bbox 273 1775 1379 1862; baseline 0.005 -23"><span class='ocrx_word' id='word_1_88' title='bbox 273 1775 356 1840; x_wconf 91' lang='lat' dir='ltr'><strong>haec</strong></span> <span class='ocrx_word' id='word_1_89' title='bbox 379 1799 437 1860; x_wconf 91' lang='lat' dir='ltr'><strong>pro</strong></span> <span class='ocrx_word' id='word_1_90' title='bbox 463 1779 704 1860; x_wconf 84' lang='lat' dir='ltr'><strong>augescentium</strong></span> <span class='ocrx_word' id='word_1_91' title='bbox 728 1778 933 1861; x_wconf 74' lang='lat' dir='ltr'><strong>pustularum</strong></span> <span class='ocrx_word' id='word_1_92' title='bbox 959 1780 1055 1862; x_wconf 85' lang='lat' dir='ltr'><strong>genio</strong></span> <span class='ocrx_word' id='word_1_93' title='bbox 1080 1781 1189 1843; x_wconf 91' lang='lat' dir='ltr'><strong>omnia</strong></span> <span class='ocrx_word' id='word_1_94' title='bbox 1210 1781 1379 1860; x_wconf 86' lang='lat' dir='ltr'><strong>cedebant,</strong></span> 
     </span>
     <span class='ocr_line' id='line_1_14' title="bbox 273 1879 1377 1964; baseline 0.005 -23"><span class='ocrx_word' id='word_1_95' title='bbox 273 1899 379 1961; x_wconf 91' lang='lat' dir='ltr'><strong>usque</strong></span> <span class='ocrx_word' id='word_1_96' title='bbox 401 1879 442 1942; x_wconf 90' lang='lat' dir='ltr'><strong>ad</strong></span> <span class='ocrx_word' id='word_1_97' title='bbox 462 1879 622 1942; x_wconf 91' lang='lat' dir='ltr'><strong>decimum</strong></span> <span class='ocrx_word' id='word_1_98' title='bbox 646 1880 752 1958; x_wconf 89' lang='lat' dir='ltr'><strong>diem;</strong></span> <span class='ocrx_word' id='word_1_99' title='bbox 775 1901 839 1964; x_wconf 90' lang='lat' dir='ltr'><strong>quo</strong></span> <span class='ocrx_word' id='word_1_100' title='bbox 853 1890 999 1964; x_wconf 92' lang='lat' dir='ltr'><strong>tempore</strong></span> <span class='ocrx_word' id='word_1_101' title='bbox 1019 1903 1116 1946; x_wconf 88' lang='lat' dir='ltr'><strong>mane</strong></span> <span class='ocrx_word' id='word_1_102' title='bbox 1134 1903 1210 1945; x_wconf 91' lang='lat' dir='ltr'><strong>eum</strong></span> <span class='ocrx_word' id='word_1_103' title='bbox 1228 1883 1377 1962; x_wconf 88' lang='lat' dir='ltr'><strong>invisens,</strong></span> 
     </span>
     <span class='ocr_line' id='line_1_15' title="bbox 273 1980 1379 2068; baseline 0.006 -25"><span class='ocrx_word' id='word_1_104' title='bbox 273 1980 350 2044; x_wconf 90' lang='lat' dir='ltr'><strong>licet</strong></span> <span class='ocrx_word' id='word_1_105' title='bbox 360 1981 562 2045; x_wconf 88' lang='lat' dir='ltr'><strong>mediocriter</strong></span> <span class='ocrx_word' id='word_1_106' title='bbox 573 2003 607 2045; x_wconf 91' lang='lat' dir='ltr'><strong>se</strong></span> <span class='ocrx_word' id='word_1_107' title='bbox 617 1981 761 2060; x_wconf 88' lang='lat' dir='ltr'><strong>haberet,</strong></span> <span class='ocrx_word' id='word_1_108' title='bbox 770 1983 867 2046; x_wconf 87' lang='lat' dir='ltr'><strong>febris</strong></span> <span class='ocrx_word' id='word_1_109' title='bbox 877 1990 988 2047; x_wconf 90' lang='lat' dir='ltr'><strong>tamen</strong></span> <span class='ocrx_word' id='word_1_110' title='bbox 999 1983 1206 2049; x_wconf 84' lang='lat' dir='ltr'><strong>secundariae</strong></span> <span class='ocrx_word' id='word_1_111' title='bbox 1217 1987 1379 2068; x_wconf 89' lang='lat' dir='ltr'><strong>quendam</strong></span> 
     </span>
     <span class='ocr_line' id='line_1_16' title="bbox 275 2083 1378 2170; baseline 0.006 -25"><span class='ocrx_word' id='word_1_112' title='bbox 275 2083 368 2165; x_wconf 89' lang='lat' dir='ltr'><strong>quasi</strong></span> <span class='ocrx_word' id='word_1_113' title='bbox 382 2083 588 2166; x_wconf 90' lang='lat' dir='ltr'><strong>prodromum</strong></span> <span class='ocrx_word' id='word_1_114' title='bbox 604 2083 808 2168; x_wconf 90' lang='lat' dir='ltr'><strong>deprehendi,</strong></span> <span class='ocrx_word' id='word_1_115' title='bbox 825 2107 900 2149; x_wconf 90' lang='lat' dir='ltr'><strong>cum</strong></span> <span class='ocrx_word' id='word_1_116' title='bbox 916 2087 1092 2170; x_wconf 88' lang='lat' dir='ltr'><strong>jactatione</strong></span> <span class='ocrx_word' id='word_1_117' title='bbox 1114 2085 1253 2170; x_wconf 84' lang='lat' dir='ltr'><strong>aliquali.</strong></span> <span class='ocrx_word' id='word_1_118' title='bbox 1297 2088 1378 2152; x_wconf 87' lang='lat' dir='ltr'><strong>Mox</strong></span> 
     </span>
     <span class='ocr_line' id='line_1_17' title="bbox 274 2184 1377 2274; baseline 0.007 -28"><span class='ocrx_word' id='word_1_119' title='bbox 274 2184 385 2267; x_wconf 91' lang='lat' dir='ltr'><strong>itaque</strong></span> <span class='ocrx_word' id='word_1_120' title='bbox 400 2186 571 2268; x_wconf 89' lang='lat' dir='ltr'><strong>procellam</strong></span> <span class='ocrx_word' id='word_1_121' title='bbox 585 2187 705 2250; x_wconf 89' lang='lat' dir='ltr'><strong>veritus</strong></span> <span class='ocrx_word' id='word_1_122' title='bbox 719 2187 954 2266; x_wconf 90' lang='lat' dir='ltr'><strong>imminentem,</strong></span> <span class='ocrx_word' id='word_1_123' title='bbox 963 2189 1187 2272; x_wconf 79' lang='lat' dir='ltr'><strong>paregoricnm</strong></span> <span class='ocrx_word' id='word_1_124' title='bbox 1201 2211 1299 2274; x_wconf 90' lang='lat' dir='ltr'><strong>supra</strong></span> <span class='ocrx_word' id='word_1_125' title='bbox 1308 2190 1377 2254; x_wconf 91' lang='lat' dir='ltr'><strong>lan·</strong></span> 
     </span>
     <span class='ocr_line' id='line_1_18' title="bbox 276 2286 1378 2376; baseline 0.007 -26"><span class='ocrx_word' id='word_1_126' title='bbox 276 2286 390 2350; x_wconf 89' lang='lat' dir='ltr'><strong>datum</strong></span> <span class='ocrx_word' id='word_1_127' title='bbox 407 2286 442 2374; x_wconf 63' lang='lat' dir='ltr'><strong>[q</strong></span> <span class='ocrx_word' id='word_1_128' title='bbox 458 2289 501 2352; x_wconf 89' lang='lat'><strong>36</strong></span> <span class='ocrx_word' id='word_1_129' title='bbox 516 2289 578 2372; x_wconf 86' lang='lat' dir='ltr'><strong>sq]</strong></span> <span class='ocrx_word' id='word_1_130' title='bbox 607 2289 747 2367; x_wconf 84' lang='lat' dir='ltr'><strong>exhibui,</strong></span> <span class='ocrx_word' id='word_1_131' title='bbox 763 2313 783 2354; x_wconf 97' lang='grc' dir='ltr'><strong>ιι</strong></span> <span class='ocrx_word' id='word_1_132' title='bbox 805 2312 868 2374; x_wconf 91' lang='lat' dir='ltr'><strong>quo</strong></span> <span class='ocrx_word' id='word_1_133' title='bbox 882 2290 1058 2374; x_wconf 87' lang='lat' dir='ltr'><strong>tranquilla</strong></span> <span class='ocrx_word' id='word_1_134' title='bbox 1072 2292 1182 2356; x_wconf 88' lang='lat' dir='ltr'><strong>omnia</strong></span> <span class='ocrx_word' id='word_1_135' title='bbox 1195 2300 1228 2356; x_wconf 92' lang='lat' dir='ltr'><strong>et</strong></span> <span class='ocrx_word' id='word_1_136' title='bbox 1243 2301 1357 2376; x_wconf 87' lang='lat' dir='ltr'><strong>pacata</strong></span> <span class='ocrx_word' id='word_1_137' title='bbox 1366 2319 1378 2372; x_wconf 79' lang='lat'>3</span> 
     </span>
     <span class='ocr_line' id='line_1_19' title="bbox 277 2389 1379 2479; baseline 0.008 -27"><span class='ocrx_word' id='word_1_138' title='bbox 277 2389 389 2453; x_wconf 88' lang='lat' dir='ltr'><strong>eadem</strong></span> <span class='ocrx_word' id='word_1_139' title='bbox 400 2391 495 2454; x_wconf 90' lang='lat' dir='ltr'><strong>nocte</strong></span> <span class='ocrx_word' id='word_1_140' title='bbox 510 2392 620 2476; x_wconf 89' lang='lat' dir='ltr'><strong>syrupi</strong></span> <span class='ocrx_word' id='word_1_141' title='bbox 634 2392 674 2456; x_wconf 90' lang='lat' dir='ltr'><strong>de</strong></span> <span class='ocrx_word' id='word_1_142' title='bbox 688 2394 834 2457; x_wconf 92' lang='lat' dir='ltr'><strong>meconio</strong></span> <span class='ocrx_word' id='word_1_143' title='bbox 845 2393 1081 2477; x_wconf 89' lang='lat' dir='ltr'><strong>sesquiunciam</strong></span> <span class='ocrx_word' id='word_1_144' title='bbox 1092 2395 1288 2479; x_wconf 86' lang='lat' dir='ltr'><strong>praescripsi.</strong></span> <span class='ocrx_word' id='word_1_145' title='bbox 1321 2397 1379 2462; x_wconf 85' lang='lat' dir='ltr'><strong>Se·</strong></span> 
     </span>
     <span class='ocr_line' id='line_1_20' title="bbox 277 2494 1379 2579; baseline 0.008 -25"><span class='ocrx_word' id='word_1_146' title='bbox 277 2499 397 2574; x_wconf 86' lang='lat' dir='ltr'><strong>quente</strong></span> <span class='ocrx_word' id='word_1_147' title='bbox 409 2514 532 2573; x_wconf 90' lang='lat' dir='ltr'><strong>aurora,</strong></span> <span class='ocrx_word' id='word_1_148' title='bbox 548 2494 623 2576; x_wconf 90' lang='lat' dir='ltr'><strong>(diei</strong></span> <span class='ocrx_word' id='word_1_149' title='bbox 634 2495 754 2559; x_wconf 87' lang='lat' dir='ltr'><strong>scilicet</strong></span> <span class='ocrx_word' id='word_1_150' title='bbox 765 2496 950 2578; x_wconf 71' lang='lat' dir='ltr'><strong>undecimi)</strong></span> <span class='ocrx_word' id='word_1_151' title='bbox 963 2518 1048 2575; x_wconf 89' lang='lat' dir='ltr'><strong>cum,</strong></span> <span class='ocrx_word' id='word_1_152' title='bbox 1060 2504 1133 2579; x_wconf 90' lang='lat' dir='ltr'><strong>post</strong></span> <span class='ocrx_word' id='word_1_153' title='bbox 1144 2497 1379 2563; x_wconf 85' lang='lat' dir='ltr'><strong>exolescentem</strong></span> 
     </span>
     <span class='ocr_line' id='line_1_21' title="bbox 276 2595 1379 2681; baseline 0.007 -24"><span class='ocrx_word' id='word_1_154' title='bbox 276 2595 342 2658; x_wconf 90' lang='lat' dir='ltr'><strong>vim</strong></span> <span class='ocrx_word' id='word_1_155' title='bbox 355 2596 496 2679; x_wconf 80' lang='lat' dir='ltr'><strong>anodyni</strong></span> <span class='ocrx_word' id='word_1_156' title='bbox 507 2596 594 2680; x_wconf 92' lang='lat' dir='ltr'><strong>quod</strong></span> <span class='ocrx_word' id='word_1_157' title='bbox 604 2597 756 2661; x_wconf 87' lang='lat' dir='ltr'><strong>hesterna</strong></span> <span class='ocrx_word' id='word_1_158' title='bbox 765 2604 861 2662; x_wconf 90' lang='lat' dir='ltr'><strong>nocte</strong></span> <span class='ocrx_word' id='word_1_159' title='bbox 872 2605 1059 2680; x_wconf 86' lang='lat' dir='ltr'><strong>sumpserat,</strong></span> <span class='ocrx_word' id='word_1_160' title='bbox 1066 2599 1135 2681; x_wconf 87' lang='lat' dir='ltr'><strong>jam</strong></span> <span class='ocrx_word' id='word_1_161' title='bbox 1146 2598 1186 2662; x_wconf 91' lang='lat' dir='ltr'><strong>de</strong></span> <span class='ocrx_word' id='word_1_162' title='bbox 1196 2620 1280 2664; x_wconf 90' lang='lat' dir='ltr'><strong>novo</strong></span> <span class='ocrx_word' id='word_1_163' title='bbox 1294 2608 1379 2665; x_wconf 87' lang='lat' dir='ltr'><strong>esset</strong></span> 
     </span>
     <span class='ocr_line' id='line_1_22' title="bbox 277 2697 1378 2783; baseline 0.003 -21"><span class='ocrx_word' id='word_1_164' title='bbox 277 2697 487 2780; x_wconf 86' lang='lat' dir='ltr'><strong>irrequietior,</strong></span> <span class='ocrx_word' id='word_1_165' title='bbox 510 2698 646 2762; x_wconf 89' lang='lat' dir='ltr'><strong>diacodii</strong></span> <span class='ocrx_word' id='word_1_166' title='bbox 666 2699 785 2762; x_wconf 89' lang='lat' dir='ltr'><strong>iterum</strong></span> <span class='ocrx_word' id='word_1_167' title='bbox 807 2699 1043 2782; x_wconf 90' lang='lat' dir='ltr'><strong>sesquiunciam</strong></span> <span class='ocrx_word' id='word_1_168' title='bbox 1065 2699 1226 2782; x_wconf 82' lang='lat' dir='ltr'><strong>externplo</strong></span> <span class='ocrx_word' id='word_1_169' title='bbox 1248 2701 1378 2783; x_wconf 86' lang='lat' dir='ltr'><strong>ingessi,</strong></span> 
     </span>
     <span class='ocr_line' id='line_1_23' title="bbox 277 2799 1380 2883; baseline 0.004 -20"><span class='ocrx_word' id='word_1_170' title='bbox 277 2800 400 2883; x_wconf 87' lang='lat' dir='ltr'><strong>vesperi</strong></span> <span class='ocrx_word' id='word_1_171' title='bbox 420 2800 500 2864; x_wconf 88' lang='lat' dir='ltr'><strong>item</strong></span> <span class='ocrx_word' id='word_1_172' title='bbox 521 2799 734 2878; x_wconf 70' lang='lat' dir='ltr'><strong>tantundem</strong></span> <span class='ocrx_word' id='word_1_173' title='bbox 757 2807 854 2883; x_wconf 88' lang='lat' dir='ltr'><strong>atque</strong></span> <span class='ocrx_word' id='word_1_174' title='bbox 877 2801 1014 2864; x_wconf 89' lang='lat' dir='ltr'><strong>eandem</strong></span> <span class='ocrx_word' id='word_1_175' title='bbox 1031 2799 1124 2864; x_wconf 90' lang='lat' dir='ltr'><strong>dosin</strong></span> <span class='ocrx_word' id='word_1_176' title='bbox 1137 2821 1234 2865; x_wconf 90' lang='lat' dir='ltr'><strong>mane</strong></span> <span class='ocrx_word' id='word_1_177' title='bbox 1254 2808 1289 2866; x_wconf 90' lang='lat' dir='ltr'><strong>et</strong></span> <span class='ocrx_word' id='word_1_178' title='bbox 1306 2823 1380 2866; x_wconf 89' lang='lat' dir='ltr'><strong>sero</strong></span> 
     </span>
     <span class='ocr_line' id='line_1_24' title="bbox 277 2900 1379 2984; baseline 0.003 -20"><span class='ocrx_word' id='word_1_179' title='bbox 277 2909 316 2966; x_wconf 92' lang='lat' dir='ltr'><strong>ut</strong></span> <span class='ocrx_word' id='word_1_180' title='bbox 336 2907 513 2964; x_wconf 85' lang='lat' dir='ltr'><strong>assumeret</strong></span> <span class='ocrx_word' id='word_1_181' title='bbox 535 2901 678 2984; x_wconf 89' lang='lat' dir='ltr'><strong>quotidie</strong></span> <span class='ocrx_word' id='word_1_182' title='bbox 700 2901 917 2980; x_wconf 88' lang='lat' dir='ltr'><strong>consulebam,</strong></span> <span class='ocrx_word' id='word_1_183' title='bbox 939 2901 1042 2965; x_wconf 86' lang='lat' dir='ltr'><strong>donec</strong></span> <span class='ocrx_word' id='word_1_184' title='bbox 1062 2900 1197 2964; x_wconf 90' lang='lat' dir='ltr'><strong>omnino</strong></span> <span class='ocrx_word' id='word_1_185' title='bbox 1217 2903 1379 2968; x_wconf 85' lang='lat' dir='ltr'><strong>convales-</strong></span> 
     </span>
     <span class='ocr_line' id='line_1_25' title="bbox 279 3000 1380 3087; baseline 0.004 -21"><span class='ocrx_word' id='word_1_186' title='bbox 279 3009 375 3066; x_wconf 89' lang='lat' dir='ltr'><strong>ceret.</strong></span> <span class='ocrx_word' id='word_1_187' title='bbox 420 3003 533 3066; x_wconf 89' lang='lat' dir='ltr'><strong>Paruit</strong></span> <span class='ocrx_word' id='word_1_188' title='bbox 557 3023 653 3086; x_wconf 86' lang='lat' dir='ltr'><strong>aeger</strong></span> <span class='ocrx_word' id='word_1_189' title='bbox 659 3028 670 3080; x_wconf 80' lang='lat'>3</span> <span class='ocrx_word' id='word_1_190' title='bbox 692 3023 798 3086; x_wconf 83' lang='lat' dir='ltr'><strong>neque</strong></span> <span class='ocrx_word' id='word_1_191' title='bbox 824 3001 954 3084; x_wconf 87' lang='lat' dir='ltr'><strong>aliquod</strong></span> <span class='ocrx_word' id='word_1_192' title='bbox 977 3023 1037 3066; x_wconf 88' lang='lat' dir='ltr'><strong>nos</strong></span> <span class='ocrx_word' id='word_1_193' title='bbox 1059 3000 1176 3066; x_wconf 90' lang='lat' dir='ltr'><strong>deinde</strong></span> <span class='ocrx_word' id='word_1_194' title='bbox 1197 3003 1380 3087; x_wconf 81' lang='lat' dir='ltr'><strong>symptoma</strong></span> 
     </span>
     <span class='ocr_line' id='line_1_26' title="bbox 279 3101 1379 3190; baseline -0.001 -20"><span class='ocrx_word' id='word_1_195' title='bbox 279 3105 442 3185; x_wconf 80' lang='lat' dir='ltr'><strong>exterruit,</strong></span> <span class='ocrx_word' id='word_1_196' title='bbox 457 3105 521 3170; x_wconf 92' lang='lat' dir='ltr'><strong>nisi</strong></span> <span class='ocrx_word' id='word_1_197' title='bbox 543 3105 629 3190; x_wconf 91' lang='lat' dir='ltr'><strong>quod</strong></span> <span class='ocrx_word' id='word_1_198' title='bbox 643 3104 737 3168; x_wconf 89' lang='lat' dir='ltr'><strong>urina</strong></span> <span class='ocrx_word' id='word_1_199' title='bbox 758 3104 788 3168; x_wconf 91' lang='lat' dir='ltr'><strong>ei</strong></span> <span class='ocrx_word' id='word_1_200' title='bbox 807 3101 1000 3189; x_wconf 89' lang='lat' dir='ltr'><strong>quandoque</strong></span> <span class='ocrx_word' id='word_1_201' title='bbox 1019 3102 1281 3188; x_wconf 88' lang='lat' dir='ltr'><strong>supprimeretur,</strong></span> <span class='ocrx_word' id='word_1_202' title='bbox 1299 3104 1379 3187; x_wconf 69' lang='lat' dir='ltr'><strong>(ma</strong></span> 
     </span>
     <span class='ocr_line' id='line_1_27' title="bbox 278 3206 1379 3291; baseline 0 -19"><span class='ocrx_word' id='word_1_203' title='bbox 278 3209 345 3272; x_wconf 91' lang='lat' dir='ltr'><strong>lum</strong></span> <span class='ocrx_word' id='word_1_204' title='bbox 356 3207 537 3291; x_wconf 88' lang='lat' dir='ltr'><strong>junioribus</strong></span> <span class='ocrx_word' id='word_1_205' title='bbox 551 3208 613 3272; x_wconf 91' lang='lat' dir='ltr'><strong>hoc</strong></span> <span class='ocrx_word' id='word_1_206' title='bbox 627 3207 663 3271; x_wconf 89' lang='lat' dir='ltr'><strong>in</strong></span> <span class='ocrx_word' id='word_1_207' title='bbox 673 3207 787 3272; x_wconf 91' lang='lat' dir='ltr'><strong>morbo</strong></span> <span class='ocrx_word' id='word_1_208' title='bbox 800 3206 1092 3290; x_wconf 80' lang='lat' dir='ltr'><strong>familiare,)&#39;quam</strong></span> <span class='ocrx_word' id='word_1_209' title='bbox 1105 3213 1217 3270; x_wconf 88' lang='lat' dir='ltr'><strong>tamen</strong></span> <span class='ocrx_word' id='word_1_210' title='bbox 1231 3207 1379 3291; x_wconf 80' lang='lat' dir='ltr'><strong>genubus</strong></span> 
     </span>
     <span class='ocr_line' id='line_1_28' title="bbox 278 3309 1379 3393; baseline 0 -19"><span class='ocrx_word' id='word_1_211' title='bbox 278 3311 406 3374; x_wconf 83' lang='lat' dir='ltr'><strong>innixus</strong></span> <span class='ocrx_word' id='word_1_212' title='bbox 427 3311 462 3373; x_wconf 91' lang='lat' dir='ltr'><strong>in</strong></span> <span class='ocrx_word' id='word_1_213' title='bbox 483 3311 567 3374; x_wconf 91' lang='lat' dir='ltr'><strong>lecto</strong></span> <span class='ocrx_word' id='word_1_214' title='bbox 584 3309 750 3374; x_wconf 87' lang='lat' dir='ltr'><strong>reddebat.</strong></span> <span class='ocrx_word' id='word_1_215' title='bbox 795 3309 1008 3393; x_wconf 87' lang='lat' dir='ltr'><strong>Ptyalismnm</strong></span> <span class='ocrx_word' id='word_1_216' title='bbox 1026 3309 1113 3393; x_wconf 91' lang='lat' dir='ltr'><strong>quod</strong></span> <span class='ocrx_word' id='word_1_217' title='bbox 1129 3316 1263 3392; x_wconf 90' lang='lat' dir='ltr'><strong>spectat,</strong></span> <span class='ocrx_word' id='word_1_218' title='bbox 1278 3331 1379 3393; x_wconf 89' lang='lat' dir='ltr'><strong>quan·</strong></span> 
     </span>
     <span class='ocr_line' id='line_1_29' title="bbox 278 3412 1379 3498; baseline 0 -20"><span class='ocrx_word' id='word_1_219' title='bbox 278 3414 395 3479; x_wconf 90' lang='lat' dir='ltr'><strong>tumvis</strong></span> <span class='ocrx_word' id='word_1_220' title='bbox 410 3415 525 3478; x_wconf 83' lang='lat' dir='ltr'><strong>salivae</strong></span> <span class='ocrx_word' id='word_1_221' title='bbox 540 3413 631 3498; x_wconf 92' lang='lat' dir='ltr'><strong>copia</strong></span> <span class='ocrx_word' id='word_1_222' title='bbox 644 3413 804 3498; x_wconf 80' lang='lat' dir='ltr'><strong>frequenti</strong></span> <span class='ocrx_word' id='word_1_223' title='bbox 818 3412 1041 3497; x_wconf 85' lang='lat' dir='ltr'><strong>anodynorum</strong></span> <span class='ocrx_word' id='word_1_224' title='bbox 1061 3413 1097 3476; x_wconf 92' lang='lat' dir='ltr'><strong>in</strong></span> <span class='ocrx_word' id='word_1_225' title='bbox 1118 3419 1187 3477; x_wconf 87' lang='lat' dir='ltr'><strong>tam</strong></span> <span class='ocrx_word' id='word_1_226' title='bbox 1198 3413 1296 3497; x_wconf 81' lang='lat' dir='ltr'><strong>larga</strong></span> <span class='ocrx_word' id='word_1_227' title='bbox 1310 3413 1379 3478; x_wconf 89' lang='lat' dir='ltr'><strong>dosi</strong></span> 
     </span>
     <span class='ocr_line' id='line_1_30' title="bbox 278 3515 1378 3600; baseline 0.002 -20"><span class='ocrx_word' id='word_1_228' title='bbox 278 3517 466 3600; x_wconf 82' lang='lat' dir='ltr'><strong>repetitione</strong></span> <span class='ocrx_word' id='word_1_229' title='bbox 492 3517 730 3600; x_wconf 88' lang='lat' dir='ltr'><strong>aliquantulum</strong></span> <span class='ocrx_word' id='word_1_230' title='bbox 756 3515 1009 3599; x_wconf 88' lang='lat' dir='ltr'><strong>interciperetur,</strong></span> <span class='ocrx_word' id='word_1_231' title='bbox 1031 3522 1144 3580; x_wconf 89' lang='lat' dir='ltr'><strong>tamen</strong></span> <span class='ocrx_word' id='word_1_232' title='bbox 1167 3516 1311 3599; x_wconf 80' lang='lat' dir='ltr'><strong>longiore</strong></span> <span class='ocrx_word' id='word_1_233' title='bbox 1336 3517 1378 3582; x_wconf 89' lang='lat' dir='ltr'><strong>ab</strong></span> 
     </span>
     <span class='ocr_line' id='line_1_31' title="bbox 280 3618 1379 3703; baseline 0 -19"><span class='ocrx_word' id='word_1_234' title='bbox 280 3641 388 3684; x_wconf 80' lang='lat' dir='ltr'><strong>comm</strong></span> <span class='ocrx_word' id='word_1_235' title='bbox 403 3641 466 3683; x_wconf 91' lang='lat' dir='ltr'><strong>usu</strong></span> <span class='ocrx_word' id='word_1_236' title='bbox 479 3619 646 3683; x_wconf 87' lang='lat' dir='ltr'><strong>intervallo</strong></span> <span class='ocrx_word' id='word_1_237' title='bbox 660 3619 810 3703; x_wconf 89' lang='lat' dir='ltr'><strong>pituitam</strong></span> <span class='ocrx_word' id='word_1_238' title='bbox 831 3625 1017 3683; x_wconf 88' lang='lat' dir='ltr'><strong>concoctam</strong></span> <span class='ocrx_word' id='word_1_239' title='bbox 1037 3618 1215 3697; x_wconf 81' lang='lat' dir='ltr'><strong>exercebat,</strong></span> <span class='ocrx_word' id='word_1_240' title='bbox 1231 3640 1268 3683; x_wconf 90' lang='lat' dir='ltr'><strong>ac</strong></span> <span class='ocrx_word' id='word_1_241' title='bbox 1281 3618 1379 3684; x_wconf 84' lang='lat' dir='ltr'><strong>facies</strong></span> 
     </span>
     <span class='ocr_line' id='line_1_32' title="bbox 279 3720 1379 3806; baseline 0.001 -20"><span class='ocrx_word' id='word_1_242' title='bbox 279 3743 454 3805; x_wconf 89' lang='lat' dir='ltr'><strong>manusque</strong></span> <span class='ocrx_word' id='word_1_243' title='bbox 469 3721 577 3786; x_wconf 91' lang='lat' dir='ltr'><strong>debito</strong></span> <span class='ocrx_word' id='word_1_244' title='bbox 594 3728 739 3806; x_wconf 91' lang='lat' dir='ltr'><strong>tempore</strong></span> <span class='ocrx_word' id='word_1_245' title='bbox 760 3743 818 3806; x_wconf 90' lang='lat' dir='ltr'><strong>pro</strong></span> <span class='ocrx_word' id='word_1_246' title='bbox 832 3721 914 3785; x_wconf 88' lang='lat' dir='ltr'><strong>votis</strong></span> <span class='ocrx_word' id='word_1_247' title='bbox 934 3720 1201 3786; x_wconf 87' lang='lat' dir='ltr'><strong>intumescebant.</strong></span> <span class='ocrx_word' id='word_1_248' title='bbox 1246 3722 1309 3786; x_wconf 93' lang='lat' dir='ltr'><strong>Die</strong></span> <span class='ocrx_word' id='word_1_249' title='bbox 1324 3723 1379 3787; x_wconf 89' lang='lat' dir='ltr'><strong>de·</strong></span> 
     </span>
     <span class='ocr_line' id='line_1_33' title="bbox 279 3807 1378 3907; baseline -0.004 -15"><span class='ocrx_word' id='word_1_250' title='bbox 279 3824 361 3892; x_wconf 88' lang='lat' dir='ltr'><strong>cimo</strong></span> <span class='ocrx_word' id='word_1_251' title='bbox 384 3807 494 3888; x_wconf 83' lang='lat' dir='ltr'><strong>octavo</strong></span> <span class='ocrx_word' id='word_1_252' title='bbox 518 3845 536 3888; x_wconf 93' lang='lat' dir='ltr'><strong>e</strong></span> <span class='ocrx_word' id='word_1_253' title='bbox 559 3825 644 3888; x_wconf 90' lang='lat' dir='ltr'><strong>lecto</strong></span> <span class='ocrx_word' id='word_1_254' title='bbox 666 3825 828 3907; x_wconf 86' lang='lat' dir='ltr'><strong>surgebat,</strong></span> <span class='ocrx_word' id='word_1_255' title='bbox 853 3827 887 3888; x_wconf 90' lang='lat' dir='ltr'><strong>et</strong></span> <span class='ocrx_word' id='word_1_256' title='bbox 912 3829 993 3888; x_wconf 88' lang='lat' dir='ltr'><strong>tunc</strong></span> <span class='ocrx_word' id='word_1_257' title='bbox 1016 3823 1157 3907; x_wconf 90' lang='lat' dir='ltr'><strong>primum</strong></span> <span class='ocrx_word' id='word_1_258' title='bbox 1174 3824 1337 3906; x_wconf 89' lang='lat' dir='ltr'><strong>jusculum</strong></span> <span class='ocrx_word' id='word_1_259' title='bbox 1359 3847 1378 3888; x_wconf 93' lang='lat' dir='ltr'><strong>e</strong></span> 
     </span>
     <span class='ocr_line' id='line_1_34' title="bbox 279 3925 1378 4010; baseline 0.001 -21"><span class='ocrx_word' id='word_1_260' title='bbox 279 3926 439 4008; x_wconf 90' lang='lat' dir='ltr'><strong>pullorum</strong></span> <span class='ocrx_word' id='word_1_261' title='bbox 459 3926 608 3990; x_wconf 85' lang='lat' dir='ltr'><strong>carnibus</strong></span> <span class='ocrx_word' id='word_1_262' title='bbox 630 3927 849 4010; x_wconf 88' lang='lat' dir='ltr'><strong>indulgebam,</strong></span> <span class='ocrx_word' id='word_1_263' title='bbox 874 3947 894 3989; x_wconf 88' lang='lat' dir='ltr'><strong>a</strong></span> <span class='ocrx_word' id='word_1_264' title='bbox 915 3947 980 4009; x_wconf 93' lang='lat' dir='ltr'><strong>quo</strong></span> <span class='ocrx_word' id='word_1_265' title='bbox 1001 3947 1059 4008; x_wconf 89' lang='lat' dir='ltr'><strong>per</strong></span> <span class='ocrx_word' id='word_1_266' title='bbox 1073 3925 1190 4009; x_wconf 78' lang='lat' dir='ltr'><strong>gradus</strong></span> <span class='ocrx_word' id='word_1_267' title='bbox 1212 3925 1314 3989; x_wconf 91' lang='lat' dir='ltr'><strong>indies</strong></span> <span class='ocrx_word' id='word_1_268' title='bbox 1337 3927 1378 3990; x_wconf 91' lang='lat' dir='ltr'><strong>ad</strong></span> 
     </span>
     <span class='ocr_line' id='line_1_35' title="bbox 280 4028 1378 4110; baseline -0.001 -19"><span class='ocrx_word' id='word_1_269' title='bbox 280 4029 397 4092; x_wconf 90' lang='lat' dir='ltr'><strong>victum</strong></span> <span class='ocrx_word' id='word_1_270' title='bbox 426 4037 617 4093; x_wconf 88' lang='lat' dir='ltr'><strong>consuetum</strong></span> <span class='ocrx_word' id='word_1_271' title='bbox 649 4029 784 4094; x_wconf 87' lang='lat' dir='ltr'><strong>redibat.</strong></span> <span class='ocrx_word' id='word_1_272' title='bbox 845 4029 908 4092; x_wconf 89' lang='lat' dir='ltr'><strong>Die</strong></span> <span class='ocrx_word' id='word_1_273' title='bbox 936 4028 1087 4092; x_wconf 80' lang='lat' dir='ltr'><strong>vicesimo</strong></span> <span class='ocrx_word' id='word_1_274' title='bbox 1114 4028 1219 4110; x_wconf 90' lang='lat' dir='ltr'><strong>primo</strong></span> <span class='ocrx_word' id='word_1_275' title='bbox 1247 4028 1378 4110; x_wconf 76' lang='lat' dir='ltr'><strong>sangms</strong></span> 
     </span>
     <span class='ocr_line' id='line_1_36' title="bbox 280 4128 1377 4214; baseline -0.003 -21"><span class='ocrx_word' id='word_1_276' title='bbox 280 4131 467 4214; x_wconf 80' lang='lat' dir='ltr'><strong>mittebatur</strong></span> <span class='ocrx_word' id='word_1_277' title='bbox 490 4152 508 4194; x_wconf 91' lang='lat' dir='ltr'><strong>e</strong></span> <span class='ocrx_word' id='word_1_278' title='bbox 536 4131 667 4196; x_wconf 90' lang='lat' dir='ltr'><strong>brachio</strong></span> <span class='ocrx_word' id='word_1_279' title='bbox 696 4131 809 4196; x_wconf 86' lang='lat' dir='ltr'><strong>dextro</strong></span> <span class='ocrx_word' id='word_1_280' title='bbox 839 4131 880 4193; x_wconf 88' lang='lat' dir='ltr'><strong>ad</strong></span> <span class='ocrx_word' id='word_1_281' title='bbox 905 4129 1017 4193; x_wconf 89' lang='lat' dir='ltr'><strong>uncias</strong></span> <span class='ocrx_word' id='word_1_282' title='bbox 1042 4135 1125 4207; x_wconf 91' lang='lat' dir='ltr'><strong>octo,</strong></span> <span class='ocrx_word' id='word_1_283' title='bbox 1149 4128 1206 4211; x_wconf 91' lang='lat' dir='ltr'><strong>qui</strong></span> <span class='ocrx_word' id='word_1_284' title='bbox 1233 4129 1377 4210; x_wconf 88' lang='lat' dir='ltr'><strong>pleuriti·</strong></span> 
     </span>
     <span class='ocr_line' id='line_1_37' title="bbox 281 4228 1376 4316; baseline -0.004 -20"><span class='ocrx_word' id='word_1_285' title='bbox 281 4254 388 4308; x_wconf 84' lang='lat' dir='ltr'><strong>corum</strong></span> <span class='ocrx_word' id='word_1_286' title='bbox 418 4233 607 4316; x_wconf 81' lang='lat' dir='ltr'><strong>sanguinem</strong></span> <span class='ocrx_word' id='word_1_287' title='bbox 636 4233 868 4309; x_wconf 85' lang='lat' dir='ltr'><strong>aemulabatur,</strong></span> <span class='ocrx_word' id='word_1_288' title='bbox 899 4238 932 4294; x_wconf 92' lang='lat' dir='ltr'><strong>et</strong></span> <span class='ocrx_word' id='word_1_289' title='bbox 960 4231 1048 4313; x_wconf 92' lang='lat' dir='ltr'><strong>puris</strong></span> <span class='ocrx_word' id='word_1_290' title='bbox 1076 4230 1143 4292; x_wconf 84' lang='lat' dir='ltr'><strong>fere</strong></span> <span class='ocrx_word' id='word_1_291' title='bbox 1171 4228 1274 4291; x_wconf 90' lang='lat' dir='ltr'><strong>instar</strong></span> <span class='ocrx_word' id='word_1_292' title='bbox 1298 4236 1376 4292; x_wconf 89' lang='lat' dir='ltr'><strong>erat.</strong></span> 
     </span>
     <span class='ocr_line' id='line_1_38' title="bbox 281 4328 1331 4418; baseline -0.008 -20"><span class='ocrx_word' id='word_1_293' title='bbox 281 4335 426 4417; x_wconf 91' lang='lat' dir='ltr'><strong>Denique</strong></span> <span class='ocrx_word' id='word_1_294' title='bbox 441 4335 482 4398; x_wconf 89' lang='lat' dir='ltr'><strong>ad</strong></span> <span class='ocrx_word' id='word_1_295' title='bbox 498 4341 634 4418; x_wconf 88' lang='lat' dir='ltr'><strong>quatuor</strong></span> <span class='ocrx_word' id='word_1_296' title='bbox 648 4335 741 4411; x_wconf 90' lang='lat' dir='ltr'><strong>vices,</strong></span> <span class='ocrx_word' id='word_1_297' title='bbox 757 4341 827 4416; x_wconf 90' lang='lat' dir='ltr'><strong>spat</strong></span> <span class='ocrx_word' id='word_1_298' title='bbox 828 4335 860 4397; x_wconf 92' lang='lat' dir='ltr'><strong>io</strong></span> <span class='ocrx_word' id='word_1_299' title='bbox 873 4331 1072 4414; x_wconf 88' lang='lat' dir='ltr'><strong>interposito,</strong></span> <span class='ocrx_word' id='word_1_300' title='bbox 1087 4335 1245 4412; x_wconf 82' lang='lat' dir='ltr'><strong>purgatus</strong></span> <span class='ocrx_word' id='word_1_301' title='bbox 1258 4328 1331 4391; x_wconf 81' lang='lat' dir='ltr'><strong>fuit.</strong></span> 
     </span>
     <span class='ocr_line' id='line_1_39' title="bbox 327 4428 1502 4520; baseline -0.004 -21"><span class='ocrx_word' id='word_1_302' title='bbox 327 4436 409 4520; x_wconf 59' lang='lat'><strong>[42]</strong></span> <span class='ocrx_word' id='word_1_303' title='bbox 438 4437 502 4500; x_wconf 90' lang='lat' dir='ltr'><strong>Hic</strong></span> <span class='ocrx_word' id='word_1_304' title='bbox 517 4437 723 4512; x_wconf 90' lang='lat' dir='ltr'><strong>subinnuam,</strong></span> <span class='ocrx_word' id='word_1_305' title='bbox 739 4435 825 4516; x_wconf 93' lang='lat' dir='ltr'><strong>quod</strong></span> <span class='ocrx_word' id='word_1_306' title='bbox 840 4434 965 4516; x_wconf 89' lang='lat' dir='ltr'><strong>quoties</strong></span> <span class='ocrx_word' id='word_1_307' title='bbox 982 4434 1018 4494; x_wconf 92' lang='lat' dir='ltr'><strong>in</strong></span> <span class='ocrx_word' id='word_1_308' title='bbox 1032 4432 1083 4494; x_wconf 89' lang='lat' dir='ltr'><strong>his</strong></span> <span class='ocrx_word' id='word_1_309' title='bbox 1101 4431 1235 4513; x_wconf 83' lang='lat' dir='ltr'><strong>pagellis</strong></span> <span class='ocrx_word' id='word_1_310' title='bbox 1249 4428 1317 4493; x_wconf 89' lang='lat' dir='ltr'><strong>dies</strong></span> <span class='ocrx_word' id='word_1_311' title='bbox 1335 4431 1376 4495; x_wconf 89' lang='lat' dir='ltr'><strong>ab</strong></span> <span class='ocrx_word' id='word_1_312' title='bbox 1388 4452 1502 4504; x_wconf 66' lang='lat' dir='ltr'><strong>veson</strong></span> 
     </span>
    </p>
   </div>
   <div class='ocr_carea' id='block_1_10' title="bbox 281 4516 1523 4830">
    <p class='ocr_par' dir='ltr' id='par_1_10' title="bbox 281 4516 1523 4830">
     <span class='ocr_line' id='line_1_40' title="bbox 281 4516 1521 4631; baseline -0.006 -29"><span class='ocrx_word' id='word_1_313' title='bbox 281 4537 440 4602; x_wconf 87' lang='lat' dir='ltr'><strong>invasione</strong></span> <span class='ocrx_word' id='word_1_314' title='bbox 458 4539 557 4620; x_wconf 89' lang='lat' dir='ltr'><strong>(verbi</strong></span> <span class='ocrx_word' id='word_1_315' title='bbox 569 4537 682 4620; x_wconf 82' lang='lat' dir='ltr'><strong>gratia,</strong></span> <span class='ocrx_word' id='word_1_316' title='bbox 693 4542 822 4612; x_wconf 83' lang='lat' dir='ltr'><strong>sectam,</strong></span> <span class='ocrx_word' id='word_1_317' title='bbox 833 4535 1024 4596; x_wconf 68' lang='lat' dir='ltr'><strong>cndedmam</strong></span> <span class='ocrx_word' id='word_1_318' title='bbox 1024 4531 1375 4615; x_wconf 88' lang='lat' dir='ltr'><strong>,.etc)nominaverim‚</strong></span> <span class='ocrx_word' id='word_1_319' title='bbox 1388 4516 1521 4631; x_wconf 43' lang='lat' dir='ltr'><strong>effi?</strong></span> 
     </span>
     <span class='ocr_line' id='line_1_41' title="bbox 281 4635 1504 4772; baseline -0.011 -66"><span class='ocrx_word' id='word_1_320' title='bbox 281 4663 343 4706; x_wconf 89' lang='lat' dir='ltr'><strong>non</strong></span> <span class='ocrx_word' id='word_1_321' title='bbox 359 4642 405 4706; x_wconf 91' lang='lat' dir='ltr'><strong>ita</strong></span> <span class='ocrx_word' id='word_1_322' title='bbox 420 4642 520 4724; x_wconf 90' lang='lat' dir='ltr'><strong>accip1</strong></span> <span class='ocrx_word' id='word_1_323' title='bbox 511 4641 568 4704; x_wconf 90' lang='lat' dir='ltr'><strong>id</strong></span> <span class='ocrx_word' id='word_1_324' title='bbox 579 4640 683 4718; x_wconf 90' lang='lat' dir='ltr'><strong>velim,</strong></span> <span class='ocrx_word' id='word_1_325' title='bbox 700 4659 790 4722; x_wconf 89' lang='lat' dir='ltr'><strong>quas1</strong></span> <span class='ocrx_word' id='word_1_326' title='bbox 782 4636 948 4700; x_wconf 87' lang='lat' dir='ltr'><strong>Vanolae</strong></span> <span class='ocrx_word' id='word_1_327' title='bbox 960 4635 1167 4699; x_wconf 85' lang='lat' dir='ltr'><strong>Confluentes</strong></span> <span class='ocrx_word' id='word_1_328' title='bbox 1180 4635 1278 4699; x_wconf 88' lang='lat' dir='ltr'><strong>tertio</strong></span> <span class='ocrx_word' id='word_1_329' title='bbox 1291 4657 1375 4700; x_wconf 90' lang='lat' dir='ltr'><strong>nun-</strong></span> <span class='ocrx_word' id='word_1_330' title='bbox 1387 4645 1504 4772; x_wconf 54' lang='lat' dir='ltr'><strong>m&#39;iin-</strong></span> <span class='ocrx_word' id='word_1_331' title='bbox 1464 4655 1503 4694; x_wconf 74' lang='lat' dir='ltr'><strong>set</strong></span> 
     </span>
     <span class='ocr_line' id='line_1_42' title="bbox 282 4715 1523 4830; baseline -0.004 -24"><span class='ocrx_word' id='word_1_332' title='bbox 282 4764 375 4826; x_wconf 88' lang='lat' dir='ltr'><strong>qnam</strong></span> <span class='ocrx_word' id='word_1_333' title='bbox 391 4765 463 4806; x_wconf 86' lang='grc' dir='ltr'>ιιοιι</span> <span class='ocrx_word' id='word_1_334' title='bbox 486 4743 537 4806; x_wconf 90' lang='lat' dir='ltr'><strong>die</strong></span> <span class='ocrx_word' id='word_1_335' title='bbox 559 4745 782 4825; x_wconf 88' lang='lat' dir='ltr'><strong>erumperent,</strong></span> <span class='ocrx_word' id='word_1_336' title='bbox 805 4760 880 4803; x_wconf 87' lang='lat' dir='ltr'><strong>cum</strong></span> <span class='ocrx_word' id='word_1_337' title='bbox 903 4737 979 4800; x_wconf 88' lang='lat' dir='ltr'><strong>satis</strong></span> <span class='ocrx_word' id='word_1_338' title='bbox 1001 4737 1099 4800; x_wconf 88' lang='lat' dir='ltr'><strong>sciam</strong></span> <span class='ocrx_word' id='word_1_339' title='bbox 1117 4737 1308 4822; x_wconf 89' lang='lat' dir='ltr'><strong>quandoque</strong></span> <span class='ocrx_word' id='word_1_340' title='bbox 1329 4715 1442 4802; x_wconf 64' lang='lat' dir='ltr'><strong>itaul&#39;</strong></span> <span class='ocrx_word' id='word_1_341' title='bbox 1387 4788 1523 4830; x_wconf 70' lang='lat' dir='ltr'><strong>amnon</strong></span> 
     </span>
    </p>
   </div>
   <div class='ocr_carea' id='block_1_11' title="bbox 282 4840 1534 4926">
    <p class='ocr_par' dir='ltr' id='par_1_11' title="bbox 282 4840 1534 4926">
     <span class='ocr_line' id='line_1_43' title="bbox 282 4840 1534 4926; baseline -0.002 -18"><span class='ocrx_word' id='word_1_342' title='bbox 282 4845 429 4923; x_wconf 89' lang='lat' dir='ltr'><strong>accidere,</strong></span> <span class='ocrx_word' id='word_1_343' title='bbox 446 4845 543 4908; x_wconf 88' lang='lat' dir='ltr'><strong>etiam</strong></span> <span class='ocrx_word' id='word_1_344' title='bbox 565 4845 599 4908; x_wconf 90' lang='lat' dir='ltr'><strong>in</strong></span> <span class='ocrx_word' id='word_1_345' title='bbox 622 4844 660 4906; x_wconf 86' lang='lat' dir='ltr'><strong>iis</strong></span> <span class='ocrx_word' id='word_1_346' title='bbox 678 4865 733 4926; x_wconf 84' lang='lat' dir='ltr'><strong>qur</strong></span> <span class='ocrx_word' id='word_1_347' title='bbox 724 4842 797 4906; x_wconf 81' lang='lat' dir='ltr'><strong>&#39;vel</strong></span> <span class='ocrx_word' id='word_1_348' title='bbox 818 4840 955 4905; x_wconf 87' lang='lat' dir='ltr'><strong>maxime</strong></span> <span class='ocrx_word' id='word_1_349' title='bbox 975 4840 1153 4918; x_wconf 85' lang='lat' dir='ltr'><strong>confluunt,</strong></span> <span class='ocrx_word' id='word_1_350' title='bbox 1168 4846 1206 4903; x_wconf 91' lang='lat' dir='ltr'><strong>ut</strong></span> <span class='ocrx_word' id='word_1_351' title='bbox 1226 4841 1467 4924; x_wconf 73' lang='lat' dir='ltr'><strong>pustulae¹⁸¹⁰²¹¹</strong></span> <span class='ocrx_word' id='word_1_352' title='bbox 1471 4852 1534 4888; x_wconf 74' lang='lat'>⁸⁸⁰¹·</span> 
     </span>
    </p>
   </div>
   <div class='ocr_carea' id='block_1_12' title="bbox 0 0 1927 5759">
    <p class='ocr_par' dir='ltr' id='par_1_12' title="bbox 0 0 1927 5759">
     <span class='ocr_line' id='line_1_44' title="bbox 0 0 1927 5759; baseline 0 0"><span class='ocrx_word' id='word_1_353' title='bbox 0 0 1927 5759; x_wconf 95' lang='lat' dir='ltr'><strong> </strong></span> 
     </span>
    </p>
   </div>
  </div>
 </body>
</html>
