<?xml version="1.0" encoding="UTF-8"?>
<!DOCTYPE html PUBLIC "-//W3C//DTD XHTML 1.0 Transitional//EN"
    "http://www.w3.org/TR/xhtml1/DTD/xhtml1-transitional.dtd">
<html xmlns="http://www.w3.org/1999/xhtml" xml:lang="en" lang="en">
 <head>
  <title>
</title>
<meta http-equiv="Content-Type" content="text/html;charset=utf-8" />
  <meta name='ocr-system' content='tesseract 3.04.00' />
  <meta name='ocr-capabilities' content='ocr_page ocr_carea ocr_par ocr_line ocrx_word'/>
</head>
<body>
  <div class='ocr_page' id='page_1' title='image "./thomaesydenhamm00greegoog_0166.png"; bbox 0 0 3825 5759; ppageno 0'>
   <div class='ocr_carea' id='block_1_1' title="bbox 503 632 1294 703">
    <p class='ocr_par' dir='ltr' id='par_1_1' title="bbox 503 632 1294 703">
     <span class='ocr_line' id='line_1_1' title="bbox 503 632 1294 703; baseline -0.006 0"><span class='ocrx_word' id='word_1_1' title='bbox 503 634 567 703; x_wconf 75' lang='lat' dir='ltr'><strong>tat</strong></span> <span class='ocrx_word' id='word_1_2' title='bbox 640 678 642 685; x_wconf 63' lang='lat'>›</span> <span class='ocrx_word' id='word_1_3' title='bbox 815 634 1012 701; x_wconf 78' lang='lat' dir='ltr'><strong>&#39;PHOMAE</strong></span> <span class='ocrx_word' id='word_1_4' title='bbox 1035 632 1294 699; x_wconf 86' lang='lat' dir='ltr'>SYDENHAM</span> 
     </span>
    </p>
   </div>
   <div class='ocr_carea' id='block_1_2' title="bbox 345 795 1604 1907">
    <p class='ocr_par' dir='ltr' id='par_1_2' title="bbox 345 795 1604 886">
     <span class='ocr_line' id='line_1_2' title="bbox 345 795 1604 886; baseline -0.005 -19"><span class='ocrx_word' id='word_1_5' title='bbox 345 814 487 861; x_wconf 73' lang='lat' dir='ltr'><strong>Vsatossa</strong></span> <span class='ocrx_word' id='word_1_6' title='bbox 500 796 718 886; x_wconf 66' lang='lat' dir='ltr'>expulsionem</span> <span class='ocrx_word' id='word_1_7' title='bbox 737 800 942 879; x_wconf 75' lang='lat' dir='ltr'><strong>interturbat,</strong></span> <span class='ocrx_word' id='word_1_8' title='bbox 958 806 992 863; x_wconf 93' lang='lat' dir='ltr'><strong>et</strong></span> <span class='ocrx_word' id='word_1_9' title='bbox 1013 798 1200 863; x_wconf 73' lang='lat' dir='ltr'>contentam</span> <span class='ocrx_word' id='word_1_10' title='bbox 1220 795 1390 861; x_wconf 73' lang='lat' dir='ltr'><strong>materiam</strong></span> <span class='ocrx_word' id='word_1_11' title='bbox 1410 795 1604 879; x_wconf 82' lang='lat' dir='ltr'><strong>exagitando</strong></span> 
     </span>
    </p>

    <p class='ocr_par' dir='ltr' id='par_1_3' title="bbox 348 878 1602 989">
     <span class='ocr_line' id='line_1_3' title="bbox 348 878 1602 989; baseline -0.004 -22"><span class='ocrx_word' id='word_1_12' title='bbox 348 878 487 989; x_wconf 48' lang='lat' dir='ltr'><strong>ppffi</strong></span> <span class='ocrx_word' id='word_1_13' title='bbox 500 926 618 969; x_wconf 89' lang='lat' dir='ltr'><strong>noxam</strong></span> <span class='ocrx_word' id='word_1_14' title='bbox 637 904 731 986; x_wconf 89' lang='lat' dir='ltr'><strong>parit.</strong></span> <span class='ocrx_word' id='word_1_15' title='bbox 775 903 838 965; x_wconf 89' lang='lat' dir='ltr'><strong>Vel</strong></span> <span class='ocrx_word' id='word_1_16' title='bbox 857 903 966 984; x_wconf 90' lang='lat' dir='ltr'><strong>itaque</strong></span> <span class='ocrx_word' id='word_1_17' title='bbox 984 908 1092 984; x_wconf 74' lang='lat' dir='ltr'><strong>partes</strong></span> <span class='ocrx_word' id='word_1_18' title='bbox 1109 902 1179 985; x_wconf 83' lang='lat' dir='ltr'><strong>jam</strong></span> <span class='ocrx_word' id='word_1_19' title='bbox 1196 906 1345 978; x_wconf 88' lang='lat' dir='ltr'><strong>secretae,</strong></span> <span class='ocrx_word' id='word_1_20' title='bbox 1360 906 1457 982; x_wconf 89' lang='lat' dir='ltr'><strong>atque</strong></span> <span class='ocrx_word' id='word_1_21' title='bbox 1475 899 1513 962; x_wconf 92' lang='lat' dir='ltr'><strong>in</strong></span> <span class='ocrx_word' id='word_1_22' title='bbox 1533 920 1602 963; x_wconf 89' lang='lat' dir='ltr'><strong>cor-</strong></span> 
     </span>
    </p>

    <p class='ocr_par' dir='ltr' id='par_1_4' title="bbox 347 1000 1604 1805">
     <span class='ocr_line' id='line_1_4' title="bbox 347 1000 1602 1087; baseline -0.005 -18"><span class='ocrx_word' id='word_1_23' title='bbox 347 1006 488 1087; x_wconf 62' lang='lat' dir='ltr'>Q</span> <span class='ocrx_word' id='word_1_24' title='bbox 523 1004 586 1069; x_wconf 90' lang='lat' dir='ltr'><strong>oris</strong></span> <span class='ocrx_word' id='word_1_25' title='bbox 601 1003 667 1085; x_wconf 78' lang='grc' dir='ltr'>ἕξιν</span> <span class='ocrx_word' id='word_1_26' title='bbox 686 1003 857 1087; x_wconf 79' lang='lat' dir='ltr'><strong>depositae,</strong></span> <span class='ocrx_word' id='word_1_27' title='bbox 873 1002 1057 1066; x_wconf 91' lang='lat' dir='ltr'><strong>vehementi</strong></span> <span class='ocrx_word' id='word_1_28' title='bbox 1070 1002 1126 1066; x_wconf 91' lang='lat' dir='ltr'><strong>illo</strong></span> <span class='ocrx_word' id='word_1_29' title='bbox 1140 1002 1315 1085; x_wconf 89' lang='lat' dir='ltr'><strong>rapidoque</strong></span> <span class='ocrx_word' id='word_1_30' title='bbox 1330 1001 1496 1084; x_wconf 83' lang='lat' dir='ltr'><strong>sauguinis</strong></span> <span class='ocrx_word' id='word_1_31' title='bbox 1513 1000 1602 1068; x_wconf 85' lang='lat' dir='ltr'><strong>ebul-</strong></span> 
     </span>
     <span class='ocr_line' id='line_1_5' title="bbox 500 1104 1604 1187; baseline -0.001 -18"><span class='ocrx_word' id='word_1_32' title='bbox 500 1107 609 1170; x_wconf 89' lang='lat' dir='ltr'><strong>lientis</strong></span> <span class='ocrx_word' id='word_1_33' title='bbox 628 1126 724 1169; x_wconf 91' lang='lat' dir='ltr'><strong>eursu</strong></span> <span class='ocrx_word' id='word_1_34' title='bbox 746 1104 905 1187; x_wconf 79' lang='lat' dir='ltr'><strong>abreptae,</strong></span> <span class='ocrx_word' id='word_1_35' title='bbox 927 1104 964 1167; x_wconf 91' lang='lat' dir='ltr'><strong>in</strong></span> <span class='ocrx_word' id='word_1_36' title='bbox 983 1104 1127 1187; x_wconf 89' lang='lat' dir='ltr'><strong>ejusdem</strong></span> <span class='ocrx_word' id='word_1_37' title='bbox 1148 1126 1286 1167; x_wconf 90' lang='lat' dir='ltr'><strong>massam</strong></span> <span class='ocrx_word' id='word_1_38' title='bbox 1307 1104 1530 1181; x_wconf 80' lang='lat' dir='ltr'><strong>resorbentur3</strong></span> <span class='ocrx_word' id='word_1_39' title='bbox 1552 1104 1604 1168; x_wconf 87' lang='lat' dir='ltr'><strong>vel</strong></span> 
     </span>
     <span class='ocr_line' id='line_1_6' title="bbox 500 1206 1603 1293; baseline -0.002 -22"><span class='ocrx_word' id='word_1_40' title='bbox 500 1216 608 1293; x_wconf 89' lang='lat' dir='ltr'><strong>partes</strong></span> <span class='ocrx_word' id='word_1_41' title='bbox 630 1228 790 1286; x_wconf 82' lang='lat' dir='ltr'><strong>carnosae,</strong></span> <span class='ocrx_word' id='word_1_42' title='bbox 816 1207 902 1269; x_wconf 86' lang='lat' dir='ltr'><strong>ultra</strong></span> <span class='ocrx_word' id='word_1_43' title='bbox 924 1206 1061 1289; x_wconf 85' lang='lat' dir='ltr'><strong>gradum</strong></span> <span class='ocrx_word' id='word_1_44' title='bbox 1087 1207 1309 1290; x_wconf 86' lang='lat' dir='ltr'><strong>suppurationi</strong></span> <span class='ocrx_word' id='word_1_45' title='bbox 1328 1206 1475 1271; x_wconf 90' lang='lat' dir='ltr'><strong>debitum</strong></span> <span class='ocrx_word' id='word_1_46' title='bbox 1500 1206 1603 1270; x_wconf 87' lang='lat' dir='ltr'><strong>excal-</strong></span> 
     </span>
     <span class='ocr_line' id='line_1_7' title="bbox 500 1308 1602 1391; baseline -0.004 -16"><span class='ocrx_word' id='word_1_47' title='bbox 500 1312 612 1389; x_wconf 80' lang='lat' dir='ltr'><strong>t&#39;oetae,</strong></span> <span class='ocrx_word' id='word_1_48' title='bbox 632 1311 741 1373; x_wconf 89' lang='lat' dir='ltr'><strong>minus</strong></span> <span class='ocrx_word' id='word_1_49' title='bbox 763 1309 929 1373; x_wconf 89' lang='lat' dir='ltr'><strong>commode</strong></span> <span class='ocrx_word' id='word_1_50' title='bbox 950 1309 1039 1372; x_wconf 87' lang='lat' dir='ltr'><strong>illam</strong></span> <span class='ocrx_word' id='word_1_51' title='bbox 1061 1316 1282 1391; x_wconf 83' lang='lat' dir='ltr'><strong>exequuntur3</strong></span> <span class='ocrx_word' id='word_1_52' title='bbox 1304 1308 1356 1372; x_wconf 83' lang='lat' dir='ltr'><strong>vel</strong></span> <span class='ocrx_word' id='word_1_53' title='bbox 1377 1308 1516 1391; x_wconf 89' lang='lat' dir='ltr'><strong>denique</strong></span> <span class='ocrx_word' id='word_1_54' title='bbox 1537 1308 1602 1372; x_wconf 81' lang='lat' dir='ltr'><strong>ior·</strong></span> 
     </span>
     <span class='ocr_line' id='line_1_8' title="bbox 500 1410 1602 1494; baseline -0.003 -17"><span class='ocrx_word' id='word_1_55' title='bbox 500 1414 603 1493; x_wconf 81' lang='lat' dir='ltr'><strong>tassia,</strong></span> <span class='ocrx_word' id='word_1_56' title='bbox 619 1412 732 1477; x_wconf 88' lang='lat' dir='ltr'><strong>oborta</strong></span> <span class='ocrx_word' id='word_1_57' title='bbox 745 1412 806 1475; x_wconf 90' lang='lat' dir='ltr'><strong>hac</strong></span> <span class='ocrx_word' id='word_1_58' title='bbox 820 1432 902 1475; x_wconf 83' lang='lat' dir='ltr'><strong>nova</strong></span> <span class='ocrx_word' id='word_1_59' title='bbox 917 1410 1127 1494; x_wconf 80' lang='lat' dir='ltr'><strong>aegritudine,</strong></span> <span class='ocrx_word' id='word_1_60' title='bbox 1139 1411 1305 1494; x_wconf 75' lang='lat' dir='ltr'><strong>sanguinis</strong></span> <span class='ocrx_word' id='word_1_61' title='bbox 1320 1410 1506 1475; x_wconf 88' lang='lat' dir='ltr'><strong>oeconomia</strong></span> <span class='ocrx_word' id='word_1_62' title='bbox 1518 1410 1602 1493; x_wconf 87' lang='lat' dir='ltr'><strong>ipsa-</strong></span> 
     </span>
     <span class='ocr_line' id='line_1_9' title="bbox 500 1512 1604 1599; baseline -0.003 -19"><span class='ocrx_word' id='word_1_63' title='bbox 500 1537 636 1599; x_wconf 88' lang='lat' dir='ltr'><strong>rumque</strong></span> <span class='ocrx_word' id='word_1_64' title='bbox 656 1515 801 1579; x_wconf 90' lang='lat' dir='ltr'><strong>carnium</strong></span> <span class='ocrx_word' id='word_1_65' title='bbox 822 1520 920 1578; x_wconf 88' lang='lat' dir='ltr'><strong>tonus</strong></span> <span class='ocrx_word' id='word_1_66' title='bbox 941 1513 1143 1597; x_wconf 82' lang='lat' dir='ltr'><strong>pervertitur,</strong></span> <span class='ocrx_word' id='word_1_67' title='bbox 1157 1533 1260 1595; x_wconf 88' lang='lat' dir='ltr'><strong>usque</strong></span> <span class='ocrx_word' id='word_1_68' title='bbox 1276 1512 1356 1577; x_wconf 88' lang='lat' dir='ltr'><strong>adeo</strong></span> <span class='ocrx_word' id='word_1_69' title='bbox 1377 1518 1416 1575; x_wconf 95' lang='lat' dir='ltr'><strong>ut</strong></span> <span class='ocrx_word' id='word_1_70' title='bbox 1433 1513 1604 1577; x_wconf 88' lang='lat' dir='ltr'><strong>materiam</strong></span> 
     </span>
     <span class='ocr_line' id='line_1_10' title="bbox 499 1611 1603 1700; baseline -0.006 -18"><span class='ocrx_word' id='word_1_71' title='bbox 499 1619 588 1682; x_wconf 87' lang='lat' dir='ltr'><strong>illam</strong></span> <span class='ocrx_word' id='word_1_72' title='bbox 613 1618 777 1700; x_wconf 83' lang='lat' dir='ltr'><strong>expulsam</strong></span> <span class='ocrx_word' id='word_1_73' title='bbox 805 1616 941 1694; x_wconf 90' lang='lat' dir='ltr'><strong>vincere,</strong></span> <span class='ocrx_word' id='word_1_74' title='bbox 965 1635 1100 1698; x_wconf 87' lang='lat' dir='ltr'><strong>eamque</strong></span> <span class='ocrx_word' id='word_1_75' title='bbox 1127 1612 1253 1677; x_wconf 89' lang='lat' dir='ltr'><strong>solenni</strong></span> <span class='ocrx_word' id='word_1_76' title='bbox 1280 1632 1369 1677; x_wconf 89' lang='lat' dir='ltr'><strong>more</strong></span> <span class='ocrx_word' id='word_1_77' title='bbox 1398 1611 1603 1676; x_wconf 82' lang='lat' dir='ltr'><strong>abscessuum</strong></span> 
     </span>
     <span class='ocr_line' id='line_1_11' title="bbox 501 1724 811 1805; baseline -0.013 -20"><span class='ocrx_word' id='word_1_78' title='bbox 501 1742 646 1805; x_wconf 89' lang='lat' dir='ltr'><strong>coquere,</strong></span> <span class='ocrx_word' id='word_1_79' title='bbox 662 1724 811 1802; x_wconf 89' lang='lat' dir='ltr'><strong>nequeat.</strong></span> 
     </span>
    </p>

    <p class='ocr_par' dir='ltr' id='par_1_5' title="bbox 348 1817 1602 1907">
     <span class='ocr_line' id='line_1_12' title="bbox 348 1817 1602 1907; baseline -0.002 -25"><span class='ocrx_word' id='word_1_80' title='bbox 348 1834 491 1883; x_wconf 71' lang='lat' dir='ltr'><strong>Cavendum</strong></span> <span class='ocrx_word' id='word_1_81' title='bbox 551 1822 632 1907; x_wconf 65' lang='lat'>[39]</span> <span class='ocrx_word' id='word_1_82' title='bbox 660 1822 807 1898; x_wconf 86' lang='lat' dir='ltr'><strong>Interim,</strong></span> <span class='ocrx_word' id='word_1_83' title='bbox 818 1840 886 1884; x_wconf 88' lang='lat' dir='ltr'><strong>non</strong></span> <span class='ocrx_word' id='word_1_84' title='bbox 900 1840 1002 1902; x_wconf 87' lang='lat' dir='ltr'><strong>usque</strong></span> <span class='ocrx_word' id='word_1_85' title='bbox 1017 1818 1096 1882; x_wconf 88' lang='lat' dir='ltr'><strong>adeo</strong></span> <span class='ocrx_word' id='word_1_86' title='bbox 1110 1839 1170 1881; x_wconf 93' lang='lat' dir='ltr'><strong>nos</strong></span> <span class='ocrx_word' id='word_1_87' title='bbox 1183 1817 1259 1881; x_wconf 91' lang='lat' dir='ltr'><strong>illue</strong></span> <span class='ocrx_word' id='word_1_88' title='bbox 1273 1817 1416 1880; x_wconf 90' lang='lat' dir='ltr'><strong>intentos</strong></span> <span class='ocrx_word' id='word_1_89' title='bbox 1427 1836 1496 1879; x_wconf 88' lang='lat' dir='ltr'><strong>esse</strong></span> <span class='ocrx_word' id='word_1_90' title='bbox 1509 1836 1602 1899; x_wconf 91' lang='lat' dir='ltr'><strong>opor·</strong></span> 
     </span>
    </p>
   </div>
   <div class='ocr_carea' id='block_1_3' title="bbox 348 1899 1601 2024">
    <p class='ocr_par' dir='ltr' id='par_1_6' title="bbox 348 1899 1601 2024">
     <span class='ocr_line' id='line_1_13' title="bbox 348 1899 1601 2024; baseline -0.006 -35"><span class='ocrx_word' id='word_1_91' title='bbox 348 1899 483 2024; x_wconf 55' lang='grc' dir='ltr'><strong>ξζὲζξζζ</strong></span> <span class='ocrx_word' id='word_1_92' title='bbox 501 1932 558 2003; x_wconf 89' lang='lat' dir='ltr'><strong>tet,</strong></span> <span class='ocrx_word' id='word_1_93' title='bbox 575 1945 638 2007; x_wconf 93' lang='lat' dir='ltr'><strong>quo</strong></span> <span class='ocrx_word' id='word_1_94' title='bbox 661 1922 881 1987; x_wconf 87' lang='lat' dir='ltr'><strong>ebullitionem</strong></span> <span class='ocrx_word' id='word_1_95' title='bbox 899 1921 1035 1984; x_wconf 88' lang='lat' dir='ltr'><strong>nimiam</strong></span> <span class='ocrx_word' id='word_1_96' title='bbox 1055 1922 1092 1983; x_wconf 89' lang='lat' dir='ltr'><strong>in</strong></span> <span class='ocrx_word' id='word_1_97' title='bbox 1114 1919 1271 2001; x_wconf 86' lang='lat' dir='ltr'><strong>sanguine</strong></span> <span class='ocrx_word' id='word_1_98' title='bbox 1291 1926 1538 2002; x_wconf 88' lang='lat' dir='ltr'><strong>praevertamus,</strong></span> <span class='ocrx_word' id='word_1_99' title='bbox 1552 1924 1601 1996; x_wconf 91' lang='lat' dir='ltr'><strong>ut,</strong></span> 
     </span>
    </p>
   </div>
   <div class='ocr_carea' id='block_1_4' title="bbox 262 2020 1606 2217">
    <p class='ocr_par' dir='ltr' id='par_1_7' title="bbox 262 2020 1606 2217">
     <span class='ocr_line' id='line_1_14' title="bbox 349 2020 1606 2108; baseline -0.005 -18"><span class='ocrx_word' id='word_1_100' title='bbox 349 2027 482 2089; x_wconf 61' lang='lat'><strong>‘11102152111</strong></span> <span class='ocrx_word' id='word_1_101' title='bbox 502 2046 635 2108; x_wconf 85' lang='lat' dir='ltr'><strong>aegrum</strong></span> <span class='ocrx_word' id='word_1_102' title='bbox 648 2023 774 2105; x_wconf 83' lang='lat' dir='ltr'><strong>frigoris</strong></span> <span class='ocrx_word' id='word_1_103' title='bbox 789 2022 915 2105; x_wconf 89' lang='lat' dir='ltr'><strong>injuriis</strong></span> <span class='ocrx_word' id='word_1_104' title='bbox 930 2022 1129 2105; x_wconf 86' lang='lat' dir='ltr'><strong>exponendo,</strong></span> <span class='ocrx_word' id='word_1_105' title='bbox 1143 2022 1346 2105; x_wconf 87' lang='lat' dir='ltr'><strong>pustularum</strong></span> <span class='ocrx_word' id='word_1_106' title='bbox 1361 2020 1487 2102; x_wconf 90' lang='lat' dir='ltr'><strong>eruptio</strong></span> <span class='ocrx_word' id='word_1_107' title='bbox 1500 2020 1606 2103; x_wconf 65' lang='lat' dir='ltr'><strong>impe-⁴</strong></span> 
     </span>
     <span class='ocr_line' id='line_1_15' title="bbox 262 2090 1604 2217; baseline -0.014 -24"><span class='ocrx_word' id='word_1_108' title='bbox 262 2122 264 2127; x_wconf 42' lang='lat'><strong>¹</strong></span> <span class='ocrx_word' id='word_1_109' title='bbox 348 2090 489 2217; x_wconf 52' lang='lat' dir='ltr'><strong>ffiuissp</strong></span> <span class='ocrx_word' id='word_1_110' title='bbox 503 2126 620 2188; x_wconf 89' lang='lat' dir='ltr'><strong>diatur.</strong></span> <span class='ocrx_word' id='word_1_111' title='bbox 666 2124 792 2187; x_wconf 78' lang='lat' dir='ltr'><strong>Gradus</strong></span> <span class='ocrx_word' id='word_1_112' title='bbox 806 2122 860 2185; x_wconf 90' lang='lat' dir='ltr'><strong>ille</strong></span> <span class='ocrx_word' id='word_1_113' title='bbox 875 2122 988 2186; x_wconf 90' lang='lat' dir='ltr'><strong>caloris</strong></span> <span class='ocrx_word' id='word_1_114' title='bbox 999 2122 1041 2185; x_wconf 92' lang='lat' dir='ltr'><strong>ad</strong></span> <span class='ocrx_word' id='word_1_115' title='bbox 1054 2122 1170 2185; x_wconf 86' lang='lat' dir='ltr'><strong>harum</strong></span> <span class='ocrx_word' id='word_1_116' title='bbox 1182 2120 1401 2203; x_wconf 84' lang='lat' dir='ltr'><strong>expulsionem</strong></span> <span class='ocrx_word' id='word_1_117' title='bbox 1414 2142 1604 2204; x_wconf 75' lang='lat' dir='ltr'><strong>promoven.</strong></span> 
     </span>
    </p>
   </div>
   <div class='ocr_carea' id='block_1_5' title="bbox 350 2217 1603 2311">
    <p class='ocr_par' dir='ltr' id='par_1_8' title="bbox 350 2217 1603 2311">
     <span class='ocr_line' id='line_1_16' title="bbox 350 2217 1603 2311; baseline 0.01 -32"><span class='ocrx_word' id='word_1_118' title='bbox 350 2218 385 2265; x_wconf 74' lang='lat' dir='ltr'><strong>²i⁰</strong></span> <span class='ocrx_word' id='word_1_119' title='bbox 396 2217 474 2281; x_wconf 80' lang='lat' dir='ltr'><strong>impe-</strong></span> <span class='ocrx_word' id='word_1_120' title='bbox 503 2228 578 2291; x_wconf 90' lang='lat' dir='ltr'><strong>dam</strong></span> <span class='ocrx_word' id='word_1_121' title='bbox 593 2225 948 2304; x_wconf 85' lang='lat' dir='ltr'><strong>accommodatissimus,</strong></span> <span class='ocrx_word' id='word_1_122' title='bbox 958 2226 1113 2289; x_wconf 78' lang='lat' dir='ltr'><strong>natmalis</strong></span> <span class='ocrx_word' id='word_1_123' title='bbox 1124 2226 1166 2288; x_wconf 90' lang='lat' dir='ltr'><strong>sit</strong></span> <span class='ocrx_word' id='word_1_124' title='bbox 1181 2234 1316 2308; x_wconf 91' lang='lat' dir='ltr'><strong>oportet,</strong></span> <span class='ocrx_word' id='word_1_125' title='bbox 1333 2233 1430 2309; x_wconf 88' lang='lat' dir='ltr'><strong>atque</strong></span> <span class='ocrx_word' id='word_1_126' title='bbox 1444 2228 1603 2311; x_wconf 88' lang='lat' dir='ltr'><strong>ejusmodi</strong></span> 
     </span>
    </p>
   </div>
   <div class='ocr_carea' id='block_1_6' title="bbox 350 2282 1604 2413">
    <p class='ocr_par' dir='ltr' id='par_1_9' title="bbox 350 2282 1604 2421">
     <span class='ocr_line' id='line_1_17' title="bbox 350 2282 1604 2413; baseline 0.001 -22"><span class='ocrx_word' id='word_1_127' title='bbox 350 2282 448 2413; x_wconf 49' lang='lat'><strong>2¹22„</strong></span> <span class='ocrx_word' id='word_1_128' title='bbox 504 2349 585 2411; x_wconf 89' lang='lat' dir='ltr'><strong>quae</strong></span> <span class='ocrx_word' id='word_1_129' title='bbox 600 2347 805 2391; x_wconf 76' lang='lat' dir='ltr'><strong>camosetum</strong></span> <span class='ocrx_word' id='word_1_130' title='bbox 826 2326 967 2409; x_wconf 83' lang='lat' dir='ltr'><strong>partium</strong></span> <span class='ocrx_word' id='word_1_131' title='bbox 980 2326 1148 2409; x_wconf 89' lang='lat' dir='ltr'><strong>temperiei</strong></span> <span class='ocrx_word' id='word_1_132' title='bbox 1167 2326 1335 2389; x_wconf 84' lang='lat' dir='ltr'><strong>conveniat</strong></span> <span class='ocrx_word' id='word_1_133' title='bbox 1344 2352 1354 2405; x_wconf 83' lang='lat'>3</span> <span class='ocrx_word' id='word_1_134' title='bbox 1377 2327 1495 2410; x_wconf 89' lang='lat' dir='ltr'><strong>quique</strong></span> <span class='ocrx_word' id='word_1_135' title='bbox 1514 2328 1604 2392; x_wconf 91' lang='lat' dir='ltr'><strong>bunc</strong></span> 
     </span>
    </p>
   </div>
   <div class='ocr_carea' id='block_1_7' title="bbox 349 2427 1478 2510">
    <p class='ocr_par' dir='ltr' id='par_1_10' title="bbox 349 2427 1478 2510">
     <span class='ocr_line' id='line_1_18' title="bbox 349 2427 1478 2510; baseline 0.001 -19"><span class='ocrx_word' id='word_1_136' title='bbox 349 2428 435 2477; x_wconf 74' lang='lat' dir='ltr'><strong>caloris</strong></span> <span class='ocrx_word' id='word_1_137' title='bbox 450 2444 490 2477; x_wconf 55' lang='grc' dir='ltr'><strong>θ’·</strong></span> <span class='ocrx_word' id='word_1_138' title='bbox 504 2430 637 2507; x_wconf 85' lang='lat' dir='ltr'><strong>excedit,</strong></span> <span class='ocrx_word' id='word_1_139' title='bbox 654 2434 710 2491; x_wconf 91' lang='lat' dir='ltr'><strong>aut</strong></span> <span class='ocrx_word' id='word_1_140' title='bbox 726 2427 767 2490; x_wconf 90' lang='lat' dir='ltr'><strong>ab</strong></span> <span class='ocrx_word' id='word_1_141' title='bbox 782 2428 894 2491; x_wconf 92' lang='lat' dir='ltr'><strong>eodem</strong></span> <span class='ocrx_word' id='word_1_142' title='bbox 909 2427 1027 2507; x_wconf 89' lang='lat' dir='ltr'><strong>deficit,</strong></span> <span class='ocrx_word' id='word_1_143' title='bbox 1042 2428 1194 2510; x_wconf 90' lang='lat' dir='ltr'><strong>utrinque</strong></span> <span class='ocrx_word' id='word_1_144' title='bbox 1208 2428 1404 2510; x_wconf 82' lang='lat' dir='ltr'><strong>perimrlosus</strong></span> <span class='ocrx_word' id='word_1_145' title='bbox 1419 2436 1478 2492; x_wconf 91' lang='lat' dir='ltr'><strong>est.</strong></span> 
     </span>
    </p>
   </div>
   <div class='ocr_carea' id='block_1_8' title="bbox 348 2507 1604 2819">
    <p class='ocr_par' dir='ltr' id='par_1_11' title="bbox 348 2507 1604 2819">
     <span class='ocr_line' id='line_1_19' title="bbox 348 2507 1603 2625; baseline 0.002 -32"><span class='ocrx_word' id='word_1_146' title='bbox 348 2507 457 2625; x_wconf 52' lang='lat' dir='ltr'><strong>{tilii</strong></span> <span class='ocrx_word' id='word_1_147' title='bbox 553 2529 635 2613; x_wconf 71' lang='lat' dir='ltr'><strong>[to]</strong></span> <span class='ocrx_word' id='word_1_148' title='bbox 662 2528 712 2591; x_wconf 71' lang='lat' dir='ltr'><strong>ax</strong></span> <span class='ocrx_word' id='word_1_149' title='bbox 734 2527 827 2591; x_wconf 74' lang='lat' dir='ltr'><strong>uota</strong></span> <span class='ocrx_word' id='word_1_150' title='bbox 846 2527 954 2610; x_wconf 70' lang='lat' dir='ltr'><strong>osque</strong></span> <span class='ocrx_word' id='word_1_151' title='bbox 977 2528 1053 2591; x_wconf 74' lang='lat' dir='ltr'><strong>satu</strong></span> <span class='ocrx_word' id='word_1_152' title='bbox 1073 2528 1280 2592; x_wconf 60' lang='lat' dir='ltr'><strong>minumum</strong></span> <span class='ocrx_word' id='word_1_153' title='bbox 1301 2529 1427 2593; x_wconf 67' lang='lat' dir='ltr'><strong>edetur</strong></span> <span class='ocrx_word' id='word_1_154' title='bbox 1448 2530 1484 2593; x_wconf 80' lang='lat' dir='ltr'><strong>in</strong></span> <span class='ocrx_word' id='word_1_155' title='bbox 1506 2552 1603 2613; x_wconf 72' lang='lat' dir='ltr'><strong>quam</strong></span> 
     </span>
     <span class='ocr_line' id='line_1_20' title="bbox 348 2630 1603 2733; baseline 0 -36"><span class='ocrx_word' id='word_1_156' title='bbox 348 2636 491 2733; x_wconf 59' lang='lat' dir='ltr'><strong>ffli‘n&#39;</strong></span> <span class='ocrx_word' id='word_1_157' title='bbox 503 2634 626 2698; x_wconf 85' lang='lat' dir='ltr'><strong>incerto</strong></span> <span class='ocrx_word' id='word_1_158' title='bbox 639 2632 825 2714; x_wconf 86' lang='lat' dir='ltr'><strong>lubricoque</strong></span> <span class='ocrx_word' id='word_1_159' title='bbox 840 2631 882 2694; x_wconf 88' lang='lat' dir='ltr'><strong>sit</strong></span> <span class='ocrx_word' id='word_1_160' title='bbox 901 2630 1058 2695; x_wconf 87' lang='lat' dir='ltr'><strong>locatum</strong></span> <span class='ocrx_word' id='word_1_161' title='bbox 1076 2631 1207 2694; x_wconf 87' lang='lat' dir='ltr'><strong>morbus</strong></span> <span class='ocrx_word' id='word_1_162' title='bbox 1221 2632 1275 2695; x_wconf 92' lang='lat' dir='ltr'><strong>ille</strong></span> <span class='ocrx_word' id='word_1_163' title='bbox 1292 2632 1412 2715; x_wconf 88' lang='lat' dir='ltr'><strong>dequo</strong></span> <span class='ocrx_word' id='word_1_164' title='bbox 1432 2633 1603 2715; x_wconf 86' lang='lat' dir='ltr'><strong>loquimur,</strong></span> 
     </span>
     <span class='ocr_line' id='line_1_21' title="bbox 349 2732 1604 2819; baseline 0.002 -24"><span class='ocrx_word' id='word_1_165' title='bbox 349 2749 488 2797; x_wconf 77' lang='lat' dir='ltr'><strong>commods-</strong></span> <span class='ocrx_word' id='word_1_166' title='bbox 502 2745 574 2801; x_wconf 92' lang='lat' dir='ltr'><strong>tum</strong></span> <span class='ocrx_word' id='word_1_167' title='bbox 599 2735 705 2819; x_wconf 89' lang='lat' dir='ltr'><strong>praxis</strong></span> <span class='ocrx_word' id='word_1_168' title='bbox 727 2734 851 2798; x_wconf 91' lang='lat' dir='ltr'><strong>medica</strong></span> <span class='ocrx_word' id='word_1_169' title='bbox 872 2754 953 2816; x_wconf 86' lang='lat' dir='ltr'><strong>quae</strong></span> <span class='ocrx_word' id='word_1_170' title='bbox 975 2732 1080 2797; x_wconf 88' lang='lat' dir='ltr'><strong>eidem</strong></span> <span class='ocrx_word' id='word_1_171' title='bbox 1102 2733 1370 2797; x_wconf 89' lang='lat' dir='ltr'><strong>accommodanda</strong></span> <span class='ocrx_word' id='word_1_172' title='bbox 1391 2742 1449 2798; x_wconf 84' lang='lat' dir='ltr'><strong>est.</strong></span> <span class='ocrx_word' id='word_1_173' title='bbox 1494 2736 1604 2817; x_wconf 88' lang='lat' dir='ltr'><strong>Atque</strong></span> 
     </span>
    </p>
   </div>
   <div class='ocr_carea' id='block_1_9' title="bbox 348 2821 1605 2925">
    <p class='ocr_par' dir='ltr' id='par_1_12' title="bbox 348 2821 1605 2925">
     <span class='ocr_line' id='line_1_22' title="bbox 348 2821 1605 2925; baseline -0.014 -18"><span class='ocrx_word' id='word_1_174' title='bbox 348 2821 467 2925; x_wconf 55' lang='lat' dir='ltr'><strong>iffssiffl&#39;</strong></span> <span class='ocrx_word' id='word_1_175' title='bbox 504 2840 621 2903; x_wconf 83' lang='lat' dir='ltr'><strong>etiamu</strong></span> <span class='ocrx_word' id='word_1_176' title='bbox 636 2836 750 2902; x_wconf 86' lang='lat' dir='ltr'><strong>exinde</strong></span> <span class='ocrx_word' id='word_1_177' title='bbox 772 2836 983 2920; x_wconf 87' lang='lat' dir='ltr'><strong>pronunciare</strong></span> <span class='ocrx_word' id='word_1_178' title='bbox 998 2836 1101 2899; x_wconf 90' lang='lat' dir='ltr'><strong>ausim</strong></span> <span class='ocrx_word' id='word_1_179' title='bbox 1115 2835 1201 2898; x_wconf 89' lang='lat' dir='ltr'><strong>illius</strong></span> <span class='ocrx_word' id='word_1_180' title='bbox 1214 2836 1343 2915; x_wconf 87' lang='lat' dir='ltr'><strong>famam,</strong></span> <span class='ocrx_word' id='word_1_181' title='bbox 1362 2836 1417 2919; x_wconf 90' lang='lat' dir='ltr'><strong>qui</strong></span> <span class='ocrx_word' id='word_1_182' title='bbox 1436 2837 1488 2900; x_wconf 85' lang='lat' dir='ltr'><strong>in⁰</strong></span> <span class='ocrx_word' id='word_1_183' title='bbox 1502 2838 1605 2901; x_wconf 68' lang='lat' dir='ltr'><strong>medi.</strong></span> 
     </span>
    </p>
   </div>
   <div class='ocr_carea' id='block_1_10' title="bbox 348 2937 1605 3331">
    <p class='ocr_par' dir='ltr' id='par_1_13' title="bbox 348 2937 1605 3331">
     <span class='ocr_line' id='line_1_23' title="bbox 348 2937 1603 3021; baseline -0.001 -15"><span class='ocrx_word' id='word_1_184' title='bbox 348 2944 448 2991; x_wconf 73' lang='lat'>0111111110</span> <span class='ocrx_word' id='word_1_185' title='bbox 504 2942 606 3006; x_wconf 90' lang='lat' dir='ltr'><strong>cando</strong></span> <span class='ocrx_word' id='word_1_186' title='bbox 620 2940 681 3005; x_wconf 91' lang='lat' dir='ltr'><strong>hoc</strong></span> <span class='ocrx_word' id='word_1_187' title='bbox 695 2938 807 3002; x_wconf 89' lang='lat' dir='ltr'><strong>morbo</strong></span> <span class='ocrx_word' id='word_1_188' title='bbox 821 2938 1005 3020; x_wconf 85' lang='lat' dir='ltr'><strong>frequenter</strong></span> <span class='ocrx_word' id='word_1_189' title='bbox 1020 2958 1088 3000; x_wconf 87' lang='lat' dir='ltr'><strong>sese</strong></span> <span class='ocrx_word' id='word_1_190' title='bbox 1108 2945 1242 3016; x_wconf 87' lang='lat' dir='ltr'><strong>exercet,</strong></span> <span class='ocrx_word' id='word_1_191' title='bbox 1257 2937 1293 3001; x_wconf 92' lang='lat' dir='ltr'><strong>in</strong></span> <span class='ocrx_word' id='word_1_192' title='bbox 1314 2946 1453 3021; x_wconf 82' lang='lat' dir='ltr'><strong>angusto</strong></span> <span class='ocrx_word' id='word_1_193' title='bbox 1467 2941 1603 3018; x_wconf 80' lang='lat' dir='ltr'><strong>vemari3</strong></span> 
     </span>
     <span class='ocr_line' id='line_1_24' title="bbox 349 3014 1605 3127; baseline -0.002 -20"><span class='ocrx_word' id='word_1_194' title='bbox 349 3014 391 3054; x_wconf 53' lang='grc' dir='ltr'><strong>ω’</strong></span> <span class='ocrx_word' id='word_1_195' title='bbox 504 3042 763 3127; x_wconf 89' lang='lat' dir='ltr'><strong>quandoquidem</strong></span> <span class='ocrx_word' id='word_1_196' title='bbox 787 3062 855 3105; x_wconf 89' lang='lat' dir='ltr'><strong>non</strong></span> <span class='ocrx_word' id='word_1_197' title='bbox 879 3040 994 3122; x_wconf 85' lang='lat' dir='ltr'><strong>vulgus</strong></span> <span class='ocrx_word' id='word_1_198' title='bbox 1016 3039 1215 3103; x_wconf 88' lang='lat' dir='ltr'><strong>solummodo</strong></span> <span class='ocrx_word' id='word_1_199' title='bbox 1237 3040 1348 3103; x_wconf 88' lang='lat' dir='ltr'><strong>mortis</strong></span> <span class='ocrx_word' id='word_1_200' title='bbox 1370 3062 1500 3105; x_wconf 87' lang='lat' dir='ltr'><strong>causam</strong></span> <span class='ocrx_word' id='word_1_201' title='bbox 1521 3050 1605 3105; x_wconf 78' lang='lat' dir='ltr'><strong>sata·</strong></span> 
     </span>
     <span class='ocr_line' id='line_1_25' title="bbox 505 3140 1604 3229; baseline -0.001 -20"><span class='ocrx_word' id='word_1_202' title='bbox 505 3146 595 3229; x_wconf 85' lang='lat' dir='ltr'><strong>genti</strong></span> <span class='ocrx_word' id='word_1_203' title='bbox 616 3144 713 3207; x_wconf 89' lang='lat' dir='ltr'><strong>nimis</strong></span> <span class='ocrx_word' id='word_1_204' title='bbox 739 3142 868 3206; x_wconf 87' lang='lat' dir='ltr'><strong>Medico</strong></span> <span class='ocrx_word' id='word_1_205' title='bbox 889 3140 1102 3205; x_wconf 87' lang='lat' dir='ltr'><strong>transcribere</strong></span> <span class='ocrx_word' id='word_1_206' title='bbox 1123 3148 1271 3223; x_wconf 89' lang='lat' dir='ltr'><strong>paratum</strong></span> <span class='ocrx_word' id='word_1_207' title='bbox 1297 3142 1348 3222; x_wconf 90' lang='lat' dir='ltr'><strong>sit,</strong></span> <span class='ocrx_word' id='word_1_208' title='bbox 1372 3164 1483 3207; x_wconf 89' lang='lat' dir='ltr'><strong>verum</strong></span> <span class='ocrx_word' id='word_1_209' title='bbox 1506 3144 1604 3208; x_wconf 88' lang='lat' dir='ltr'><strong>etiam</strong></span> 
     </span>
     <span class='ocr_line' id='line_1_26' title="bbox 505 3242 1605 3331; baseline -0.001 -20"><span class='ocrx_word' id='word_1_210' title='bbox 505 3247 648 3331; x_wconf 77' lang='lat' dir='ltr'><strong>ejusdem</strong></span> <span class='ocrx_word' id='word_1_211' title='bbox 678 3245 754 3309; x_wconf 86' lang='lat' dir='ltr'><strong>artis</strong></span> <span class='ocrx_word' id='word_1_212' title='bbox 782 3243 975 3326; x_wconf 81' lang='lat' dir='ltr'><strong>professores</strong></span> <span class='ocrx_word' id='word_1_213' title='bbox 1003 3242 1221 3307; x_wconf 86' lang='lat' dir='ltr'><strong>calumniandi</strong></span> <span class='ocrx_word' id='word_1_214' title='bbox 1249 3265 1361 3307; x_wconf 90' lang='lat' dir='ltr'><strong>ansam</strong></span> <span class='ocrx_word' id='word_1_215' title='bbox 1385 3245 1462 3310; x_wconf 88' lang='lat' dir='ltr'><strong>inde</strong></span> <span class='ocrx_word' id='word_1_216' title='bbox 1490 3246 1605 3329; x_wconf 88' lang='lat' dir='ltr'><strong>cupide</strong></span> 
     </span>
    </p>
   </div>
   <div class='ocr_carea' id='block_1_11' title="bbox 433 3406 1606 4882">
    <p class='ocr_par' dir='ltr' id='par_1_14' title="bbox 433 3406 1606 4882">
     <span class='ocr_line' id='line_1_27' title="bbox 538 3406 1603 3479; baseline 0.004 -19"><span class='ocrx_word' id='word_1_217' title='bbox 538 3419 549 3442; x_wconf 73' lang='lat'>⁰</span> <span class='ocrx_word' id='word_1_218' title='bbox 566 3416 643 3474; x_wconf 80' lang='lat' dir='ltr'><strong>Atque</strong></span> <span class='ocrx_word' id='word_1_219' title='bbox 651 3416 720 3459; x_wconf 83' lang='lat' dir='ltr'><strong>etiam</strong></span> <span class='ocrx_word' id='word_1_220' title='bbox 729 3406 782 3473; x_wconf 64' lang='lat' dir='ltr'><strong>tra]</strong></span> <span class='ocrx_word' id='word_1_221' title='bbox 802 3408 869 3456; x_wconf 84' lang='lat' dir='ltr'><strong>Hace</strong></span> <span class='ocrx_word' id='word_1_222' title='bbox 879 3408 1031 3458; x_wconf 84' lang='lat' dir='ltr'><strong>habentcdd.</strong></span> <span class='ocrx_word' id='word_1_223' title='bbox 1076 3415 1313 3473; x_wconf 82' lang='lat' dir='ltr'><strong>tatmsuperoeaerit:</strong></span> <span class='ocrx_word' id='word_1_224' title='bbox 1329 3418 1399 3463; x_wconf 78' lang='lat' dir='ltr'><strong>istis</strong></span> <span class='ocrx_word' id='word_1_225' title='bbox 1409 3412 1603 3479; x_wconf 81' lang='lat' dir='ltr'><strong>(inquom‚)casi·</strong></span> 
     </span>
     <span class='ocr_line' id='line_1_28' title="bbox 506 3470 1605 3543; baseline 0.004 -19"><span class='ocrx_word' id='word_1_226' title='bbox 506 3478 556 3535; x_wconf 79' lang='lat'><strong>¹66,</strong></span> <span class='ocrx_word' id='word_1_227' title='bbox 567 3478 607 3524; x_wconf 86' lang='lat'><strong>’68</strong></span> <span class='ocrx_word' id='word_1_228' title='bbox 623 3484 678 3539; x_wconf 88' lang='lat' dir='ltr'><strong>post</strong></span> <span class='ocrx_word' id='word_1_229' title='bbox 692 3477 807 3523; x_wconf 87' lang='lat' dir='ltr'><strong>clauderet</strong></span> <span class='ocrx_word' id='word_1_230' title='bbox 819 3476 830 3533; x_wconf 70' lang='lat' dir='ltr'><strong>i</strong></span> <span class='ocrx_word' id='word_1_231' title='bbox 843 3470 882 3529; x_wconf 83' lang='lat'><strong>36,</strong></span> <span class='ocrx_word' id='word_1_232' title='bbox 894 3474 1034 3535; x_wconf 80' lang='lat' dir='ltr'><strong>praemissis</strong></span> <span class='ocrx_word' id='word_1_233' title='bbox 1077 3479 1125 3534; x_wconf 90' lang='lat' dir='ltr'><strong>bus,</strong></span> <span class='ocrx_word' id='word_1_234' title='bbox 1134 3479 1170 3524; x_wconf 88' lang='lat' dir='ltr'><strong>oel</strong></span> <span class='ocrx_word' id='word_1_235' title='bbox 1179 3480 1277 3525; x_wconf 85' lang='lat' dir='ltr'><strong>secarsda</strong></span> <span class='ocrx_word' id='word_1_236' title='bbox 1287 3494 1344 3526; x_wconf 81' lang='lat' dir='ltr'><strong>cera</strong></span> <span class='ocrx_word' id='word_1_237' title='bbox 1354 3488 1397 3537; x_wconf 85' lang='lat' dir='ltr'><strong>est,</strong></span> <span class='ocrx_word' id='word_1_238' title='bbox 1405 3484 1441 3528; x_wconf 88' lang='lat' dir='ltr'><strong>oet</strong></span> <span class='ocrx_word' id='word_1_239' title='bbox 1448 3484 1548 3543; x_wconf 78' lang='lat' dir='ltr'><strong>regimen</strong></span> <span class='ocrx_word' id='word_1_240' title='bbox 1559 3485 1605 3528; x_wconf 83' lang='lat' dir='ltr'><strong>ies·</strong></span> 
     </span>
     <span class='ocr_line' id='line_1_29' title="bbox 506 3540 1603 3607; baseline 0.005 -19"><span class='ocrx_word' id='word_1_241' title='bbox 506 3556 569 3603; x_wconf 86' lang='lat' dir='ltr'><strong>quse</strong></span> <span class='ocrx_word' id='word_1_242' title='bbox 586 3540 805 3601; x_wconf 74' lang='lat' dir='ltr'><strong>sequuntum—lt&#39;s</strong></span> <span class='ocrx_word' id='word_1_243' title='bbox 818 3540 944 3598; x_wconf 83' lang='lat' dir='ltr'><strong>praedictis</strong></span> <span class='ocrx_word' id='word_1_244' title='bbox 955 3542 1033 3600; x_wconf 78' lang='lat' dir='ltr'><strong>itaque</strong></span> <span class='ocrx_word' id='word_1_245' title='bbox 1072 3544 1208 3601; x_wconf 77' lang='lat' dir='ltr'><strong>perardum,</strong></span> <span class='ocrx_word' id='word_1_246' title='bbox 1224 3545 1267 3589; x_wconf 86' lang='lat' dir='ltr'><strong>etsi</strong></span> <span class='ocrx_word' id='word_1_247' title='bbox 1284 3559 1328 3590; x_wconf 82' lang='lat' dir='ltr'><strong>sors</strong></span> <span class='ocrx_word' id='word_1_248' title='bbox 1343 3560 1438 3605; x_wconf 81' lang='lat' dir='ltr'><strong>prorsus</strong></span> <span class='ocrx_word' id='word_1_249' title='bbox 1455 3544 1603 3607; x_wconf 70' lang='lat' dir='ltr'><strong>refrigerans,</strong></span> 
     </span>
     <span class='ocr_line' id='line_1_30' title="bbox 506 3604 1604 3669; baseline 0.004 -17"><span class='ocrx_word' id='word_1_250' title='bbox 506 3612 602 3661; x_wconf 83' lang='lat' dir='ltr'><strong>coastat,</strong></span> <span class='ocrx_word' id='word_1_251' title='bbox 619 3606 770 3651; x_wconf 78' lang='lat' dir='ltr'><strong>ebullitionem</strong></span> <span class='ocrx_word' id='word_1_252' title='bbox 787 3604 810 3647; x_wconf 86' lang='lat' dir='ltr'><strong>ia</strong></span> <span class='ocrx_word' id='word_1_253' title='bbox 828 3604 899 3647; x_wconf 89' lang='lat' dir='ltr'><strong>morbi</strong></span> <span class='ocrx_word' id='word_1_254' title='bbox 917 3605 1033 3663; x_wconf 79' lang='lat' dir='ltr'><strong>principio</strong></span> <span class='ocrx_word' id='word_1_255' title='bbox 1075 3612 1136 3652; x_wconf 88' lang='lat' dir='ltr'><strong>certe</strong></span> <span class='ocrx_word' id='word_1_256' title='bbox 1152 3612 1227 3652; x_wconf 81' lang='lat' dir='ltr'><strong>tamea</strong></span> <span class='ocrx_word' id='word_1_257' title='bbox 1242 3622 1383 3669; x_wconf 73' lang='lat' dir='ltr'><strong>nequaquam</strong></span> <span class='ocrx_word' id='word_1_258' title='bbox 1399 3606 1544 3669; x_wconf 78' lang='lat' dir='ltr'><strong>calefaciens,</strong></span> <span class='ocrx_word' id='word_1_259' title='bbox 1557 3612 1604 3656; x_wconf 86' lang='lat' dir='ltr'><strong>sios</strong></span> 
     </span>
     <span class='ocr_line' id='line_1_31' title="bbox 507 3667 1605 3729; baseline 0.004 -13"><span class='ocrx_word' id='word_1_260' title='bbox 507 3676 615 3729; x_wconf 80' lang='lat' dir='ltr'><strong>¹coeptam,</strong></span> <span class='ocrx_word' id='word_1_261' title='bbox 627 3682 699 3728; x_wconf 80' lang='lat' dir='ltr'><strong>aeque</strong></span> <span class='ocrx_word' id='word_1_262' title='bbox 709 3669 777 3712; x_wconf 82' lang='lat' dir='ltr'><strong>nimis</strong></span> <span class='ocrx_word' id='word_1_263' title='bbox 787 3668 849 3713; x_wconf 79' lang='lat' dir='ltr'><strong>coeli</strong></span> <span class='ocrx_word' id='word_1_264' title='bbox 858 3667 945 3721; x_wconf 83' lang='lat' dir='ltr'><strong>debere,</strong></span> <span class='ocrx_word' id='word_1_265' title='bbox 961 3682 1033 3728; x_wconf 82' lang='lat' dir='ltr'><strong>aeque</strong></span> <span class='ocrx_word' id='word_1_266' title='bbox 1075 3671 1558 3729; x_wconf 73' lang='lat' dir='ltr'><strong>diaetamrespiciamas,eioemedieamerita.</strong></span> <span class='ocrx_word' id='word_1_267' title='bbox 1570 3673 1605 3719; x_wconf 83' lang='lat' dir='ltr'><strong>lit</strong></span> 
     </span>
     <span class='ocr_line' id='line_1_32' title="bbox 506 3731 1605 3795; baseline 0.004 -16"><span class='ocrx_word' id='word_1_268' title='bbox 506 3736 574 3779; x_wconf 82' lang='lat' dir='ltr'><strong>nimis</strong></span> <span class='ocrx_word' id='word_1_269' title='bbox 585 3734 664 3778; x_wconf 83' lang='lat' dir='ltr'><strong>minui.</strong></span> <span class='ocrx_word' id='word_1_270' title='bbox 695 3731 835 3777; x_wconf 84' lang='lat' dir='ltr'><strong>Veramalia</strong></span> <span class='ocrx_word' id='word_1_271' title='bbox 845 3732 1032 3787; x_wconf 81' lang='lat' dir='ltr'><strong>amaiaorescst,</strong></span> <span class='ocrx_word' id='word_1_272' title='bbox 1075 3735 1605 3795; x_wconf 68' lang='lat' dir='ltr'><strong>quidemieaagustiisbicoersaturdledicus,</strong></span> 
     </span>
     <span class='ocr_line' id='line_1_33' title="bbox 506 3794 1604 3860; baseline 0.002 -17"><span class='ocrx_word' id='word_1_273' title='bbox 506 3798 655 3857; x_wconf 84' lang='lat' dir='ltr'><strong>Medicusqscc</strong></span> <span class='ocrx_word' id='word_1_274' title='bbox 665 3797 697 3841; x_wconf 91' lang='lat' dir='ltr'><strong>ad</strong></span> <span class='ocrx_word' id='word_1_275' title='bbox 707 3810 762 3841; x_wconf 84' lang='lat' dir='ltr'><strong>noua</strong></span> <span class='ocrx_word' id='word_1_276' title='bbox 773 3794 867 3840; x_wconf 83' lang='lat' dir='ltr'><strong>consilia</strong></span> <span class='ocrx_word' id='word_1_277' title='bbox 878 3796 1000 3855; x_wconf 75' lang='lat' dir='ltr'><strong>redigitur,</strong></span> <span class='ocrx_word' id='word_1_278' title='bbox 1011 3798 1033 3841; x_wconf 84' lang='lat' dir='ltr'><strong>si</strong></span> <span class='ocrx_word' id='word_1_279' title='bbox 1073 3800 1161 3856; x_wconf 81' lang='lat' dir='ltr'><strong>partim</strong></span> <span class='ocrx_word' id='word_1_280' title='bbox 1171 3799 1224 3843; x_wconf 85' lang='lat' dir='ltr'><strong>dum</strong></span> <span class='ocrx_word' id='word_1_281' title='bbox 1234 3814 1275 3845; x_wconf 84' lang='lat' dir='ltr'><strong>suo</strong></span> <span class='ocrx_word' id='word_1_282' title='bbox 1284 3798 1377 3860; x_wconf 78' lang='lat' dir='ltr'><strong>judicio</strong></span> <span class='ocrx_word' id='word_1_283' title='bbox 1386 3796 1520 3858; x_wconf 67' lang='lat' dir='ltr'><strong>smiefacere</strong></span> <span class='ocrx_word' id='word_1_284' title='bbox 1530 3803 1604 3859; x_wconf 77' lang='lat' dir='ltr'><strong>cupit,</strong></span> 
     </span>
     <span class='ocr_line' id='line_1_34' title="bbox 506 3862 1604 3924; baseline 0.001 -18"><span class='ocrx_word' id='word_1_285' title='bbox 506 3877 556 3907; x_wconf 90' lang='lat' dir='ltr'><strong>sero</strong></span> <span class='ocrx_word' id='word_1_286' title='bbox 572 3863 639 3906; x_wconf 81' lang='lat' dir='ltr'><strong>mimis</strong></span> <span class='ocrx_word' id='word_1_287' title='bbox 655 3865 785 3906; x_wconf 56' lang='lat' dir='ltr'><strong>accusatur</strong></span> <span class='ocrx_word' id='word_1_288' title='bbox 791 3875 801 3909; x_wconf 81' lang='lat'><strong>,-</strong></span> <span class='ocrx_word' id='word_1_289' title='bbox 820 3863 939 3917; x_wconf 82' lang='lat' dir='ltr'><strong>postquam</strong></span> <span class='ocrx_word' id='word_1_290' title='bbox 956 3874 1033 3917; x_wconf 80' lang='lat' dir='ltr'><strong>nempe</strong></span> <span class='ocrx_word' id='word_1_291' title='bbox 1073 3863 1161 3920; x_wconf 81' lang='lat' dir='ltr'><strong>partim</strong></span> <span class='ocrx_word' id='word_1_292' title='bbox 1171 3863 1225 3907; x_wconf 84' lang='lat' dir='ltr'><strong>dum</strong></span> <span class='ocrx_word' id='word_1_293' title='bbox 1232 3862 1385 3924; x_wconf 79' lang='lat' dir='ltr'><strong>praejudiciis</strong></span> <span class='ocrx_word' id='word_1_294' title='bbox 1395 3864 1491 3909; x_wconf 71' lang='lat' dir='ltr'><strong>oliorum</strong></span> <span class='ocrx_word' id='word_1_295' title='bbox 1503 3864 1604 3923; x_wconf 77' lang='lat' dir='ltr'><strong>undique</strong></span> 
     </span>
     <span class='ocr_line' id='line_1_35' title="bbox 506 3924 1603 3987; baseline 0 -16"><span class='ocrx_word' id='word_1_296' title='bbox 506 3926 542 3971; x_wconf 86' lang='lat' dir='ltr'><strong>ael</strong></span> <span class='ocrx_word' id='word_1_297' title='bbox 551 3926 665 3971; x_wconf 78' lang='lat' dir='ltr'><strong>cardiacis</strong></span> <span class='ocrx_word' id='word_1_298' title='bbox 679 3924 789 3969; x_wconf 73' lang='lat' dir='ltr'><strong>adhibitis</strong></span> <span class='ocrx_word' id='word_1_299' title='bbox 800 3924 915 3967; x_wconf 85' lang='lat' dir='ltr'><strong>immodice</strong></span> <span class='ocrx_word' id='word_1_300' title='bbox 931 3924 1034 3968; x_wconf 77' lang='lat' dir='ltr'><strong>ebullitio</strong></span> <span class='ocrx_word' id='word_1_301' title='bbox 1076 3926 1188 3986; x_wconf 80' lang='lat' dir='ltr'><strong>cingitur,</strong></span> <span class='ocrx_word' id='word_1_302' title='bbox 1204 3929 1251 3986; x_wconf 80' lang='lat' dir='ltr'><strong>qui,</strong></span> <span class='ocrx_word' id='word_1_303' title='bbox 1268 3928 1379 3987; x_wconf 75' lang='lat' dir='ltr'><strong>siquidem</strong></span> <span class='ocrx_word' id='word_1_304' title='bbox 1399 3941 1469 3986; x_wconf 83' lang='lat' dir='ltr'><strong>aegro</strong></span> <span class='ocrx_word' id='word_1_305' title='bbox 1485 3928 1603 3985; x_wconf 59' lang='lat' dir='ltr'><strong>ammian</strong></span> 
     </span>
     <span class='ocr_line' id='line_1_36' title="bbox 505 3987 1604 4047; baseline -0.001 -11"><span class='ocrx_word' id='word_1_306' title='bbox 505 3996 582 4036; x_wconf 82' lang='lat' dir='ltr'><strong>evecta</strong></span> <span class='ocrx_word' id='word_1_307' title='bbox 593 3989 677 4043; x_wconf 87' lang='lat' dir='ltr'><strong>est,oel</strong></span> <span class='ocrx_word' id='word_1_308' title='bbox 685 3987 834 4047; x_wconf 78' lang='lat' dir='ltr'><strong>phlebotomia</strong></span> <span class='ocrx_word' id='word_1_309' title='bbox 842 3987 966 4031; x_wconf 80' lang='lat' dir='ltr'><strong>inconsulto</strong></span> <span class='ocrx_word' id='word_1_310' title='bbox 974 3988 1033 4032; x_wconf 89' lang='lat' dir='ltr'><strong>cele·</strong></span> <span class='ocrx_word' id='word_1_311' title='bbox 1076 4003 1140 4034; x_wconf 79' lang='lat' dir='ltr'><strong>secter</strong></span> <span class='ocrx_word' id='word_1_312' title='bbox 1153 3992 1272 4046; x_wconf 86' lang='lat' dir='ltr'><strong>acciderit,</strong></span> <span class='ocrx_word' id='word_1_313' title='bbox 1284 3992 1348 4037; x_wconf 85' lang='lat' dir='ltr'><strong>illius</strong></span> <span class='ocrx_word' id='word_1_314' title='bbox 1358 3997 1450 4036; x_wconf 74' lang='lat' dir='ltr'><strong>morters</strong></span> <span class='ocrx_word' id='word_1_315' title='bbox 1461 3989 1604 4036; x_wconf 73' lang='lat' dir='ltr'><strong>Medicorum</strong></span> 
     </span>
     <span class='ocr_line' id='line_1_37' title="bbox 507 4050 1603 4116; baseline 0.002 -16"><span class='ocrx_word' id='word_1_316' title='bbox 507 4056 581 4109; x_wconf 71' lang='lat' dir='ltr'><strong>brata</strong></span> <span class='ocrx_word' id='word_1_317' title='bbox 599 4054 634 4100; x_wconf 86' lang='lat' dir='ltr'><strong>oet</strong></span> <span class='ocrx_word' id='word_1_318' title='bbox 655 4053 734 4113; x_wconf 77' lang='lat' dir='ltr'><strong>quasis</strong></span> <span class='ocrx_word' id='word_1_319' title='bbox 755 4052 803 4096; x_wconf 89' lang='lat' dir='ltr'><strong>clia</strong></span> <span class='ocrx_word' id='word_1_320' title='bbox 824 4064 894 4095; x_wconf 80' lang='lat' dir='ltr'><strong>causo</strong></span> <span class='ocrx_word' id='word_1_321' title='bbox 913 4050 1034 4107; x_wconf 84' lang='lat' dir='ltr'><strong>mediante,</strong></span> <span class='ocrx_word' id='word_1_322' title='bbox 1077 4056 1202 4100; x_wconf 77' lang='lat' dir='ltr'><strong>temeritate·</strong></span> <span class='ocrx_word' id='word_1_323' title='bbox 1212 4062 1326 4116; x_wconf 83' lang='lat' dir='ltr'><strong>acceptam</strong></span> <span class='ocrx_word' id='word_1_324' title='bbox 1337 4050 1510 4113; x_wconf 69' lang='lat' dir='ltr'><strong>referremlest.</strong></span> <span class='ocrx_word' id='word_1_325' title='bbox 1530 4054 1603 4102; x_wconf 57' lang='lat' dir='ltr'><strong>&amp;aa</strong></span> 
     </span>
     <span class='ocr_line' id='line_1_38' title="bbox 505 4115 1605 4179; baseline -0.001 -15"><span class='ocrx_word' id='word_1_326' title='bbox 505 4120 583 4165; x_wconf 88' lang='lat' dir='ltr'><strong>eadem</strong></span> <span class='ocrx_word' id='word_1_327' title='bbox 598 4119 665 4163; x_wconf 83' lang='lat' dir='ltr'><strong>nimis</strong></span> <span class='ocrx_word' id='word_1_328' title='bbox 679 4116 821 4176; x_wconf 80' lang='lat' dir='ltr'><strong>deprimitur,</strong></span> <span class='ocrx_word' id='word_1_329' title='bbox 835 4115 934 4173; x_wconf 83' lang='lat' dir='ltr'><strong>adeoque</strong></span> <span class='ocrx_word' id='word_1_330' title='bbox 949 4116 981 4159; x_wconf 91' lang='lat' dir='ltr'><strong>ad</strong></span> <span class='ocrx_word' id='word_1_331' title='bbox 996 4130 1032 4160; x_wconf 84' lang='lat' dir='ltr'><strong>se·</strong></span> <span class='ocrx_word' id='word_1_332' title='bbox 1077 4118 1104 4162; x_wconf 88' lang='lat' dir='ltr'><strong>ob</strong></span> <span class='ocrx_word' id='word_1_333' title='bbox 1115 4131 1214 4173; x_wconf 84' lang='lat' dir='ltr'><strong>causam,</strong></span> <span class='ocrx_word' id='word_1_334' title='bbox 1225 4126 1293 4179; x_wconf 85' lang='lat' dir='ltr'><strong>atque</strong></span> <span class='ocrx_word' id='word_1_335' title='bbox 1303 4121 1373 4165; x_wconf 87' lang='lat' dir='ltr'><strong>etiam</strong></span> <span class='ocrx_word' id='word_1_336' title='bbox 1386 4118 1446 4179; x_wconf 81' lang='lat' dir='ltr'><strong>quod</strong></span> <span class='ocrx_word' id='word_1_337' title='bbox 1456 4120 1504 4178; x_wconf 85' lang='lat' dir='ltr'><strong>ipse</strong></span> <span class='ocrx_word' id='word_1_338' title='bbox 1514 4118 1605 4164; x_wconf 82' lang='lat' dir='ltr'><strong>morbus</strong></span> 
     </span>
     <span class='ocr_line' id='line_1_39' title="bbox 505 4178 1603 4245; baseline -0.003 -15"><span class='ocrx_word' id='word_1_339' title='bbox 505 4185 626 4230; x_wconf 82' lang='lat' dir='ltr'><strong>cretionem</strong></span> <span class='ocrx_word' id='word_1_340' title='bbox 637 4184 711 4241; x_wconf 86' lang='lat' dir='ltr'><strong>impar</strong></span> <span class='ocrx_word' id='word_1_341' title='bbox 723 4185 791 4239; x_wconf 81' lang='lat' dir='ltr'><strong>atque</strong></span> <span class='ocrx_word' id='word_1_342' title='bbox 803 4178 911 4224; x_wconf 80' lang='lat' dir='ltr'><strong>intrabilis</strong></span> <span class='ocrx_word' id='word_1_343' title='bbox 921 4179 1032 4224; x_wconf 84' lang='lat' dir='ltr'><strong>redditur.</strong></span> <span class='ocrx_word' id='word_1_344' title='bbox 1076 4183 1196 4227; x_wconf 69' lang='lat' dir='ltr'><strong>Mmodum</strong></span> <span class='ocrx_word' id='word_1_345' title='bbox 1209 4184 1324 4229; x_wconf 72' lang='lat' dir='ltr'><strong>meotilis</strong></span> <span class='ocrx_word' id='word_1_346' title='bbox 1335 4185 1422 4245; x_wconf 77' lang='lat' dir='ltr'><strong>ingenii</strong></span> <span class='ocrx_word' id='word_1_347' title='bbox 1437 4184 1469 4228; x_wconf 85' lang='lat' dir='ltr'><strong>sit</strong></span> <span class='ocrx_word' id='word_1_348' title='bbox 1484 4188 1553 4243; x_wconf 79' lang='lat' dir='ltr'><strong>atque</strong></span> <span class='ocrx_word' id='word_1_349' title='bbox 1565 4184 1603 4228; x_wconf 90' lang='lat' dir='ltr'><strong>irs-</strong></span> 
     </span>
     <span class='ocr_line' id='line_1_40' title="bbox 508 4244 1605 4307; baseline 0 -14"><span class='ocrx_word' id='word_1_350' title='bbox 508 4248 594 4297; x_wconf 82' lang='lat' dir='ltr'><strong>andsi</strong></span> <span class='ocrx_word' id='word_1_351' title='bbox 608 4248 685 4307; x_wconf 85' lang='lat' dir='ltr'><strong>itaque</strong></span> <span class='ocrx_word' id='word_1_352' title='bbox 698 4246 798 4306; x_wconf 79' lang='lat' dir='ltr'><strong>primum</strong></span> <span class='ocrx_word' id='word_1_353' title='bbox 814 4244 855 4288; x_wconf 88' lang='lat' dir='ltr'><strong>boc</strong></span> <span class='ocrx_word' id='word_1_354' title='bbox 870 4244 954 4288; x_wconf 77' lang='lat' dir='ltr'><strong>malim</strong></span> <span class='ocrx_word' id='word_1_355' title='bbox 970 4244 1034 4289; x_wconf 80' lang='lat' dir='ltr'><strong>nobis</strong></span> <span class='ocrx_word' id='word_1_356' title='bbox 1076 4247 1197 4290; x_wconf 79' lang='lat' dir='ltr'><strong>certissimi</strong></span> <span class='ocrx_word' id='word_1_357' title='bbox 1208 4249 1495 4303; x_wconf 63' lang='lat' dir='ltr'><strong>eremitoriolum</strong></span> <span class='ocrx_word' id='word_1_358' title='bbox 1506 4262 1605 4293; x_wconf 83' lang='lat' dir='ltr'><strong>errorem</strong></span> 
     </span>
     <span class='ocr_line' id='line_1_41' title="bbox 433 4308 1604 4371; baseline 0.001 -14"><span class='ocrx_word' id='word_1_359' title='bbox 433 4360 435 4367; x_wconf 43' lang='lat'><strong>,</strong></span> <span class='ocrx_word' id='word_1_360' title='bbox 504 4327 548 4357; x_wconf 79' lang='lat' dir='ltr'><strong>esca</strong></span> <span class='ocrx_word' id='word_1_361' title='bbox 565 4314 667 4365; x_wconf 84' lang='lat' dir='ltr'><strong>consciis,</strong></span> <span class='ocrx_word' id='word_1_362' title='bbox 686 4310 782 4355; x_wconf 78' lang='lat' dir='ltr'><strong>nondam</strong></span> <span class='ocrx_word' id='word_1_363' title='bbox 803 4308 890 4353; x_wconf 83' lang='lat' dir='ltr'><strong>scilicet</strong></span> <span class='ocrx_word' id='word_1_364' title='bbox 908 4309 1032 4362; x_wconf 84' lang='lat' dir='ltr'><strong>accersitis,</strong></span> <span class='ocrx_word' id='word_1_365' title='bbox 1075 4310 1171 4355; x_wconf 76' lang='lat' dir='ltr'><strong>virtuto</strong></span> <span class='ocrx_word' id='word_1_366' title='bbox 1182 4311 1300 4365; x_wconf 86' lang='lat' dir='ltr'><strong>admittat,</strong></span> <span class='ocrx_word' id='word_1_367' title='bbox 1309 4311 1408 4358; x_wconf 80' lang='lat' dir='ltr'><strong>Medicis</strong></span> <span class='ocrx_word' id='word_1_368' title='bbox 1415 4312 1549 4371; x_wconf 82' lang='lat' dir='ltr'><strong>quibusdam</strong></span> <span class='ocrx_word' id='word_1_369' title='bbox 1559 4326 1604 4357; x_wconf 81' lang='lat' dir='ltr'><strong>sca</strong></span> 
     </span>
     <span class='ocr_line' id='line_1_42' title="bbox 505 4374 1606 4435; baseline -0.001 -13"><span class='ocrx_word' id='word_1_370' title='bbox 505 4375 777 4435; x_wconf 75' lang='lat' dir='ltr'><strong>aliqrtarrdocontigeritr</strong></span> <span class='ocrx_word' id='word_1_371' title='bbox 798 4374 852 4427; x_wconf 81' lang='lat' dir='ltr'><strong>sive,</strong></span> <span class='ocrx_word' id='word_1_372' title='bbox 864 4387 892 4418; x_wconf 79' lang='lat' dir='ltr'><strong>ec</strong></span> <span class='ocrx_word' id='word_1_373' title='bbox 910 4384 1032 4431; x_wconf 81' lang='lat' dir='ltr'><strong>aegrorum</strong></span> <span class='ocrx_word' id='word_1_374' title='bbox 1075 4374 1606 4435; x_wconf 79' lang='lat' dir='ltr'><strong>eitiooerteodamcersseosuamillamsioepre·</strong></span> 
     </span>
     <span class='ocr_line' id='line_1_43' title="bbox 506 4438 1605 4499; baseline 0.002 -15"><span class='ocrx_word' id='word_1_375' title='bbox 506 4441 682 4499; x_wconf 78' lang='lat' dir='ltr'><strong>intemperantia</strong></span> <span class='ocrx_word' id='word_1_376' title='bbox 692 4444 732 4484; x_wconf 86' lang='lat' dir='ltr'><strong>aut</strong></span> <span class='ocrx_word' id='word_1_377' title='bbox 743 4438 839 4483; x_wconf 88' lang='lat' dir='ltr'><strong>calidori</strong></span> <span class='ocrx_word' id='word_1_378' title='bbox 851 4442 1032 4496; x_wconf 77' lang='lat' dir='ltr'><strong>temperamento,</strong></span> <span class='ocrx_word' id='word_1_379' title='bbox 1075 4438 1184 4492; x_wconf 83' lang='lat' dir='ltr'><strong>dentiam,</strong></span> <span class='ocrx_word' id='word_1_380' title='bbox 1194 4440 1241 4484; x_wconf 81' lang='lat' dir='ltr'><strong>sive</strong></span> <span class='ocrx_word' id='word_1_381' title='bbox 1254 4441 1372 4494; x_wconf 81' lang='lat' dir='ltr'><strong>astatium,</strong></span> <span class='ocrx_word' id='word_1_382' title='bbox 1383 4438 1530 4499; x_wconf 78' lang='lat' dir='ltr'><strong>(claritatem</strong></span> <span class='ocrx_word' id='word_1_383' title='bbox 1545 4441 1605 4485; x_wconf 80' lang='lat' dir='ltr'><strong>enies</strong></span> 
     </span>
     <span class='ocr_line' id='line_1_44' title="bbox 505 4496 1604 4563; baseline 0.002 -16"><span class='ocrx_word' id='word_1_384' title='bbox 505 4505 600 4563; x_wconf 73' lang='lat' dir='ltr'><strong>sanguis</strong></span> <span class='ocrx_word' id='word_1_385' title='bbox 610 4504 806 4560; x_wconf 61' lang='lat' dir='ltr'><strong>irotlcmmators&#39;am</strong></span> <span class='ocrx_word' id='word_1_386' title='bbox 822 4502 936 4547; x_wconf 75' lang='lat' dir='ltr'><strong>diathesis</strong></span> <span class='ocrx_word' id='word_1_387' title='bbox 952 4506 1033 4546; x_wconf 82' lang='lat' dir='ltr'><strong>nactus</strong></span> <span class='ocrx_word' id='word_1_388' title='bbox 1069 4496 1134 4561; x_wconf 74' lang='lat' dir='ltr'><strong>forte</strong></span> <span class='ocrx_word' id='word_1_389' title='bbox 1144 4502 1229 4561; x_wconf 69' lang='grc' dir='ltr'>ιιιὶᾳιιὶε</span> <span class='ocrx_word' id='word_1_390' title='bbox 1237 4504 1261 4547; x_wconf 84' lang='lat' dir='ltr'><strong>in</strong></span> <span class='ocrx_word' id='word_1_391' title='bbox 1269 4504 1300 4548; x_wconf 89' lang='lat' dir='ltr'><strong>iis</strong></span> <span class='ocrx_word' id='word_1_392' title='bbox 1310 4500 1494 4562; x_wconf 61' lang='lat' dir='ltr'><strong>desideraverit)</strong></span> <span class='ocrx_word' id='word_1_393' title='bbox 1504 4504 1544 4563; x_wconf 83' lang='lat' dir='ltr'><strong>qui</strong></span> <span class='ocrx_word' id='word_1_394' title='bbox 1554 4508 1604 4549; x_wconf 86' lang='lat' dir='ltr'><strong>sta·</strong></span> 
     </span>
     <span class='ocr_line' id='line_1_45' title="bbox 499 4562 1605 4628; baseline 0.004 -18"><span class='ocrx_word' id='word_1_395' title='bbox 499 4562 594 4624; x_wconf 73' lang='lat' dir='ltr'><strong>fiteritr</strong></span> <span class='ocrx_word' id='word_1_396' title='bbox 610 4568 664 4622; x_wconf 84' lang='lat' dir='ltr'><strong>sice,</strong></span> <span class='ocrx_word' id='word_1_397' title='bbox 676 4581 704 4612; x_wconf 78' lang='lat' dir='ltr'><strong>er</strong></span> <span class='ocrx_word' id='word_1_398' title='bbox 715 4566 838 4611; x_wconf 81' lang='lat' dir='ltr'><strong>astantium</strong></span> <span class='ocrx_word' id='word_1_399' title='bbox 850 4565 1034 4610; x_wconf 83' lang='lat' dir='ltr'><strong>muliercularum</strong></span> <span class='ocrx_word' id='word_1_400' title='bbox 1076 4566 1117 4609; x_wconf 86' lang='lat' dir='ltr'><strong>tim</strong></span> <span class='ocrx_word' id='word_1_401' title='bbox 1124 4570 1192 4625; x_wconf 79' lang='lat' dir='ltr'><strong>atque</strong></span> <span class='ocrx_word' id='word_1_402' title='bbox 1202 4573 1321 4626; x_wconf 80' lang='lat' dir='ltr'><strong>errempurst</strong></span> <span class='ocrx_word' id='word_1_403' title='bbox 1334 4566 1448 4622; x_wconf 79' lang='lat' dir='ltr'><strong>Varistae,</strong></span> <span class='ocrx_word' id='word_1_404' title='bbox 1459 4582 1553 4628; x_wconf 79' lang='lat' dir='ltr'><strong>aegrum</strong></span> <span class='ocrx_word' id='word_1_405' title='bbox 1563 4582 1605 4613; x_wconf 77' lang='lat' dir='ltr'><strong>rte·</strong></span> 
     </span>
     <span class='ocr_line' id='line_1_46' title="bbox 506 4630 1604 4691; baseline 0.003 -17"><span class='ocrx_word' id='word_1_406' title='bbox 506 4630 659 4675; x_wconf 76' lang='lat' dir='ltr'><strong>metallorum</strong></span> <span class='ocrx_word' id='word_1_407' title='bbox 676 4630 1032 4689; x_wconf 79' lang='lat' dir='ltr'><strong>quoramcunquecmsilio,ear·</strong></span> <span class='ocrx_word' id='word_1_408' title='bbox 1077 4631 1158 4675; x_wconf 81' lang='lat' dir='ltr'><strong>tricass</strong></span> <span class='ocrx_word' id='word_1_409' title='bbox 1169 4644 1237 4676; x_wconf 83' lang='lat' dir='ltr'><strong>carae</strong></span> <span class='ocrx_word' id='word_1_410' title='bbox 1248 4632 1389 4690; x_wconf 76' lang='lat' dir='ltr'><strong>relinquunt.</strong></span> <span class='ocrx_word' id='word_1_411' title='bbox 1416 4632 1494 4691; x_wconf 79' lang='lat' dir='ltr'><strong>Atque</strong></span> <span class='ocrx_word' id='word_1_412' title='bbox 1501 4646 1604 4691; x_wconf 80' lang='lat' dir='ltr'><strong>proees-</strong></span> 
     </span>
     <span class='ocr_line' id='line_1_47' title="bbox 506 4692 1190 4755; baseline -0.001 -16"><span class='ocrx_word' id='word_1_413' title='bbox 506 4694 621 4739; x_wconf 85' lang='lat' dir='ltr'><strong>dr&#39;accrum</strong></span> <span class='ocrx_word' id='word_1_414' title='bbox 630 4692 839 4750; x_wconf 83' lang='lat' dir='ltr'><strong>ususpbrertitidem</strong></span> <span class='ocrx_word' id='word_1_415' title='bbox 850 4694 961 4738; x_wconf 76' lang='lat' dir='ltr'><strong>inusserit</strong></span> <span class='ocrx_word' id='word_1_416' title='bbox 967 4710 976 4744; x_wconf 87' lang='lat'><strong>,·</strong></span> <span class='ocrx_word' id='word_1_417' title='bbox 987 4694 1033 4738; x_wconf 83' lang='lat' dir='ltr'><strong>siae</strong></span> <span class='ocrx_word' id='word_1_418' title='bbox 1076 4694 1139 4738; x_wconf 89' lang='lat' dir='ltr'><strong>ciare</strong></span> <span class='ocrx_word' id='word_1_419' title='bbox 1150 4692 1190 4755; x_wconf 57' lang='grc' dir='ltr'><strong>ξε.</strong></span> 
     </span>
     <span class='ocr_line' id='line_1_48' title="bbox 506 4751 1605 4819; baseline 0.001 -17"><span class='ocrx_word' id='word_1_420' title='bbox 506 4772 534 4802; x_wconf 78' lang='lat' dir='ltr'><strong>er</strong></span> <span class='ocrx_word' id='word_1_421' title='bbox 548 4758 652 4815; x_wconf 83' lang='lat' dir='ltr'><strong>pletltora</strong></span> <span class='ocrx_word' id='word_1_422' title='bbox 663 4757 773 4801; x_wconf 81' lang='lat' dir='ltr'><strong>circuitus</strong></span> <span class='ocrx_word' id='word_1_423' title='bbox 783 4757 902 4816; x_wconf 60' lang='lat' dir='ltr'><strong>campinie</strong></span> <span class='ocrx_word' id='word_1_424' title='bbox 912 4757 1034 4815; x_wconf 82' lang='lat' dir='ltr'><strong>impeditus</strong></span> <span class='ocrx_word' id='word_1_425' title='bbox 1109 4751 1121 4774; x_wconf 89' lang='lat'>⁰</span> <span class='ocrx_word' id='word_1_426' title='bbox 1138 4760 1177 4817; x_wconf 81' lang='lat' dir='ltr'><strong>qui</strong></span> <span class='ocrx_word' id='word_1_427' title='bbox 1188 4760 1213 4803; x_wconf 86' lang='lat' dir='ltr'><strong>irs</strong></span> <span class='ocrx_word' id='word_1_428' title='bbox 1224 4754 1278 4819; x_wconf 60' lang='lat' dir='ltr'><strong>dc]</strong></span> <span class='ocrx_word' id='word_1_429' title='bbox 1289 4760 1314 4803; x_wconf 85' lang='lat' dir='ltr'><strong>ia</strong></span> <span class='ocrx_word' id='word_1_430' title='bbox 1325 4760 1373 4803; x_wconf 89' lang='lat' dir='ltr'><strong>loco</strong></span> <span class='ocrx_word' id='word_1_431' title='bbox 1382 4760 1448 4805; x_wconf 74' lang='lat' dir='ltr'><strong>valde</strong></span> <span class='ocrx_word' id='word_1_432' title='bbox 1459 4760 1546 4805; x_wconf 82' lang='lat' dir='ltr'><strong>lubrica</strong></span> <span class='ocrx_word' id='word_1_433' title='bbox 1553 4772 1605 4804; x_wconf 81' lang='lat' dir='ltr'><strong>eer-</strong></span> 
     </span>
     <span class='ocr_line' id='line_1_49' title="bbox 499 4818 1448 4882; baseline 0.001 -15"><span class='ocrx_word' id='word_1_434' title='bbox 499 4818 586 4879; x_wconf 80' lang='lat' dir='ltr'><strong>fuerit,</strong></span> <span class='ocrx_word' id='word_1_435' title='bbox 593 4826 661 4880; x_wconf 83' lang='lat' dir='ltr'><strong>atque</strong></span> <span class='ocrx_word' id='word_1_436' title='bbox 672 4820 742 4865; x_wconf 87' lang='lat' dir='ltr'><strong>totius</strong></span> <span class='ocrx_word' id='word_1_437' title='bbox 752 4834 838 4864; x_wconf 87' lang='lat' dir='ltr'><strong>massae</strong></span> <span class='ocrx_word' id='word_1_438' title='bbox 848 4821 913 4878; x_wconf 83' lang='lat' dir='ltr'><strong>quasi</strong></span> <span class='ocrx_word' id='word_1_439' title='bbox 924 4826 1032 4879; x_wconf 74' lang='lat' dir='ltr'><strong>strangu·</strong></span> <span class='ocrx_word' id='word_1_440' title='bbox 1076 4822 1125 4866; x_wconf 86' lang='lat' dir='ltr'><strong>sari</strong></span> <span class='ocrx_word' id='word_1_441' title='bbox 1136 4824 1175 4881; x_wconf 73' lang='lat' dir='ltr'><strong>qui</strong></span> <span class='ocrx_word' id='word_1_442' title='bbox 1186 4823 1209 4867; x_wconf 84' lang='lat' dir='ltr'><strong>is</strong></span> <span class='ocrx_word' id='word_1_443' title='bbox 1222 4820 1259 4882; x_wconf 61' lang='lat' dir='ltr'><strong>&amp;a</strong></span> <span class='ocrx_word' id='word_1_444' title='bbox 1272 4820 1327 4867; x_wconf 81' lang='lat' dir='ltr'><strong>edd.</strong></span> <span class='ocrx_word' id='word_1_445' title='bbox 1338 4822 1388 4880; x_wconf 75' lang='lat'><strong>¹66,</strong></span> <span class='ocrx_word' id='word_1_446' title='bbox 1399 4822 1448 4868; x_wconf 73' lang='lat'><strong>⁹68.</strong></span> 
     </span>
    </p>
   </div>
   <div class='ocr_carea' id='block_1_12' title="bbox 0 0 1923 5759">
    <p class='ocr_par' dir='ltr' id='par_1_15' title="bbox 0 0 1923 5759">
     <span class='ocr_line' id='line_1_50' title="bbox 0 0 1923 5759; baseline 0 0"><span class='ocrx_word' id='word_1_447' title='bbox 0 0 1923 5759; x_wconf 95' lang='lat' dir='ltr'><strong> </strong></span> 
     </span>
    </p>
   </div>
  </div>
 </body>
</html>
