3825 5759
413 1358 421 1375 ⁸
499 1370 743 1451 PRAEFATIO
774 1372 999 1451 unltlotls
1028 1372 1226 1449 tunultu.

349 1642 641 1711 Qnaunuuonuu
660 1663 680 1707 a
697 1641 828 1707 Natura
848 1640 897 1705 ita
917 1646 1104 1723 comparata
1124 1645 1174 1703 est
1195 1637 1328 1703 humani
1346 1659 1415 1704 our·
1450 1646 1547 1701 Pater.

303 1745 397 1829 poris
410 1746 545 1824 fabrica,
560 1750 599 1809 ut
612 1765 673 1809 uec
686 1765 763 1829 prae
774 1744 847 1829 jugi
861 1742 1095 1827 particularum
1108 1742 1199 1805 fluxu
1213 1740 1275 1805 uti
1290 1762 1416 1826 semper
1424 1711 1572 1795 Q&

306 1854 449 1926 constet,
465 1867 527 1911 nec
546 1866 627 1930 prae
640 1852 847 1911 externarum
866 1866 977 1911 rerum
994 1845 1027 1908 vi
1044 1843 1189 1928 suijuris
1202 1843 1325 1927 ubique
1342 1864 1415 1928 per·

307 1955 453 2027 maneat,
467 1948 557 2012 unde
572 1947 740 2031 multiplex
762 1947 1005 2031 aegritudinum
1022 1946 1136 2011 cohors
1153 1946 1249 2011 terris
1268 1945 1310 2009 ab
1324 1947 1414 2010 omni

310 2070 389 2115 aero
403 2048 554 2114 incubuit
563 2074 574 2127 3
596 2050 642 2114 sic
660 2049 773 2133 procul
794 2049 884 2113 omni
904 2048 1004 2112 dnbio
1023 2070 1044 2113 a
1064 2048 1176 2113 multis
1191 2050 1262 2133 jam
1278 2048 1414 2113 saeculis

310 2158 389 2216 ante
410 2157 527 2217 natum
548 2172 616 2215 non
636 2152 798 2215 Graecum
816 2150 923 2229 modo,
939 2151 998 2214 sed
1019 2151 1087 2235 (qui
1103 2150 1193 2215 mille
1212 2150 1307 2215 annis
1324 2150 1415 2215 hunc

310 2254 507 2337 antecessit)
532 2253 732 2337 Aegyptium
755 2252 996 2336 Aesculapium,
1020 2253 1191 2317 hominum
1211 2252 1345 2335 ingenia
1361 2252 1412 2315 in-

310 2354 518 2437 vestigandae
528 2354 672 2419 medelae
682 2354 856 2419 necessitas
866 2354 1018 2419 exercuit.
1069 2355 1131 2440 [2.]
1157 2356 1202 2419 Et
1210 2354 1363 2439 profecto,
1374 2362 1414 2419 ut

312 2456 384 2540 quis
407 2456 530 2539 primus
556 2456 773 2521 aedificiorum
794 2462 853 2521 aut
874 2457 1144 2522 vestimentorum
1165 2478 1263 2521 usum
1291 2456 1334 2520 ad
1359 2456 1414 2520 de·

311 2556 495 2640 pellendum
516 2558 597 2623 coeli
617 2557 860 2623 inclementiam
881 2559 1035 2639 instituit,
1053 2580 1151 2624 nemo
1172 2560 1266 2624 facile
1285 2558 1413 2637 dixerit,

311 2658 361 2723 ita
380 2664 414 2723 et
433 2659 524 2723 Artis
541 2658 690 2724 Medicae
708 2660 842 2740 natales,
857 2666 896 2725 ut
918 2662 990 2725 Nili
1010 2663 1146 2740 fontem,
1160 2662 1336 2744 indigitare
1355 2682 1414 2726 nc-

313 2760 462 2844 quimus3
485 2780 560 2825 cum
574 2761 646 2840 ista,
661 2761 794 2845 perinde
809 2768 1001 2827 aecaeterae
1016 2772 1112 2841 artes,
1122 2763 1160 2825 in
1173 2783 1415 2843 nunnunquam

311 2882 380 2926 non
397 2863 549 2942 extiterit,
564 2863 640 2928 lieet
662 2884 751 2929 nunc
777 2863 975 2946 diligentius,
996 2884 1085 2927 nunc
1103 2862 1253 2945 frigidius
1274 2862 1413 2941 exculta,

311 2984 370 3048 pro
398 2964 485 3030 van'o
513 2972 696 3049 temporum
725 2986 763 3031 ac
785 2965 955 3048 regionum
978 2964 1103 3028 habitu.
1154 2962 1215 3047 [3.]
1242 2963 1414 3029 Quantum

311 3072 443 3145 veteres,
463 3088 501 3131 ac
519 3067 606 3131 inter
630 3068 750 3151 primos
772 3066 996 3151 Hippocrates,
1019 3066 1261 3150 praestiterunt,
1283 3065 1413 3130 abunde

311 3175 427 3235 notum
444 3178 492 3234 est
500 3195 511 3248 ;
534 3168 651 3254 quibus
672 3170 803 3248 sedicet,
826 3189 864 3234 ac
883 3190 997 3235 eorum
1015 3169 1134 3254 scripta
1152 3167 1412 3253 compilantibus,

310 3272 485 3335 maximam
503 3272 743 3355 therapeuticae
765 3272 913 3337 solertiae
934 3280 1063 3356 partem
1085 3278 1250 3356 acceptam
1266 3270 1411 3337 ferimus.

312 3374 402 3441 Quin
416 3382 450 3439 et
469 3374 715 3440 succedentibus
736 3374 853 3440 deinde
875 3376 1011 3440 saeculis
1032 3376 1165 3440 emicuit
1178 3376 1412 3440 nonnullorum

311 3477 478 3557 industria,
502 3479 633 3562 quiunt
656 3479 846 3559 scotomiae,
868 3486 925 3543 aut
947 3480 1161 3564 pharmaciue,
1179 3486 1237 3544 aut
1258 3480 1413 3544 methodo

311 3577 435 3664 ἰατρικῇ
456 3600 585 3664 operam
606 3580 764 3659 navando,
779 3580 965 3646 Medicinae
986 3582 1149 3665 pomoeria
1173 3582 1327 3665 ampliare
1352 3602 1412 3665 pro

310 3682 392 3746 virili
421 3688 626 3766 sategerunt,
649 3689 689 3747 ut
716 3690 842 3747 taceam
865 3704 927 3748 nec
952 3684 988 3748 in
1013 3685 1074 3749 hac
1096 3691 1207 3750 nostra
1228 3684 1409 3763 Britannia,

309 3784 441 3868 ipsoque
455 3784 517 3848 hoc
531 3784 658 3849 saeculo
674 3785 822 3865 defuisse,
833 3787 889 3870 qui
903 3786 939 3851 iu
954 3787 1043 3851 omni
1058 3788 1265 3852 scientiarum
1281 3807 1409 3870 genere,

310 3906 371 3969 quo
385 3906 438 3949 res
452 3885 583 3957 Medica
598 3886 752 3970 adaugeri
771 3888 881 3971 possit,
897 3888 1018 3972 optime
1040 3894 1248 3967 meruenmt3
1271 3908 1409 3970 quorum

310 3987 440 4069 quidem
464 3987 575 4053 laudes
597 3988 713 4071 impari
731 3989 853 4054 calaum
872 4011 938 4054 non
959 3990 1096 4075 attingo.
1146 3990 1208 4077 [4.]
1235 3990 1409 4053 Caeterum

309 4096 558 4175 quantacunque
576 4090 698 4155 fuerint
721 4090 856 4155 aliorum
879 4094 1059 4172 conamina,
1081 4110 1207 4177 semper
1229 4091 1408 4156 existimavi

308 4190 389 4254 mihi
410 4190 517 4256 vitulis
538 4212 635 4257 aurae
653 4212 749 4255 usum
772 4193 892 4257 frustm
914 4194 1028 4259 datum
1049 4194 1127 4272 fore,
1147 4191 1212 4256 nisi
1229 4200 1262 4255 et
1283 4191 1353 4272 ipse
1371 4190 1408 4253 in

307 4290 369 4357 huc
383 4294 488 4358 stadio
502 4301 656 4372 versatus,
670 4292 853 4377 symbolum
867 4296 1006 4379 aliquod,
1016 4302 1183 4378 utcunque
1197 4293 1360 4375 exiguum,
1371 4290 1407 4355 in

309 4413 480 4461 commune
494 4396 678 4460 Medicinae
694 4398 853 4461 aerenum
867 4397 1115 4462 contribuarcm.
1160 4395 1321 4461 Quocirca
1334 4402 1409 4475 post

311 4494 497 4561 diuturnam
519 4496 774 4576 meditationem,
797 4518 835 4562 ac
858 4498 1048 4582 diligentem
1066 4497 1229 4581 fidamque
1247 4516 1408 4562 annorum

312 4596 627 4681 uliquammultorum
645 4596 912 4677 observationem,
926 4600 1061 4664 tandem
1079 4599 1253 4684 aliquando
1272 4594 1408 4671 decrevi,

312 4700 412 4780 primo
437 4699 634 4765 sententiam
657 4716 764 4762 meam
785 4700 821 4762 in
844 4700 988 4765 medium
1010 4700 1162 4786 proferre,
1186 4722 1251 4784 qua
1275 4699 1410 4763 demum

312 4799 434 4867 ratione
455 4800 614 4867 Medendi
635 4798 768 4862 scientia
788 4800 924 4865 ulterius
945 4802 1123 4887 promoveri
1144 4800 1263 4886 possit3
1290 4789 1412 4862 deinde

862 4920 879 4963 c
