3825 5759
449 683 452 690 '
542 667 763 734 EPISTOLA
785 668 833 732 Π.
857 669 1184 736 RESPONSORIA.
1350 673 1419 735 325

314 829 397 894 'vires
412 830 621 911 animumque
637 827 752 904 addat3
775 827 863 892 unde
878 829 976 892 etiam
990 829 1120 894 Natura
1134 837 1228 895 tanto
1243 831 1334 895 oneri
1348 851 1419 895 suc-
1451 845 1494 892 De
1507 845 1566 893 Lus

314 933 500 1010 cumbente‚
527 929 616 993 haud
640 929 741 1012 pauci,
769 929 932 1012 spiritibus
959 939 1056 1014 atque
1082 933 1172 997 omni
1195 934 1281 998 vitae
1305 933 1420 998 robore
1435 909 1575 957 Vererer.

317 1034 508 1117 diaphoresi,
537 1031 793 1114 purgationibus,
824 1037 857 1094 et
886 1032 1017 1114 jejuniis
1046 1035 1250 1116 supervacuis
1282 1035 1421 1118 (praeter

317 1137 435 1198 vulnus
456 1133 496 1197 ah
518 1134 717 1217 hydrargyro
737 1132 918 1215 inflictum)
936 1134 1069 1198 tandem
1092 1136 1223 1219 penitus
1246 1137 1419 1216 exhaustis,

319 1237 436 1300 misere
466 1236 604 1301 confecti
633 1241 720 1300 sunt.
765 1236 922 1319 Persaepe
951 1236 1059 1315 etiam,
1084 1239 1198 1302 morbo
1223 1241 1292 1322 jam
1316 1240 1421 1323 pulso,

319 1359 416 1420 aeger
438 1360 476 1402 ca
498 1338 670 1422 spirituum
690 1337 781 1421 copia
801 1359 865 1421 qua
886 1344 956 1401 erat
977 1359 1058 1420 opus
1076 1339 1117 1403 ad
1137 1340 1422 1423 redintegrandam

320 1441 493 1505 sanitatem
511 1440 695 1517 destitutus,
711 1461 788 1523 prae
805 1439 1026 1503 imbecillitate
1043 1440 1182 1504 concidit
1191 1467 1201 1518 ;
1223 1449 1280 1505 aut
1298 1442 1422 1506 siforte

319 1543 498 1607 Libitinam
523 1543 626 1606 valeat
656 1542 808 1624 effugere,
834 1548 884 1606 tot
913 1541 1078 1624 tantisque
1103 1542 1299 1606 cruciatibus
1323 1543 1423 1606 vitam

319 1645 458 1723 redimit,
470 1652 507 1708 nt
522 1645 608 1708 tanti
621 1644 749 1708 nonsit
762 1643 882 1708 vivere:
909 1643 949 1708 de
972 1643 1088 1728 quibus
1102 1644 1205 1708 Poeta
1218 1664 1237 1708 e
1250 1643 1422 1708 neotericis

318 1749 407 1816 haud
421 1749 622 1833 ineleganter
632 1775 685 1814 :-

553 1879 569 1904 “
579 1877 698 1926 Graviore
708 1877 798 1924 morbis
810 1876 918 1940 patimur
928 1877 1048 1936 remedius

580 1957 633 2005 Nec
644 1957 695 2004 vita
705 1957 765 2006 tanti
777 1963 821 2016 est,
832 1957 913 2006 visere
925 1964 953 2006 ut
963 1959 1050 2022 possis,
1061 1959 1149 2007 mori.”

369 2071 453 2156 [38]
482 2070 547 2136 Hic
558 2070 713 2135 autemin
724 2077 877 2154 promptu
888 2077 936 2135 est
951 2070 1048 2136 istam
1063 2071 1279 2156 objectionem
1291 2072 1422 2151 diluere,
1438 2087 1520 2138 Quare

322 2175 406 2258 “qui
427 2175 464 2238 fit
484 2180 522 2238 ut
542 2173 692 2238 nonnulli
713 2174 774 2237 hoc
794 2173 908 2238 morbo
926 2174 1058 2254 (scilicet
1076 2175 1112 2238 in
1132 2183 1222 2240 statu
1243 2176 1313 2259 ejus
1327 2175 1423 2239 modo
1436 2153 1578 2265 ἓοὲξὲώο

321 2277 428 2360 dicto,)
442 2277 526 2340 male
539 2276 670 2362 multati
684 2277 719 2338 in
732 2277 871 2340 Galliam
885 2278 1096 2361 commigrare
1107 2285 1266 2362 cogantur
1280 2285 1318 2342 ut
1333 2278 1423 2342 abeo
1437 2283 1579 2358 ineassum

320 2379 499 2444 liberentur
507 2379 544 2442 ?”
568 2381 659 2463 cujus
674 2378 721 2442 rei
735 2379 819 2442 hanc
834 2399 902 2442 esse
917 2380 1076 2444 rationem
1096 2381 1268 2464 (quantum
1278 2381 1423 2464 judicare
1437 2361 1580 2473 ssfffi*

321 2481 474 2566 possum)
507 2480 663 2544 existimo.
711 2481 907 2562 Hujusmodi
936 2482 1050 2563 aegr'u,
1080 2483 1267 2547 oeconomia
1294 2483 1424 2546 illorum
1436 2483 1483 2523 ”²¹-

323 2603 492 2666 corporum
515 2604 623 2646 eversa
645 2603 682 2644 ac
695 2581 815 2645 viribus
834 2583 1011 2664 prostratis,
1034 2583 1120 2665 apud
1141 2606 1200 2648 nos
1223 2589 1278 2647 adr
1299 2605 1424 2648 crassus

323 2706 360 2748 ac
374 2684 527 2747 humidus
547 2683 756 2747 resarciendis
775 2683 884 2745 minus
898 2683 1033 2746 idoneus
1048 2691 1107 2761 est,
1123 2706 1199 2748 eum
1212 2685 1273 2748 iste
1290 2686 1424 2763 Galliae,

324 2793 437 2868 utpote
461 2785 516 2868 qui
540 2783 697 2848 salubrior
718 2805 755 2848 ao
782 2784 884 2866 magis
908 2805 1051 2862 serenus,
1072 2785 1202 2866 spiritus
1228 2787 1368 2869 corporis
1391 2793 1425 2849 et

324 2886 406 2950 vires
435 2885 615 2968 deperditas
649 2885 830 2948 instaurare
860 2891 954 2967 aptus
984 2885 1045 2962 sit3
1081 2906 1149 2948 non
1179 2886 1265 2968 quod
1287 2887 1426 2950 Praetici

326 2983 446 3051 ibidem
461 2986 625 3068 degentes,
640 2991 717 3048 utut
733 2985 820 3049 docti
834 2983 974 3066 quidem,
990 2984 1180 3047 methodum
1196 3007 1260 3068 qua
1273 2985 1326 3048 hic
1341 3006 1426 3049 mor·

325 3089 387 3153 bus
409 3087 533 3152 devinci
556 3086 665 3170 possit,
682 3087 796 3150 melius
817 3085 944 3164 callent,
961 3107 1059 3169 quam
1081 3107 1141 3150 nos
1160 3087 1214 3150 hic
1236 3087 1272 3149 in
1295 3087 1424 3169 Anglia.

327 3191 393 3257 Sed
406 3197 445 3254 ut
460 3190 502 3254 ad
516 3189 656 3254 diaetam
670 3195 820 3252 revertar.

326 3343 329 3355 .
374 3293 457 3378 [39.]
485 3291 642 3357 Existimo
656 3291 775 3375 itaque,
794 3291 839 3374 (et
854 3291 1050 3376 experientia
1066 3311 1193 3355 mecum
1212 3291 1311 3374 facit)
1329 3292 1425 3374 quod,

325 3405 453 3482 praeter
463 3397 628 3482 jusculum
643 3417 846 3474 avenaceum,
861 3397 1066 3480 paratellam,
1082 3397 1132 3460 lae
1146 3396 1377 3475 cerevisiatum,
1393 3403 1427 3462 et

327 3501 508 3566 cerevisiam
527 3507 661 3562 tenuem
682 3499 885 3582 tepefactam,
905 3505 978 3577 etc,
990 3498 1118 3582 juscula
1138 3498 1271 3582 insuper
1291 3521 1310 3562 e
1330 3520 1427 3563 carne

326 3603 471 3680 vitulina,
486 3601 658 3684 pullorum,
669 3607 766 3683 atque
781 3603 844 3665 alia
858 3601 1015 3685 ejusmodi
1029 3601 1065 3664 in
1078 3601 1231 3665 mediocri
1246 3601 1428 3684 quantitate

327 3725 424 3788 aegro
442 3712 475 3768 et
492 3704 615 3787 possint
632 3704 772 3784 concedi,
788 3711 821 3768 et
844 3703 1003 3782 debeant,
1027 3712 1124 3787 atque
1142 3711 1191 3783 ut,
1206 3703 1265 3767 ubi
1285 3705 1427 3787 primum

328 3827 468 3890 eousque
498 3806 676 3871 subsederit
706 3807 907 3890 gingivarum
928 3814 1038 3870 tumor
1060 3813 1098 3870 ut
1124 3807 1237 3870 dentes
1260 3827 1427 3870 conserere
1440 3821 1569 3871 Quaem-

327 3910 441 3988 raleat,
461 3909 693 3988 cuniculorum,
715 3909 886 3992 pullorum,
906 3930 1065 3992 agnorum
1087 3929 1208 3987 carnes,
1228 3915 1325 3990 atque
1342 3910 1426 3992 ejus·
1439 3899 1561 3996 ἓὲἓὲἓὲἓ

327 4011 417 4076 modi
430 4012 615 4090 teneriores,
631 4019 666 4076 at
686 4033 783 4095 parca
801 4034 912 4090 manu,
928 4011 995 4075 sint
1014 4009 1232 4093 indulgendae
1241 4035 1251 4086 ;
1272 4016 1311 4072 ut
1325 4010 1375 4072 vel
1391 4009 1428 4070 in
1439 4014 1514 4060 riores
1524 4013 1563 4059 in·

327 4115 412 4180 lecto
432 4135 465 4178 se
487 4115 661 4194 contineat,
683 4115 733 4178 vel
755 4114 796 4178 ad
817 4115 928 4197 ignem
949 4113 1068 4190 sedeat,
1083 4121 1179 4195 prout
1199 4111 1263 4175 hoc
1277 4112 1327 4174 vel
1347 4111 1429 4173 illud
1440 4077 1580 4203 ἓὲἓᾞ

327 4217 432 4298 magis
454 4217 628 4281 allubescat
654 4217 780 4280 animo:
811 4216 997 4280 cumcuim
1025 4215 1197 4297 ptyalismo
1226 4218 1429 4294 expugnetur

325 4319 384 4384 hic
406 4319 546 4398 morbus,
569 4340 637 4382 non
661 4318 851 4401 diaphoresi,
874 4315 1062 4380 hariolando
1086 4337 1155 4379 non
1178 4335 1250 4376 sum
1276 4334 1430 4396 quorsum

325 4441 435 4504 aeger,
450 4421 540 4484 nulla
552 4426 691 4502 urgente
705 4419 904 4496 necessitate,
920 4417 1022 4479 nimio
1037 4416 1140 4480 calore
1154 4421 1323 4479 mactetur.

380 4523 462 4607 [40]
490 4524 587 4587 Dicta
608 4521 780 4585 methodus
801 4520 852 4583 uti
873 4518 1050 4602 expeditior
1071 4525 1130 4596 est,
1151 4518 1238 4599 (cum
1255 4536 1362 4599 neque
1380 4521 1430 4580 tot
1443 4532 1512 4580 uae
1522 4548 1574 4581 me-

323 4626 400 4692 dies
423 4625 547 4710 corpori
570 4631 646 4688 ante
672 4621 891 4686 salivationem
916 4620 1136 4704 praeparando
1159 4617 1319 4682 inutiliter
1342 4596 1585 4722 ἰιιειι-ξὲἓὲἓὲξ

322 4727 476 4806 mendos,
491 4747 552 4790 nec
568 4725 753 4808 frequentes
772 4725 851 4788 istas
869 4722 1087 4808 purgationes,
1103 4727 1160 4785 aut
1182 4719 1314 4785 decocta
1330 4719 1432 4785 solen·
1445 4724 1525 4781 ditior,

322 4830 390 4898 nia
414 4837 487 4912 post
510 4828 740 4907 salivationem,
757 4827 860 4911 aegris
884 4825 1054 4910 imponat)
1078 4825 1126 4890 ite
1141 4823 1337 4888 certissimus
1362 4842 1435 4885 sum
