3825 5759
512 636 574 698 122
822 634 1017 698 ΤΗΟΜΑΕ
1042 634 1300 700 SYDENHAM

355 807 496 855 viriosas
510 794 551 858 ad
576 793 664 857 hunc
690 793 775 857 diem
800 796 948 877 pustulae
977 819 1059 880 quae
1081 799 1196 862 faciem
1220 799 1421 877 obsederant,
1443 799 1546 862 laeves
1568 798 1611 861 ad

356 871 497 983 ῗξζζζζὶ
510 904 633 963 tactum
647 897 737 961 fuere
752 904 848 980 atque
861 898 988 975 rubrae,
997 900 1065 981 jam
1079 920 1153 963 vero
1167 901 1340 982 asperiores
1355 900 1495 962 evadunt
1513 900 1612 981 (quod

356 1000 496 1079 Q
511 1002 641 1085 quidem
655 1001 796 1083 primum
805 1008 853 1065 est
867 1002 1050 1083 incipientis
1060 1002 1284 1064 maturationis
1298 1001 1475 1081 indicium)
1488 1008 1520 1063 et
1535 1001 1610 1063 sub-

511 1102 635 1167 albidae
643 1128 653 1180 3
674 1103 830 1186 paulatim
851 1104 983 1187 insuper
997 1125 1127 1167 succum
1150 1105 1310 1186 quendam
1323 1104 1458 1180 luteum,
1473 1103 1576 1166 colore
1590 1126 1612 1164 a

510 1206 582 1269 favo
601 1226 669 1269 non
691 1206 906 1284 abludentem,
922 1212 1084 1269 evomunt.
1129 1205 1235 1267 Faciei
1253 1205 1384 1267 interim
1400 1212 1433 1267 et
1454 1225 1612 1266 manuum

511 1308 721 1371 inflammatio
744 1308 784 1371 ad
806 1330 970 1372 summum
992 1314 1101 1371 evecta
1119 1307 1251 1391 apicem,
1268 1308 1406 1371 colorem
1425 1306 1554 1371 exhibet
1575 1307 1612 1369 in

512 1410 714 1494 pustularum
736 1411 917 1475 interstitiis
947 1410 1024 1473 satis
1053 1410 1212 1488 floridum,
1242 1418 1275 1473 et
1304 1430 1448 1473 rosarum
1477 1411 1612 1473 Damas·

512 1533 665 1576 ceuarum
687 1513 858 1576 aemulum.
903 1514 946 1576 Et
969 1534 1046 1577 sane
1068 1534 1132 1596 quo
1152 1513 1295 1577 mitiores
1317 1520 1393 1575 srmt
1411 1512 1559 1575 Variolae
1579 1520 1613 1575 et

513 1615 672 1698 genuinae
692 1615 804 1697 magis,
820 1636 858 1679 eo
875 1616 974 1678 etiam
993 1616 1096 1698 magis
1117 1622 1189 1678 turn
1210 1616 1297 1698 ipsae
1315 1616 1471 1698 pustulae,
1485 1621 1558 1677 tum
1579 1621 1616 1676 et

512 1717 595 1781 cutis
616 1717 652 1779 in
674 1718 849 1779 eaumdem
868 1717 1059 1795 interstitiis,
1075 1717 1197 1779 dictum
1216 1718 1354 1780 colorem
1375 1716 1416 1779 ad
1435 1717 1542 1779 vivum
1559 1736 1612 1778 ex·

512 1819 667 1902 primunt,
684 1818 810 1900 qualem
821 1818 890 1901 jam
908 1817 1069 1901 descripsi.
1115 1817 1174 1879 Uti
1196 1838 1270 1880 vero
1285 1837 1367 1899 quae
1384 1816 1499 1879 faciem
1520 1836 1611 1879 oocu-

512 1927 630 2003 parunt
659 1919 816 2003 pustulae,
851 1920 1023 2002 asperiores
1053 1916 1194 1999 quotidie
1227 1936 1265 1981 ac
1292 1915 1396 1997 magis
1428 1914 1527 1977 flavae
1553 1935 1613 1996 pro

513 2022 737 2087 matinationis
752 2022 876 2086 ratione
885 2048 894 2099 ;
916 2022 964 2084 ita
983 2042 1001 2084 e
1020 2027 1141 2097 contra,
1159 2041 1241 2103 quae
1262 2040 1377 2081 manus
1399 2025 1432 2081 et
1453 2018 1613 2099 reliquum

514 2145 638 2207 corpus,
652 2125 761 2187 minus
776 2145 904 2207 asperae
919 2124 1072 2207 albasque
1085 2123 1189 2205 magis
1203 2121 1442 2203 conspiciuntur
1455 2120 1568 2183 indies.

563 2227 624 2310 [5.]
652 2226 714 2290 Die
739 2225 909 2291 undecimo
931 2226 1025 2289 faciei
1046 2232 1155 2288 tumor
1180 2231 1276 2306 atque
1298 2222 1507 2285 inflammatio
1536 2222 1614 2285 satis

514 2334 623 2411 aperte
641 2326 806 2404 recedunt,
822 2334 855 2391 et
869 2327 1017 2410 pustulae
1031 2333 1099 2390 tam
1118 2326 1210 2389 faciei
1225 2346 1322 2408 quam
1335 2325 1450 2406 reliqui
1464 2325 1615 2406 corporis,

511 2430 579 2513 jam
593 2430 814 2493 maturitatem
836 2436 868 2492 et
879 2429 1002 2512 justam
1015 2427 1273 2510 magnitudinem
1287 2426 1429 2508 adeptae,
1448 2426 1541 2507 (quae
1561 2425 1613 2487 bis

515 2532 609 2595 aunis
631 2531 672 2594 ad
688 2532 794 2614 pisum
814 2532 1076 2615 grandimculum
1095 2530 1307 2611 mcendebat)
1325 2537 1513 2593 exarascsmt
1529 2529 1613 2591 deci-

516 2632 681 2716 drmtque;
704 2639 800 2715 atque
819 2634 854 2696 in
873 2633 933 2695 bac
950 2632 1154 2695 Variolarum
1168 2631 1272 2713 specie
1291 2630 1343 2692 die
1357 2630 1480 2693 decimo
1499 2636 1613 2711 quarto

515 2734 565 2797 vel
587 2734 710 2797 decimo
732 2734 845 2815 quinto
866 2740 904 2796 ut
925 2732 1101 2817 plurimum
1124 2732 1271 2795 funditus
1295 2738 1441 2815 pereunt.
1485 2732 1613 2794 Verun-

514 2840 625 2899 tamen
638 2854 795 2923 manuum
814 2833 972 2916 pustulae,
987 2841 1184 2896 caeterarum
1202 2835 1344 2916 partium
1359 2834 1496 2917 pustulis
1515 2835 1612 2917 perti·

514 2935 657 2999 naciores
677 2934 874 3017 plerumque,
889 2939 1033 2996 recentes
1053 2932 1157 2995 adhue
1176 2932 1338 3015 albaeque,
1354 2934 1418 2997 diei
1439 2934 1536 2997 unius
1556 2942 1613 2997 aut

514 3038 644 3101 alterius
659 3057 749 3099 mora
770 3036 839 3099 illas
853 3036 997 3099 vincsmt.
1043 3036 1148 3100 Faciei
1162 3043 1196 3100 et
1217 3038 1332 3121 reliqui
1345 3040 1484 3121 corporis
1501 3046 1612 3122 pustu-

513 3140 564 3203 lae
586 3138 856 3221 desquamationc,
881 3144 914 3200 at
938 3158 1012 3200 vero
1042 3160 1199 3201 manuum
1221 3160 1302 3220 quae
1324 3146 1410 3217 sunt,
1431 3140 1613 3223 diruptione

514 3238 639 3302 abitum
668 3238 730 3301 sibi
757 3242 882 3320 parant.
927 3237 1069 3301 Pustulis
1102 3238 1195 3301 faciei
1224 3240 1399 3303 succedunt
1428 3242 1612 3324 squamulae

514 3341 720 3419 firrfrrraceae,
740 3362 818 3423 quas
841 3340 1012 3423 aliquando
1031 3342 1193 3423 excipiunt
1216 3342 1324 3405 foveae
1343 3344 1436 3407 cutis.
1481 3345 1612 3408 Etenim

514 3443 573 3510 ubi
593 3443 733 3526 primum
757 3442 908 3505 decidunt
924 3441 1083 3523 pustulae,
1108 3442 1199 3505 nulla
1224 3442 1328 3506 adhuc
1350 3444 1387 3505 in
1411 3451 1485 3508 cute
1511 3446 1611 3509 cerni-

514 3554 569 3611 tur
589 3545 797 3629 inaequalitas
805 3570 815 3623 3
838 3552 963 3609 atvero
982 3542 1167 3626 hujusmodi
1188 3543 1362 3625 squamulis
1385 3546 1613 3628 exurgentibus

514 3646 800 3728 recedentibusque
829 3644 978 3721 vicissim,
1007 3644 1140 3708 tandem
1172 3653 1364 3708 excaventur
1396 3646 1505 3711 foveae
1532 3648 1612 3710 istae

515 3772 596 3833 quae
621 3769 848 3831 saepenumero
876 3748 912 3809 in
937 3745 1228 3811 convalescentibus
1257 3746 1297 3810 ab
1326 3748 1388 3811 hoc
1415 3750 1528 3813 morbo
1556 3751 1612 3811 diu

514 3852 681 3916 visuntur:
705 3850 848 3932 quamvis
867 3869 938 3911 raro
953 3848 1127 3911 admodum
1141 3848 1290 3911 Variolae
1304 3849 1531 3913 Interstinctae
1547 3849 1612 3911 ulla

516 3953 565 4015 sui
587 3953 735 4035 linquant
754 3950 897 4033 vestigia,
921 3956 1018 4032 atque
1037 3949 1111 4013 illae
1129 3949 1230 4012 ferme
1252 3950 1347 4028 solae,
1365 3973 1447 4033 quae
1465 3972 1521 4014 sex
1539 3972 1610 4033 pos·

514 4055 625 4119 tremis
649 4055 726 4119 anni
747 4052 911 4117 mensibus
940 4052 1083 4115 invasere
1094 4078 1103 4129 ;
1136 4072 1211 4115 cum
1239 4073 1320 4134 quae
1348 4052 1407 4115 hos
1435 4060 1610 4136 praeverte-

514 4152 714 4235 rint,'nullas
736 4156 803 4219 cuti
822 4160 914 4219 notas
933 4154 1121 4236 imprimant
1139 4153 1203 4216 nisi
1227 4153 1310 4217 forte
1329 4156 1551 4234 confluxerint,
1574 4162 1612 4218 ut

516 4266 627 4341 postea
646 4258 680 4343 [q
699 4256 765 4339 lO.]
789 4256 922 4319 dicetur.
969 4255 1169 4318 Decurrente
1188 4255 1301 4318 morbo
1324 4257 1423 4333 omni,
1445 4278 1541 4339 aeger
1562 4258 1613 4320 vel

516 4360 730 4443 constipatam
744 4378 872 4442 prorsus
886 4356 985 4420 habet
1000 4356 1116 4434 alvum,
1129 4356 1180 4419 vel
1192 4356 1307 4419 saltem
1316 4358 1478 4421 rarissime
1493 4359 1611 4442 dejicit.

516 4460 627 4542 Atque
641 4461 720 4524 haec
734 4460 774 4524 de
789 4458 927 4523 Variolis
943 4458 1099 4522 Discretis
1114 4457 1200 4521 dicta
1214 4466 1321 4522 sunto.

362 4570 493 4647 emensa·
569 4562 629 4645 [6.]
658 4564 688 4624 2.
714 4562 936 4645 Symptomata
961 4582 1036 4624 cum
1058 4560 1212 4623 Discretis
1241 4560 1425 4623 communia
1452 4560 1550 4624 habet
1579 4568 1612 4624 et

361 4635 487 4751 qqqnhn-
514 4662 570 4725 illa
577 4662 780 4725 Variolarum
792 4663 911 4745 species
923 4684 1001 4745 quas
1013 4662 1203 4743 Confluentes
1210 4662 1447 4745 appellavimus,
1456 4664 1520 4725 nisi
1528 4662 1613 4745 quod

515 4765 569 4829 hic
583 4765 739 4830 atrociora
750 4764 815 4828 sint
831 4764 940 4829 omnia
947 4790 957 4840 ;
980 4764 1077 4827 febris
1092 4764 1221 4845 scilicet,
1238 4765 1391 4845 anxietas,
1400 4774 1497 4849 atque
1512 4766 1612 4847 aegri-
