3825 5759
471 1416 779 1509 ΤΗΟΜΑΕ
832 1418 1251 1511 SYDENHAM

564 1608 812 1724 relevares
839 1647 897 1723 ou
924 1646 1159 1723 couleur.

353 1857 491 1922 Paoovn
506 1857 605 1923 dubio
622 1858 841 1924 aestimabunt
857 1858 1006 1924 homines
1020 1858 1072 1923 vel
1089 1856 1191 1923 morbi
1208 1857 1249 1922 de
1264 1878 1328 1941 quo
1343 1855 1410 1939 agi·

308 1980 382 2025 mus
396 1967 548 2025 naturam
562 1958 734 2041 δυσνόητον
748 1983 786 2027 ac
807 1962 874 2026 fere
892 1961 1250 2045 incomprehensibilem
1265 1980 1344 2038 esse,
1359 1959 1411 2023 vel

308 2083 372 2141 me,
385 2084 480 2145 quem
491 2065 562 2148 jam
576 2064 616 2129 ab
632 2064 726 2128 annis
737 2064 873 2147 triginta
888 2062 1047 2147 quatuorl
1056 2062 1191 2142 vexavit,
1206 2062 1331 2146 ingenii
1344 2068 1411 2126 tar·

309 2164 432 2229 dissimi
458 2186 496 2230 ac
517 2187 647 2250 prorsus
672 2166 809 2245 bebet'm,
833 2187 909 2231 cum
927 2188 1019 2231 meae
1040 2172 1111 2231 tam
1136 2166 1177 2231 de
1202 2166 1271 2249 ipso
1297 2164 1412 2229 morbo

309 2268 458 2351 quamde
473 2270 542 2352 ejus
557 2270 724 2334 curatione
739 2268 977 2334 observationes
991 2269 1039 2334 ita
1052 2291 1168 2353 parum
1182 2268 1266 2333 votis
1278 2288 1411 2351 respon-

309 2368 420 2435 deant.
463 2370 550 2435 Utut
565 2378 726 2435 tamense
741 2392 793 2435 res
807 2370 936 2449 habeat,
953 2392 1013 2454 ego
1031 2370 1118 2435 bona
1137 2371 1252 2434 saltem
1266 2370 1331 2433 fide
1344 2376 1411 2433 tra·

309 2468 384 2533 dam
407 2492 488 2554 quae
507 2472 665 2537 hactenus
687 2473 800 2537 rescivi
822 2473 952 2551 omnia3
976 2472 1181 2537 difficultates
1207 2471 1411 2555 salebrasque

308 2573 373 2638 sive
390 2575 550 2639 rationem
567 2575 672 2640 morbi
689 2575 800 2659 ipsius,
822 2576 887 2639 sive
909 2576 1084 2639 curationis
1105 2574 1306 2653 methodum,
1322 2594 1411 2657 spec-

307 2682 426 2756 tantes,
442 2678 601 2762 Temperi,
618 2678 694 2741 duci
712 2678 866 2756 veritatis,
886 2676 1078 2741 evincendas
1096 2676 1411 2761 complanandasque

306 2778 502 2861 relinquens.
780 2773 784 2779 ’

358 2880 419 2963 [2.]
446 2879 594 2962 Podagra
613 2900 667 2943 eos
688 2880 866 2963 plerunque
889 2900 982 2944 senes
1003 2880 1137 2958 invadit,
1153 2878 1219 2963 qui,
1238 2884 1410 2963 postquam
1424 2886 1566 2965 Quosprw

307 2983 456 3047 meliores
477 2984 561 3047 vitae
584 2982 651 3047 dies
670 2983 798 3047 mollius
821 3004 857 3047 ac
880 2982 1048 3047 delicatius
1061 2982 1289 3066 transegerint,
1308 2984 1410 3067 epulis
1422 2966 1564 3065 iffiffl

307 3085 510 3165 lautioribus,
525 3086 610 3165 uuo,
627 3086 761 3169 aliisque
782 3086 961 3169 liquoribus
976 3086 1166 3170 spirituosis,
1180 3085 1345 3151 liberalius
1360 3086 1410 3151 in-
1423 3091 1505 3143 Ψ·

309 3187 488 3272 dulgentes,
500 3188 634 3253 tandem
647 3187 688 3252 ob
703 3188 877 3271 pigritiam,
890 3188 1006 3252 aetatis
1020 3188 1272 3271 ingravescentis
1287 3209 1412 3272 semper

308 3290 469 3370 comitem,
494 3312 534 3355 ea
562 3290 701 3375 corporis
724 3290 874 3354 exercitia
899 3291 1029 3373 penitus
1055 3290 1192 3354 omisere
1217 3290 1335 3374 quibus
1356 3291 1409 3374 ju-

308 3413 404 3456 venes
428 3399 642 3457 assueverant.
688 3392 742 3457 Ad
761 3392 851 3473 haec,
871 3393 928 3457 isti
951 3394 1008 3477 qui
1026 3392 1103 3457 huic
1120 3392 1234 3457 morbo
1252 3398 1331 3457 sunt
1352 3392 1409 3457 ob·

308 3494 406 3573 noxii,
422 3495 531 3559 cronia
551 3494 675 3559 habent
697 3495 945 3579 grandiuscula;
967 3495 1083 3560 habitu
1097 3495 1237 3579 corporis
1255 3502 1294 3561 ut
1309 3495 1410 3579 plun'·

307 3618 400 3660 mum
411 3604 488 3661 sunt
499 3597 645 3681 pleniori,
655 3597 799 3677 humido,
812 3606 846 3662 et
856 3598 929 3662 lano
937 3624 947 3676 ;
964 3604 998 3662 et
1008 3597 1274 3663 constitutionem
1284 3596 1408 3663 habent

309 3720 421 3765 omnes
435 3700 655 3764 luxuriantem
668 3700 878 3784 virosamque,
895 3700 1055 3766 ditissima
1072 3707 1169 3785 atque
1189 3700 1312 3785 optima
1324 3700 1409 3767 vitae

309 3802 458 3867 stamina.

357 3904 418 3988 [3.]
445 3904 525 3968 Non
546 3904 633 3987 quod
654 3904 802 3989 Podagra
823 3927 878 3972 eos
900 3908 1006 3973 solum
1026 3907 1202 3986 adoriatvu,
1223 3906 1280 3990 qui
1301 3928 1407 3972 crasso

308 4010 343 4069 et
365 4005 554 4089 corpulento
574 4004 690 4069 habitu
717 4006 890 4087 donantur,
913 4030 989 4073 cum
1009 4008 1184 4092 aliquando
1209 4008 1307 4071 etiam
1334 4008 1407 4090 (etsi

306 4107 433 4190 rarius)
466 4107 598 4190 graciles
628 4128 665 4172 ac
693 4110 883 4174 macilentos
911 4110 1064 4189 invadat,
1101 4130 1208 4192 neque
1237 4108 1324 4191 quod
1351 4109 1407 4172 hic

307 4209 439 4273 morbus
461 4210 497 4272 in
526 4210 676 4273 omnibus
699 4212 826 4274 senium
847 4213 1078 4295 praestoletur:
1102 4210 1296 4299 quandoque
1318 4209 1406 4272 enim

308 4312 407 4375 etiam
421 4317 527 4376 aetate
540 4312 691 4377 florentes
706 4312 846 4395 corripit,
863 4314 987 4396 quoties
998 4314 1118 4379 scilicet
1128 4311 1289 4377 infoelicia
1302 4309 1408 4375 morbi

306 4414 433 4477 semina
447 4414 667 4498 aparentibus
683 4414 774 4497 quasi
793 4436 831 4477 ex
850 4414 983 4481 traduce
1003 4416 1184 4498 acceperint
1192 4440 1203 4493 3
1225 4414 1285 4491 vel,
1300 4413 1328 4477 si
1344 4413 1407 4478 hoc

308 4537 376 4580 non
396 4517 504 4595 fuerit,
524 4516 713 4581 immodicae
728 4516 850 4581 Veneri
866 4517 1102 4601 praematurius
1123 4516 1329 4595 indulserint,
1348 4522 1407 4581 aut

309 4618 467 4683 exercitiis
486 4619 618 4684 omnino
635 4618 856 4698 valedixerint,
872 4618 989 4703 quibus
1007 4618 1097 4703 prius
1119 4620 1218 4684 etiarn
1236 4619 1408 4684 vehemen-

341 4792 352 4817 ¹
369 4786 408 4836 ef.
419 4790 521 4837 Procear.
533 4750 580 4836 lat.
592 4803 613 4837 e.
626 4789 665 4838 61.
944 4794 953 4819 ³
971 4788 1048 4837 Deest
1061 4791 1156 4837 Eleacll.
1167 4790 1223 4837 Ber.
1234 4789 1260 4837 in
1271 4789 1309 4837 ed.
1321 4791 1368 4837 ’sa

342 4850 354 4883 θ
372 4852 410 4899 Cf.
422 4852 464 4901 ins.
477 4854 489 4913 i
503 4853 549 4909 713
566 4854 642 4914 Epist.
654 4856 762 4917 Respom.
774 4856 795 4901 1.
807 4855 819 4913 ὅ
834 4855 855 4902 l.

831 4934 889 4995 de
