3825 5759
518 672 585 733 410
822 667 1018 732 'PHOMAE
1041 667 1302 730 SYDENHAM

375 844 417 893 Da
430 845 498 894 Por>-
518 830 654 895 tioribua
682 829 877 907 utebantnr;
915 828 1077 893 edaciores
1104 828 1239 913 insuper
1266 829 1387 893 fuerint
1415 837 1450 894 et
1479 831 1657 915 liquores

366 924 507 990 ffl-
520 932 706 1015 spirituosos
723 931 966 995 immoderatius
982 930 1160 1009 hauserint,
1182 938 1294 1015 postea
1315 930 1491 1015 derepente
1525 936 1580 999 ad
1610 936 1656 998 li·

521 1057 635 1119 quores
649 1042 764 1099 tenues
778 1042 811 1098 et
825 1035 1053 1117 refrigerantes
1068 1056 1103 1097 se
1116 1034 1324 1097 contulerint.

366 1144 485 1221 niveam
570 1138 630 1221 [4.]
660 1137 695 1200 Si
710 1159 805 1221 quem
819 1158 887 1201 non
905 1138 968 1200 uisi
985 1138 1056 1221 jam
1078 1137 1168 1201 senio
1187 1136 1371 1201 confectum
1387 1138 1544 1221 primum
1561 1139 1654 1203 ado·

367 1226 632 1336 {ffmffffineriatua
656 1260 823 1323 nunquam
846 1248 959 1323 postea
981 1240 1032 1303 vel
1054 1248 1123 1303 tam
1149 1247 1250 1302 statas
1271 1238 1370 1303 babet
1391 1240 1566 1323 periodos,
1593 1243 1653 1306 rel

367 1339 589 1405 wbiectbettam
614 1343 800 1409 immaniter
817 1343 927 1421 saevit,
955 1342 1101 1427 quamsi
1120 1342 1284 1425 juniorem
1306 1344 1511 1425 occupaverit
1521 1370 1535 1421 ;
1564 1352 1650 1407 turn

367 1410 507 1517 31&qu
521 1444 607 1529 qnod
621 1446 688 1509 vita
698 1452 735 1508 ut
750 1445 926 1529 plurimum
937 1444 1076 1508 elabitur
1089 1452 1265 1528 antequam
1275 1444 1407 1508 morbus
1417 1446 1650 1509 natsrralibus

521 1548 744 1633 symptomatis
770 1547 907 1631 stipatus
927 1547 970 1611 ad
993 1546 1099 1627 ἀκμήν
1116 1548 1308 1631 pervenerit,
1330 1556 1404 1611 tum
1425 1548 1530 1611 etiam
1558 1550 1648 1633 quia

521 1650 626 1713 calore
641 1650 749 1713 nativo
764 1656 797 1713 et
812 1650 919 1731 vigore
934 1649 1074 1731 corporis
1088 1649 1280 1727 imminutis,
1292 1670 1352 1712 uec
1366 1650 1414 1713 ita
1423 1650 1559 1733 jugiter
1575 1673 1647 1715 nec

520 1752 727 1816 vehementer
747 1752 783 1814 in
803 1752 955 1815 articulos
978 1752 1115 1835 displodi
1136 1759 1253 1835 potest.
1296 1753 1343 1815 At
1361 1752 1502 1835 siquem
1517 1762 1644 1818 matu·

520 1855 588 1918 rius
606 1855 749 1933 lacessat,
768 1856 913 1937 quamvis
932 1876 993 1919 nec
1015 1856 1125 1919 sedem
1148 1856 1255 1919 adbuc
1277 1856 1367 1939 ligat,
1390 1876 1453 1920 nec
1475 1878 1560 1921 enm
1588 1860 1644 1921 ita

521 1958 606 2019 male
629 1964 756 2033 tractet,
784 1956 840 2019 scd
863 1958 988 2020 incerta
1015 1958 1147 2041 periodo
1175 1980 1234 2041 pro
1266 1958 1344 2022 data
1372 1980 1452 2022 ansa
1479 1960 1641 2043 ingruat,

522 2059 635 2123 leviter
654 2058 696 2121 ad
719 2079 837 2141 paucos
857 2059 926 2123 dies
947 2066 1112 2143 torquens,
1128 2068 1162 2125 et
1183 2060 1275 2124 nulla
1295 2060 1449 2127 methodo
1467 2063 1643 2127 invadens

522 2162 739 2245 recedensque
743 2188 753 2239 3
770 2163 890 2225 sensim
900 2171 1130 2243 temencastra
1139 2172 1291 2243 metatur,
1300 2165 1407 2247 legem
1417 2164 1480 2228 sibi
1488 2187 1638 2247 ponens,

523 2272 701 2348 typumque
720 2264 948 2347 praeformans,
966 2274 1036 2330 tam
1060 2266 1166 2349 quoad
1191 2268 1270 2331 anni
1292 2276 1422 2351 tempus
1446 2288 1512 2349 qno
1533 2289 1639 2333 arma

524 2367 697 2449 quotamris
715 2366 865 2445 movebit,
885 2389 984 2451 quam
1002 2370 1109 2451 quoad
1130 2370 1312 2453 paroxysmi
1334 2370 1560 2433 durationem:
1586 2370 1635 2434 ad

522 2469 611 2547 haec,
627 2468 764 2532 ferocius
779 2492 876 2553 quam
891 2471 997 2553 primo
1010 2472 1136 2534 insultu
1150 2471 1376 2535 debacchatur.

572 2571 632 2655 [5.]
660 2572 711 2635 De
735 2572 797 2636 boc
822 2573 935 2637 morbo
960 2574 1040 2636 dum
1063 2574 1112 2637 ita
1135 2574 1282 2656 regulam
1304 2580 1484 2657 typumque
1508 2580 1629 2651 servat,

523 2672 602 2738 libet
622 2674 726 2758 primo
744 2674 915 2754 dissererc;
938 2684 1052 2759 postea
1068 2676 1109 2740 de
1131 2676 1275 2759 ejusdem
1295 2674 1525 2759 phaenomeuis
1545 2694 1627 2737 ano-

522 2776 616 2839 malis
645 2786 742 2861 atque
770 2778 1007 2857 incertioribus,
1037 2780 1162 2862 quoties
1192 2779 1314 2842 scilicet
1342 2778 1393 2843 vel
1421 2784 1623 2861 praepostero

521 2878 747 2944 inidoneorum
776 2882 1085 2946 medicamentorum
1115 2903 1179 2944 usu
1206 2880 1248 2945 de
1277 2888 1366 2943 statu
1393 2901 1454 2944 suo
1480 2878 1622 2962 dejectus

522 2980 596 3060 fuit,
611 2983 662 3046 vel
683 2983 725 3047 ob
744 2982 880 3068 subjecti
892 2984 1097 3063 ,debilitatem
1118 2990 1152 3047 et
1172 2984 1365 3065 languorem
1386 2982 1428 3046 ad
1448 2981 1576 3065 propria
1588 2987 1623 3043 et

371 3093 501 3144 onorem.
524 3086 667 3167 genuina
688 3094 905 3171 symptomata
929 3088 1043 3171 nequit
1065 3106 1241 3168 assurgere.
1286 3084 1422 3150 Quoties
1443 3085 1554 3167 itaque
1574 3104 1623 3146 rc·

345 3167 512 3279 ,bordsiar-
525 3188 645 3269 gtssaris
673 3194 723 3251 est
753 3189 909 3271 Podagra,
940 3189 1002 3253 boc
1030 3190 1097 3253 fere
1130 3188 1227 3252 modo
1260 3208 1394 3270 aegrum
1426 3186 1623 3269 aggreditur.

368 3302 476 3363 agrage-
525 3290 682 3353 Januario
711 3298 859 3368 exeunte,
884 3298 941 3354 aut
966 3292 1141 3375 incipiente
1171 3290 1356 3369 Februario,
1386 3288 1561 3373 derepente
1590 3296 1624 3351 et

369 3352 513 3479 fflffig
524 3392 616 3455 nulla
636 3392 703 3454 fere
723 3394 948 3473 praesensione
970 3394 1181 3458 antecedente
1202 3394 1337 3476 ingruit,
1356 3392 1420 3456 nisi
1441 3392 1528 3475 quod
1549 3412 1625 3456 ven·

370 3481 486 3543 ΜΨ·
524 3493 633 3555 triculi
655 3492 814 3559 cruditate
837 3502 934 3577 atque
955 3494 1087 3583 ἀπεψίᾳ
1106 3496 1148 3559 ad
1169 3496 1365 3579 septimanas
1387 3495 1510 3578 aliquot
1531 3514 1628 3576 aeger

371 3608 504 3683 Quoords
524 3594 726 3673 laboraverit,
747 3598 887 3678 corporis
909 3597 1039 3681 insuper
1060 3600 1311 3662 intumescentia
1331 3598 1422 3681 quasi
1439 3604 1573 3661 ventosa
1593 3604 1627 3660 et

371 3678 511 3799 {figffii‘lff
526 3698 693 3779 gravitate,
709 3720 791 3781 qnae
812 3698 915 3763 indies
938 3708 1077 3782 augetur
1094 3702 1197 3766 donec
1218 3701 1352 3765 tandem
1366 3700 1500 3764 detonet
1514 3720 1625 3783 paror·

371 3801 655 3884 ts1³131⁸01¹⁰·ysmus;
678 3822 774 3885 quem
801 3803 911 3885 paucis
934 3802 1047 3866 diebus
1068 3806 1171 3886 praeit
1194 3812 1306 3887 torpor
1324 3810 1358 3866 et
1377 3804 1469 3886 quasi
1490 3804 1623 3866 flaturum

370 3880 513 3978 milii
526 3902 698 3967 descensus
719 3924 777 3987 per
798 3905 959 3969 femorum
980 3926 1102 3983 carnes,
1117 3927 1193 3969 cum
1215 3906 1385 3970 affectione
1406 3899 1626 3983 σπασμοειδεῖ,

372 3993 410 4041 ⁸³¹*
525 4006 718 4071 tumeliam
741 4007 843 4091 pridie
865 4008 1048 4093 paroxysmi
1069 4010 1231 4092 appetitus
1252 4006 1404 4084 voracior,
1427 4027 1495 4070 nou
1515 4014 1627 4069 tamen

374 4123 495 4189 Puoxys-
525 4111 693 4175 naturalis.
740 4111 846 4177 Sanus
872 4112 955 4175 lecto
981 4132 1158 4195 somnoque
1183 4110 1399 4175 committitur
1405 4136 1417 4189 ς
1447 4109 1529 4173 hora
1552 4128 1627 4171 vero

371 4204 496 4315 ῗζζξξζ
527 4214 668 4279 secunda
693 4224 766 4301 post
794 4214 934 4279 mediam
959 4222 1088 4277 noctem
1113 4215 1316 4278 excitatura
1341 4212 1452 4276 dolore
1479 4210 1628 4295 pollicem

374 4320 491 4383 pingitur.
526 4322 616 4406 pedis
639 4328 677 4385 ut
700 4321 876 4405 plurimum
901 4327 1090 4401 occupante,
1114 4319 1307 4402 quandoque
1330 4338 1406 4382 vero
1430 4316 1628 4394 calcaneum

526 4446 645 4501 suram,
662 4432 718 4487 aut
733 4423 846 4485 talum.
893 4420 959 4484 Hic
980 4420 1072 4485 dolor
1090 4442 1166 4484 eum
1187 4420 1286 4485 refert
1307 4420 1364 4503 qui
1385 4419 1508 4483 ossium
1526 4418 1629 4481 dicto·

526 4547 599 4588 rum
614 4524 855 4588 dislocationem
870 4525 1053 4602 comitatur,
1068 4545 1143 4587 cum
1158 4545 1256 4587 sensu
1270 4523 1363 4607 quasi
1382 4544 1485 4605 aquae
1499 4528 1629 4586 tantum

527 4648 593 4688 non
608 4626 743 4707 frigidae
757 4626 857 4709 partis
878 4626 1012 4691 affectae
1033 4626 1230 4691 membranis
1250 4626 1381 4689 effusae.
1427 4624 1509 4688 Mox
1523 4622 1629 4705 sequi·

526 4736 581 4790 tur
596 4726 681 4808 rigor
696 4748 770 4789 cum
785 4727 916 4792 horrore
930 4737 964 4791 et
979 4728 1214 4792 febricitatione
1229 4726 1370 4811 aliquali.
1401 4726 1504 4789 Dolor
1517 4732 1628 4789 autem

526 4830 579 4893 hic
594 4829 697 4911 primo
712 4830 871 4895 remissior
889 4832 1049 4915 gradatim
1064 4830 1255 4909 intenditur,
1274 4832 1320 4912 (et
1341 4830 1411 4913 pari
1429 4849 1527 4911 passu
1540 4828 1629 4910 rigor
