3825 5759
530 638 596 701 520
676 635 781 701 ΤΗΟ.
808 634 1068 701 SYDENHAM
1092 634 1253 702 sellun.
1277 634 1440 700 MONI'P.
1464 636 1514 699 11.
1746 465 1754 646 i

378 810 449 863 Dal?
674 794 776 859 Misce;
799 797 847 849 liat
870 796 956 865 pulvis
978 795 1175 859 subtilissimus,
1198 796 1276 865 cujus
1303 796 1392 863 capiat
1415 793 1643 848 aamidraohmam
1751 707 1757 864 i

387 878 510 927 ΡυτΙΙῠΔ
673 883 753 935 tertia
768 898 873 957 quaque
884 882 949 935 hora
961 899 996 935 ex
1007 881 1137 936 cochleari
1148 898 1202 935 nno
1215 881 1312 952 Syrupi
1329 881 1363 935 de
1381 881 1539 952 symphyto,
1549 899 1644 953 super·

375 943 516 1021 Q...
674 968 949 1022 bibendccoclrlearia
961 977 1076 1039 quatuor
1088 968 1129 1020 vel
1140 968 1260 1039 quinque
1267 967 1367 1037 julapii
1378 968 1512 1037 sequentis
1524 990 1570 1021 :-

533 1106 636 1173 [Form.
651 1107 741 1172 116.]·
766 1104 798 1183 R,
817 1108 910 1177 Aquae
923 1108 1101 1177 Plantcginis,

818 1193 940 1265 [Aquae]
955 1194 1113 1247 Germinum
1126 1192 1256 1257 Quercus,
1267 1208 1321 1247 ana
1331 1192 1424 1246 undas
1436 1200 1498 1256 uas,

813 1282 907 1349 Aquae
920 1281 1093 1334 cinnamomi
1106 1276 1259 1333 Hordeatae
1271 1280 1365 1333 uncias
1377 1277 1452 1343 duaa,

814 1366 911 1437 Syrupi
924 1367 957 1421 de
970 1364 1048 1421 Rosia
1060 1366 1145 1419 Siccis
1156 1364 1264 1419 unciam
1276 1383 1368 1429 unam,
1382 1361 1389 1371 '

814 1452 928 1523 Spiritus
952 1454 1060 1506 Viuioli
1090 1452 1267 1521 quantitatem
1290 1452 1463 1505 sufficientem
1488 1452 1523 1506 ad
1552 1454 1639 1509 levem

849 1538 1019 1601 auiditatem

672 1626 797 1699 [Misce]

529 1776 666 1842 Interim
693 1774 827 1859 singulis
851 1770 1002 1836 noctibus
1027 1768 1249 1854 paregoricum
1271 1770 1503 1857 praescriptum
1530 1776 1638 1857 propi.

528 1874 634 1943 netur.
679 1876 884 1941 Emulsionea
899 1874 978 1936 item
993 1892 1033 1935 ex
1049 1878 1185 1955 quatuor
1200 1872 1376 1937 seminibus
1396 1873 1521 1958 frigidis
1534 1877 1638 1959 majo·

527 1962 640 2059 ribus‘,
660 2001 734 2043 curn
757 1974 933 2041 seminibus
955 1974 1118 2059 papaveris
1141 1972 1216 2052 albi,
1236 1996 1430 2058 magnopere
1453 1978 1636 2042 conferunt.

529 2066 682 2147 Cessante
711 2102 787 2145 vcro
815 2075 1070 2159 haemorrhagin,
1093 2074 1215 2160 reliqua
1242 2097 1300 2160 per
1329 2078 1501 2143 decursum
1529 2080 1638 2145 morbi

529 2191 666 2267 agantur
690 2176 786 2265 prout
812 2178 848 2243 in
879 2178 1075 2242 Variolorum
1100 2178 1204 2261 capite
1233 2178 1374 2263 [Obacrc.
1398 2180 1487 2244 Med.
1510 2180 1556 2245 iii.
1581 2182 1632 2267 2.]

528 2286 677 2351 traditur.

578 2388 661 2472 [14.]
681 2386 865 2469 Antequam
881 2382 980 2447 linem
993 2382 1118 2461 faciam,
1133 2382 1195 2447 hoc
1210 2384 1358 2467 adjiciam
1366 2411 1376 2463 3
1397 2386 1491 2469 quod,
1507 2390 1636 2471 quoties

529 2490 674 2573 guttulas
706 2488 827 2571 aliquot
856 2486 1003 2550 mamni
1038 2485 1168 2569 Liquet
1203 2486 1405 2570 usurpandas
1440 2482 1635 2572 praescribo,

529 2594 722 2683 ¹Iaaudanum
751 2612 842 2654 meae
871 2588 1091 2673 descriptionis
1119 2588 1276 2673 intelligo,
1306 2590 1399 2673 cujus
1430 2590 1569 2657 formula
1597 2594 1635 2659 in

528 2693 610 2784 libro
631 2701 743 2758 nostro
767 2692 819 2756 De
842 2691 965 2755 Mardis
987 2692 1109 2769 Aratis,
1130 2690 1234 2773 capite
1257 2689 1297 2755 de
1316 2691 1503 2772 verauera
1528 2694 1582 2777 [iv.
1599 2698 1633 2760 3.

530 2798 596 2881 la]
622 2792 761 2863 habetur
769 2819 779 2874 5
802 2800 835 2857 et
858 2792 944 2877 quod
965 2792 1121 2874 Syrupam
1141 2792 1180 2865 de
1198 2790 1342 2855 Mecocio
1361 2792 1454 2857 illum
1475 2794 1556 2875 volo,
1577 2799 1634 2880 qui

527 2901 697 2967 conticitum
725 2920 765 2965 cx
792 2896 897 2962 unciis
927 2894 1168 2979 quatuordecim
1201 2895 1342 2979 capitum
1373 2899 1537 2981 papaveris
1566 2901 1633 2965 albi

526 2992 610 3066 bene
632 3002 833 3078 siccatorum,
856 3006 889 3063 et
914 2998 998 3081 (post
1026 2996 1276 3063 macerationem
1298 2996 1333 3061 in
1353 3019 1455 3081 aquae
1477 3000 1633 3067 fontanae

526 3104 615 3167 libris
656 3092 728 3167 octo
761 3100 803 3165 ad
839 3100 935 3165 horas
973 3096 1089 3181 viginti
1126 3096 1287 3182 quatuor,)
1320 3099 1420 3181 probe
1455 3108 1632 3182 coctorum,

422 3280 425 3289 1
511 3204 602 3287 'dein
632 3222 852 3287 expressorum
880 3222 977 3284 quam
1004 3185 1195 3291 fortissime,
1226 3221 1363 3283 quorum
1388 3200 1548 3267 colatmae
1573 3204 1631 3267 ad-

526 3306 650 3369 duntur
674 3302 815 3368 sacchari
837 3301 951 3366 unciae
976 3300 1091 3383 viginti
1111 3298 1256 3384 quatuor,
1281 3309 1314 3365 et
1339 3301 1375 3363 in
1399 3324 1555 3385 syr-upum
1576 3326 1630 3369 co·

527 3407 646 3489 quitur.
692 3405 762 3467 Has
784 3402 871 3467 euim
894 3402 974 3466 duas
995 3402 1252 3485 praeparationes
1266 3402 1301 3466 in
1320 3424 1378 3466 auo
1393 3424 1511 3485 genere
1525 3406 1629 3470 effica-

526 3506 668 3571 cissimas
687 3526 755 3569 csse
771 3504 879 3588 judico
888 3530 898 3581 ;
919 3504 1108 3587 praesertim
1124 3503 1287 3588 Syrupum
1304 3503 1344 3568 de
1358 3504 1520 3585 Meconio,
1536 3508 1630 3591 cujus

526 3607 621 3671 uncia
634 3628 701 3669 una
718 3606 790 3689 plus
808 3612 951 3689 praestat
966 3626 1061 3688 quam
1081 3605 1195 3669 unciae
1217 3606 1298 3669 duae
1320 3606 1451 3670 alterius
1472 3608 1576 3687 istius,
1590 3609 1628 3672 iu

526 3730 590 3791 quo
611 3728 805 3792 papaverum
826 3707 932 3789 capita
950 3705 1132 3771 humidiora
1151 3715 1358 3789 usurpantur,
1372 3707 1478 3791 liquor
1495 3731 1562 3774 non
1580 3710 1630 3775 ita

525 3810 651 3895 fortiter
672 3807 867 3892 exprimitur,
883 3815 926 3887 et,
941 3808 1012 3872 loco
1026 3808 1122 3890 nigri,
1137 3808 1327 3892 quandoque
1345 3810 1451 3893 capita
1462 3813 1629 3895 papaveris

524 3912 690 3991 rhoeados,
707 3932 787 3994 quae
801 3910 969 3993 paululum
983 3910 1259 3999 virtutis-babent,
1273 3918 1400 4001 partem
1413 3913 1460 3975 ita
1471 3933 1626 3994 magnam

525 4014 740 4097 suppeditant.
787 4011 921 4077 Quoties
935 4011 1044 4095 itaque
1063 4033 1131 4075 non
1149 4010 1225 4074 satis
1239 4012 1320 4073 mihi
1334 4002 1460 4077 constat
1474 4012 1514 4076 de
1528 4013 1626 4079 ulter·

524 4117 628 4181 utrius
643 4114 758 4179 horum
773 4112 1029 4196 paregoricorum
1045 4112 1176 4192 viribus,
1187 4114 1382 4177 utrorumvis
1396 4114 1467 4178 loco
1477 4114 1627 4179 Laudani

525 4216 740 4283 Londinensis
760 4214 851 4279 solidi
871 4215 1124 4299 sesquigranum,
1138 4215 1190 4277 vel
1210 4214 1308 4278 etiam
1330 4237 1432 4297 grana
1449 4215 1524 4295 duo,
1539 4218 1628 4282 soleo

522 4319 736 4405 praescribere
755 4318 790 4380 in
808 4338 891 4401 aqua
912 4316 1114 4401 appropriata
1132 4316 1238 4381 soluta
1248 4342 1258 4394 3
1281 4337 1346 4399 quo
1362 4324 1456 4400 pacto
1475 4318 1516 4382 ab
1536 4320 1627 4383 omni

523 4430 629 4487 err'ore
644 4428 677 4486 et
692 4420 773 4484 mihi
788 4426 821 4482 et
837 4440 931 4501 aegro
946 4438 1019 4481 meo
1033 4438 1136 4481 caveo.

621 4562 631 4585 ²
650 4556 684 4603 Cf
693 4554 789 4604 forrum.
801 4556 841 4612 88,
856 4554 908 4601 199.

622 4616 628 4647 ¹
645 4618 684 4668 Sc.
696 4622 792 4677 citrulli,
800 4620 933 4673 cucumeris,
945 4619 1084 4674 cucurbitae,
1099 4622 1123 4664 et
1137 4618 1252 4664 melmae.
1265 4632 1287 4666 v.
1301 4615 1431 4664 blancardi
1443 4620 1498 4667 lex.
1512 4619 1577 4666 Med.
