3825 5759
514 640 579 703 516
822 637 1023 704 ΤΗΟΜΑΕ
1047 640 1305 704 SYDENHAM

363 813 404 859 De
412 812 484 860 sm
468 824 502 860 ι
516 819 632 881 agmen
646 799 715 883 jam
728 800 765 863 in
779 804 952 883 oou'speotu
967 807 1026 864 est.
1071 799 1216 864 Posthac¹
1230 798 1371 863 eundem
1392 799 1551 917 lectulo
1529 821 1618 864 oom-

363 1011 503 1029 ““““““’“
434 957 666 1119 c'stragulis
688 1011 883 1089 coopertum,
900 1011 957 1069 aut
978 926 1215 1068 luculentiori
1205 1026 1242 1067 ιιι
1262 1003 1411 1068 cubiculo
1431 1005 1503 1069 loco
1523 1004 1618 1068 illum

516 1105 563 1169 uti
577 1106 658 1184 sino,
674 1128 771 1189 quam
787 1106 912 1189 quibus,
928 1127 1025 1170 sanus
1039 1126 1115 1169 cum
1129 1112 1222 1185 esset,
1238 1105 1361 1170 solebat
1373 1106 1434 1170 ιιιι.
1478 1106 1617 1170 Interim

514 1208 681 1273 cerevisiae
700 1208 865 1288 tenuioris,
888 1210 1086 1292 aliorumque
1104 1209 1267 1292 liquorum
1288 1208 1548 1292 re‘irigerantium
1562 1210 1618 1294 qui

514 1310 1027 1395 aegrosuntaoceptissimi,usum
1035 1311 1200 1375 liberalem
1208 1312 1359 1375 concedo.
1385 1312 1446 1395 [7.]
1461 1312 1617 1377 Quando·

515 1412 644 1496 quidem
658 1434 742 1492 vero,
754 1434 822 1477 nou
836 1414 986 1477 obstante
1000 1414 1051 1477 vel
1064 1413 1332 1496 temperatissimo
1342 1414 1508 1496 regimine,
1520 1434 1619 1498 aeger

513 1516 723 1583 nihilominus
737 1517 773 1581 in
787 1516 917 1595 calores,
934 1515 1055 1594 deliria,
1071 1523 1105 1579 et
1124 1517 1276 1579 molestas
1289 1515 1538 1598 inquietudines,
1551 1516 1616 1581 fre·

514 1625 651 1701 quanter
664 1619 802 1696 incidet;
820 1618 1033 1702 hypnoticum
1046 1617 1226 1700 praescribo
1240 1617 1376 1700 singulis
1390 1617 1547 1696 noctibus,
1559 1618 1617 1682 sed

512 1720 609 1802 paulo
620 1720 796 1805 temporius
808 1742 905 1803 quam
915 1740 976 1803 pro
984 1726 1115 1802 recepto
1125 1740 1225 1798 more,
1236 1718 1428 1783 sumendum
1431 1744 1442 1797 3
1462 1720 1616 1802 quoniam

512 1822 548 1887 iu
562 1822 623 1887 hoc
639 1823 752 1887 morbo
767 1822 860 1908 quasi
878 1842 1086 1906 pmuxysmus
1106 1821 1247 1904 quidam,
1263 1821 1328 1885 sive
1347 1821 1547 1887 exacerbatio
1562 1843 1616 1886 ea·

512 1924 587 1989 loris
609 1931 642 1989 et
664 1924 905 2009 inquietudinis,
921 1923 1064 2007 quotidie
1090 1924 1150 1987 sub
1172 1944 1337 2006 vesperam
1358 1924 1425 1988 fere
1445 1924 1615 2007 reperitur.

513 2026 605 2093 Quae
622 2026 675 2091 hic
696 2026 834 2091 traditur
848 2026 1030 2104 methodus,
1046 2032 1080 2089 et
1096 2025 1140 2089 ad
1157 2025 1413 2109 praecavendum
1431 2027 1521 2109 justo
1534 2027 1616 2090 ube-

511 2128 628 2192 riorem
648 2128 851 2193 Variolarum
872 2136 1076 2211 proventum,
1094 2127 1194 2210 (unde
1214 2128 1393 2191 maximnm
1415 2149 1510 2211 aegro
1530 2128 1615 2212 peri·

512 2230 621 2293 culum
641 2229 832 2308 intentatur,
849 2238 888 2293 ut
911 2251 1006 2313 supra
1027 2230 1143 2312 docui)
1167 2236 1202 2293 et
1223 2230 1266 2293 ad
1286 2229 1522 2293 conciliandum
1542 2237 1616 2294 tum

510 2332 748 2397 incrementum
764 2331 911 2414 pustulis,
926 2332 984 2396 ubi
997 2332 1068 2415 jam
1086 2352 1199 2396 omnes
1217 2330 1362 2410 exieriut,
1380 2338 1454 2395 tum
1471 2332 1615 2397 debitam

511 2440 623 2517 postea
636 2433 894 2513 maturationem,
910 2433 1243 2498 accommodatissima
1255 2440 1316 2498 est.

561 2536 622 2621 [8.]
648 2536 815 2615 Attamen,
831 2537 928 2620 (quod
943 2558 1020 2601 sane
1035 2538 1211 2602 dolendum
1226 2545 1285 2617 est,
1300 2558 1375 2602 cum
1388 2538 1626 2603 florentissima·

510 2639 679 2703 hominum
695 2646 782 2703 aetas
796 2638 857 2703 bae
871 2639 938 2703 fere
958 2647 1066 2723 strage
1080 2640 1247 2723 deleatur)
1263 2647 1338 2703 tum
1356 2638 1407 2703 bis
1421 2661 1505 2726 quae
1522 2662 1615 2725 prae-

511 2742 663 2825 cepimus,
675 2748 746 2805 tum
761 2740 830 2805 aliis
844 2742 995 2806 omnibus
1006 2763 1089 2827 quae
1098 2741 1255 2805 hactenus
1265 2740 1389 2806 invenit
1398 2742 1463 2807 Ars
1473 2743 1614 2822 Medios,

511 2844 674 2927 praesidiis
688 2843 770 2907 nihil
784 2843 1045 2927 proficientibus3
1061 2864 1290 2927 saepenumero
1305 2864 1409 2927 aeger,
1423 2844 1500 2909 lieet
1513 2866 1623 2929 usque-

512 2967 550 3009 eo
564 2968 631 3010 non
647 2946 821 3011 admodum
837 2945 1047 3029 periclitetur,
1059 2952 1173 3011 tamen
1185 2946 1237 3011 vel
1249 2946 1420 3010 undecimo
1436 2946 1535 3030 (quod
1552 2968 1615 3011 usu

511 3048 621 3131 vonit)
642 3048 702 3127 die,
718 3048 769 3112 vel
791 3048 854 3112 alio
874 3048 981 3133 aliquo
1002 3048 1137 3111 istorum
1159 3069 1238 3131 quos
1252 3048 1346 3112 variis
1367 3048 1534 3131 speciebus
1547 3050 1615 3114 Va·

511 3149 663 3214 riolamm
675 3150 917 3215 confluentium
932 3171 993 3214 ceu
1002 3149 1105 3234 magis
1115 3150 1228 3214 fatales
1243 3150 1411 3233 assignari,
1423 3152 1614 3216 vehemente

512 3252 615 3316 Febre
630 3252 808 3336 corripitur,
819 3274 886 3316 uua
900 3272 976 3315 cum
990 3252 1198 3316 suffocatione
1212 3260 1246 3316 et
1256 3252 1434 3336 jactatione
1445 3252 1614 3337 inquietis·

513 3352 602 3431 sima,
626 3360 659 3417 et
681 3354 721 3417 de
744 3361 836 3417 tanta
861 3374 917 3437 spe
939 3353 1090 3417 decidens
1113 3354 1219 3419 subito
1243 3354 1390 3433 moritur,
1411 3355 1557 3419 attonitis
1580 3362 1614 3419 et

513 3454 717 3538 stupentibus
739 3455 859 3532 amicis,
882 3454 937 3537 qui
959 3455 1002 3518 ad
1022 3455 1084 3519 hoc
1104 3476 1207 3539 nsque
1231 3463 1391 3540 punctum
1411 3476 1509 3540 aegro
1529 3456 1614 3521 bene

513 3555 750 3621 ominabantur.
803 3554 845 3620 In
869 3556 1050 3639 frangendo
1073 3556 1243 3640 improviso
1267 3558 1329 3622 boc
1350 3558 1457 3623 morbi
1479 3558 1613 3643 impetn,

514 3677 587 3720 cum
601 3655 689 3738 prius
708 3656 735 3720 is
755 3656 864 3721 omnis
882 3657 993 3721 fecerit
1008 3659 1125 3742 quibus
1143 3660 1325 3742 praecaveri
1337 3667 1498 3743 punierat,
1512 3660 1614 3724 maxi·

513 3780 642 3842 mopere
666 3760 835 3825 desudabit
857 3762 1016 3826 Medicus.
1063 3763 1170 3829 Quem
1192 3764 1228 3828 in
1249 3766 1349 3829 finem
1374 3765 1458 3829 serio
1476 3786 1614 3848 perpen-

514 3859 655 3926 dendum
677 3869 736 3941 est,
762 3862 899 3927 Febrem
919 3864 1009 3928 illam
1031 3864 1239 3930 adventitiam
1261 3888 1343 3950 quae
1368 3866 1538 3931 undedmo
1559 3865 1613 3929 die

514 3962 651 4027 Variolis
667 3964 912 4029 confluentibus
926 3966 1110 4031 laborantes
1124 3968 1279 4048 adoritur,
1292 3969 1442 4035 morbum
1459 3988 1528 4031 esse
1541 3974 1612 4031 tam

513 4064 554 4129 ab
568 4064 645 4150 ipsis
660 4067 807 4147 Variolis‚
823 4090 920 4184 quam
938 4071 980 4134 ab
994 4069 1057 4134 ista
1074 4070 1164 4134 febre
1178 4092 1260 4154 quae
1275 4072 1327 4136 rel
1348 4092 1458 4136 earum
1471 4070 1613 4154 eruptio·

373 4216 379 4227 .
512 4188 589 4233 nem
602 4170 775 4253 praeeedit,
750 4171 840 4235 tvel
858 4170 971 4255 primis
990 4193 1226 4256 nonnunquam
1240 4173 1352 4237 diebus
1366 4195 1388 4238 a
1403 4172 1613 4257 phlegmona

360 4284 430 4399 Fqbiri
432 4287 499 4404 Vp.
512 4292 586 4335 rum
608 4272 861 4337 inflammatione
883 4272 1038 4357 gignitur,
1060 4295 1189 4358 prorsus
1211 4275 1390 4340 diversum:
1421 4276 1504 4340 nibil
1525 4276 1614 4339 enim

359 4352 407 4463 ΕΞ,
406 4353 490 4467 'fffflm
470 4370 562 4443 ῃἰιι
584 4380 673 4445 aliud
694 4402 789 4465 quam
813 4380 923 4445 Febris
946 4380 1091 4460 Putrida,
1108 4381 1235 4465 proprie
1257 4382 1344 4446 diota
1343 4380 1534 4465 ,particulis
1554 4402 1614 4495 pu-

361 4482 408 4527 1¹⁰
410 4482 470 4530 ‘led
512 4482 725 4545 trescentibus
744 4490 777 4546 et
795 4502 815 4546 a
833 4482 1003 4565 pustulis
990 4505 1061 4567 Jam
1075 4483 1199 4567 adeptis
1215 4482 1437 4547 maturitatem
1456 4504 1550 4547 snam
1562 4482 1616 4546 in

357 4559 477 4655 :iim
388 4610 497 4660 ,emp
479 4564 662 4664 l'quinatis
688 4584 723 4646 in
749 4584 940 4667 sanguinem
969 4585 1029 4667 (uti
1054 4585 1142 4667 dixi,)
1170 4585 1322 4669 resorptis
1347 4592 1456 4649 ortum
1481 4584 1614 4663 debens,

357 4622 426 4721 lfil‘
511 4704 645 4767 quarum
674 4685 771 4749 noxia
800 4694 832 4749 et
857 4686 1044 4751 Naturae
1034 4688 1165 4752 mimica
1190 4688 1345 4771 qualitate
1374 4708 1471 4771 aeger
1499 4686 1614 4751 eodem

510 4793 653 4869 tempore
669 4792 702 4849 et
716 4787 854 4869 pessime
869 4788 971 4853 Febre
991 4796 1024 4853 et
1038 4810 1162 4854 veneno
1176 4790 1351 4855 lacessitur.
1402 4788 1438 4873 [9
1441 4790 1464 4873 .]
1417 4789 1613 4855 9Quam-
