3825 5759
512 652 574 713 126
821 651 1015 715 THOMAE
1040 650 1296 715 SYDENHAM

356 827 496 876 visione
510 818 606 894 atque
622 810 747 874 adultos
761 810 969 894 ptyalismus;
991 832 1183 893 quocunque
1193 832 1267 874 vero
1282 818 1425 894 tempore
1440 810 1609 893 ingruerit,

355 892 497 1005 {affl
510 912 573 975 nisi
588 920 656 976 arte
672 913 812 990 sistatur,
829 914 956 995 singula
969 912 1074 975 morbi
1088 913 1191 976 stadia
1205 913 1355 977 decurrit.

377 1022 479 1071 ’ot-¹69.
560 1016 642 1100 [16.]
668 1018 710 1080 In
735 1023 871 1099 utraque
894 1016 1098 1079 Variolarum
1127 1013 1231 1099 specie
1252 1015 1349 1079 febris
1371 1037 1391 1077 a
1418 1016 1523 1098 primo
1545 1022 1608 1078 sta-

356 1108 488 1221 Pffiffl·
510 1118 571 1181 tim
589 1119 712 1183 insultu
727 1117 767 1181 ad
787 1119 989 1200 eruptionem
1007 1139 1109 1201 usque
1127 1118 1297 1200 praecipue
1312 1117 1515 1194 dominatum
1546 1138 1610 1199 (1¹¹⁸

356 1190 470 1313 imptis-⁸
509 1228 648 1304 peracta,
663 1220 809 1283 inducias
823 1220 890 1283 fere
905 1219 960 1283 dat
970 1241 1072 1303 usque
1087 1220 1128 1283 ad
1142 1220 1345 1302 pustularum
1359 1220 1609 1282 maturatiffllem

347 1316 421 1413 {¹5¹2}
433 1301 494 1412 {ffl'
510 1330 544 1386 et
558 1323 686 1405 tenipus
701 1322 736 1385 in
752 1344 814 1405 quo
834 1342 894 1405 pus
914 1322 1083 1386 conficitur
1090 1347 1100 1400 ,-
1124 1342 1187 1404 quo
1202 1320 1333 1385 demum
1347 1321 1463 1403 elapso,
1478 1341 1609 1404 prorsus

356 1494 468 1620 ,iiiiii
559 1528 641 1613 [17.]
669 1525 842 1591 Observari
868 1546 993 1609 semper
1017 1526 1054 1587 in
1082 1524 1195 1588 morbo
1219 1524 1450 1589 vehementiori
1475 1544 1608 1606 aegrum

357 1636 488 1697 rampse-
510 1630 570 1693 snb
585 1652 749 1715 vesperam
765 1630 855 1712 quasi
874 1650 1063 1712 paroxysmo
1077 1628 1247 1706 laborasse,
1263 1634 1297 1691 et
1310 1627 1488 1691 funestiore
1502 1649 1607 1711 symp-

354 1686 479 1797 iiiiii
508 1740 630 1797 tomata
652 1732 839 1815 vespertinis
864 1731 1052 1814 praesertim
1074 1729 1161 1793 horis
1184 1750 1217 1792 se
1239 1729 1407 1793 ostendere
1432 1736 1529 1811 atque
1554 1749 1607 1792 ex-

356 1830 496 1941 {gfff
509 1836 660 1900 acerbari.

357 1958 468 2005 casaur
557 1938 639 2021 [18.]
667 1938 716 2000 En
730 1938 853 2021 justam
868 1936 1073 1999 Variolarum
1086 1935 1184 2018 hujus
1200 1934 1326 2017 generis
1340 1933 1518 2011 historiam,
1533 1953 1608 1997 vera

355 2021 460 2069 morbus.
507 2059 544 2101 ac
561 2039 702 2119 genuina
723 2038 856 2121 hujusce
878 2037 983 2099 morbi
1004 2037 1237 2119 phaenomena,
1252 2041 1348 2117 prout
1370 2035 1490 2098 scilicet
1512 2042 1607 2097 natu·

506 2140 616 2203 ralitar
640 2160 673 2202 se
698 2139 805 2217 habet,
829 2140 1115 2221 complectentem:
1141 2139 1181 2203 de
1202 2136 1422 2201 accidentibus
1441 2136 1606 2214 anomalis,

508 2262 588 2323 quae
617 2240 732 2317 eidem,
758 2240 815 2304 ubi
844 2242 951 2303 minus
973 2248 1060 2304 reete
1081 2247 1247 2319 tractetur,
1274 2239 1512 2321 superveniunt,
1538 2239 1608 2321 jam

506 2343 649 2425 proxime
665 2342 866 2405 disseremus.

556 2444 638 2527 [19.]
666 2444 997 2508 Animadvertendum
1011 2452 1060 2508 est
1079 2445 1187 2527 itaque
1201 2445 1263 2507 ista
1278 2464 1359 2525 quae
1373 2442 1425 2506 die
1440 2450 1550 2506 octavo
1570 2441 1608 2504 in

508 2564 624 2627 genere
640 2544 801 2607 Distincto
816 2552 988 2608 oocununt
1003 2552 1218 2629 symptomata
1231 2544 1387 2621 anomala,
1402 2551 1435 2607 et
1449 2564 1532 2628 quae
1546 2565 1606 2606 un-

356 2654 459 2731 Varloliq
507 2648 630 2711 decimo
645 2648 696 2711 die
711 2648 746 2711 in
761 2647 961 2725 confluente,
977 2648 1072 2729 (facto
1084 2669 1209 2730 semper
1223 2669 1243 2711 a
1255 2648 1358 2729 primo
1369 2647 1474 2710 morbi
1483 2646 1609 2709 insultu

353 2722 490 2833 ssffiffl,
507 2749 714 2833 computandi
728 2749 843 2830 initia)
860 2750 1037 2813 maximum
1051 2750 1093 2813 ad
1114 2750 1203 2831 aegri
1217 2751 1281 2813 sive
1295 2749 1394 2812 vitam
1408 2749 1474 2811 sire
1494 2746 1606 2811 interi·

352 2852 398 2960 ffb
412 2849 473 2961 ᾖξ-
506 2859 578 2915 tum
599 2851 725 2934 pondus
747 2850 874 2931 habere,
890 2852 1056 2934 magisque
1075 2851 1117 2914 ad
1139 2852 1292 2915 amussim
1314 2851 1451 2934 expendi
1472 2849 1606 2928 debere3

355 2929 419 3033 viii,
435 2928 494 3025 11¹2.
506 2976 580 3018 cum
605 2954 726 3037 liquido
749 2962 873 3018 constet
896 2954 1070 3017 maximam
1092 2974 1203 3018 eorum
1223 2961 1357 3035 partem,
1375 2954 1432 3035 qui
1452 2952 1606 3016 utrolibet

352 3042 482 3154 fflgffl
505 3054 609 3119 morbi
627 3056 757 3137 (scilicet
776 3057 844 3139 jam
860 3054 1032 3138 descripti)
1051 3076 1167 3138 genere
1181 3056 1355 3134 intereunt,
1371 3055 1521 3138 praefatis
1541 3055 1606 3117 sin·

353 3176 419 3217 eune
506 3158 642 3239 galatim
656 3157 769 3220 diebus
784 3157 927 3239 defungi.
960 3158 1042 3240 [20]
1071 3157 1179 3220 Primo
1194 3158 1292 3235 enim,
1304 3158 1360 3240 qui
1375 3157 1529 3220 Discretis
1540 3156 1606 3219 Va·

357 3248 461 3360 Ilpprpsm
505 3259 592 3321 riolis
603 3258 726 3321 laborat
738 3279 840 3340 aeger,
851 3279 925 3321 cum
937 3260 1014 3322 satis
1024 3266 1172 3341 prompte
1183 3259 1351 3323 sudoribus
1363 3260 1496 3339 diffluat,
1509 3260 1607 3343 (quod

351 3328 494 3450 {labiis-
505 3359 558 3423 hic
576 3361 611 3421 in
632 3359 748 3423 adultis
767 3360 836 3422 fieri
858 3361 959 3423 solere
977 3362 1046 3444 jam
1062 3358 1098 3445 [t
1114 3360 1162 3446 3.]
1179 3361 1339 3446 diximus)
1357 3384 1394 3426 ac
1415 3362 1477 3426 sibi
1498 3363 1607 3426 omnia

351 3440 432 3497 naun
505 3461 591 3524 bona
605 3461 780 3543 promittat,
797 3461 823 3523 si
837 3460 941 3525 morbi
960 3464 1008 3544 (ut
1023 3465 1150 3545 sperat)
1168 3463 1254 3525 virus
1268 3484 1325 3546 per
1339 3464 1422 3527 cutis
1436 3485 1530 3546 poros
1544 3464 1608 3527 hoc

504 3568 599 3643 pacto
614 3560 849 3639 amandaverit,
872 3562 1043 3645 diligenter
1056 3563 1129 3627 ideo
1139 3564 1216 3628 huic
1229 3566 1382 3629 methodo
1395 3567 1525 3645 insistit,
1533 3574 1606 3629 tum

504 3662 653 3725 remediis
667 3662 818 3727 cardiacis
833 3664 919 3727 intro
934 3664 1116 3748 assumptis,
1131 3673 1203 3729 tum
1220 3667 1377 3749 regimine
1391 3667 1539 3731 calidiore
1556 3669 1606 3749 (ut

504 3760 651 3848 par'est)
674 3764 833 3829 adhibito:
863 3773 960 3848 atque
981 3766 1061 3831 haec
1082 3790 1121 3832 eo
1139 3768 1216 3832 facit
1237 3768 1401 3832 lubentius
1425 3769 1510 3851 quod
1532 3776 1605 3832 tum

506 3866 546 3930 ab
560 3868 621 3931 hac
635 3867 787 3931 methodo
801 3867 836 3931 in
851 3868 1007 3952 principio
1026 3869 1088 3933 sibi
1104 3870 1218 3934 melius
1232 3870 1376 3932 videmur
1390 3868 1517 3946 habere,
1532 3876 1604 3931 tum

505 3972 602 4035 etiam
625 3971 666 4034 ad
687 3970 770 4035 male
792 3971 961 4036 fundatam
976 3973 1151 4035 astantium
1170 3973 1353 4056 opinionem
1366 3970 1497 4053 propius
1516 3992 1603 4034 acee-

504 4072 569 4137 dat.
615 4073 759 4137 'landem
780 4094 854 4137 vero
875 4073 1047 4137 eliminatis
1068 4094 1126 4157 per
1144 4070 1334 4160 διαφόρησιν
1351 4072 1516 4155 particulis
1533 4073 1604 4135 istis

505 4196 586 4257 quae
601 4175 641 4239 ad
655 4174 859 4258 pustularum
874 4174 1083 4239 elevationem
1098 4183 1194 4259 atque
1215 4176 1497 4241 intumescentiam
1510 4174 1604 4239 faciei

504 4276 681 4341 debuerant
695 4277 808 4355 facere,
824 4277 875 4341 die
890 4284 1011 4355 octavo,
1021 4300 1103 4361 quae
1116 4286 1298 4361 turgescere
1313 4287 1346 4344 et
1359 4300 1417 4363 per
1430 4278 1606 4342 interstitia

503 4380 640 4463 pustulis
654 4380 824 4463 interjecta
841 4380 1034 4443 inflammari
1051 4379 1206 4443 debuerat
1220 4380 1326 4458 facies,
1341 4380 1473 4444 flaccida
1492 4400 1510 4442 e
1529 4400 1604 4443 con-

503 4486 555 4542 tra
573 4480 739 4561 reperitur,
756 4486 788 4543 et
806 4480 971 4544 albescunt
990 4481 1173 4559 interstitia,
1187 4480 1263 4544 licet
1281 4481 1414 4546 interim
1432 4481 1605 4545 rubescant

504 4581 651 4663 pustulae
666 4588 762 4663 atquc
782 4582 953 4662 eleventur,
970 4584 1068 4647 etiam
1081 4590 1154 4666 post
1172 4584 1261 4666 aegri
1281 4592 1429 4648 mortem.
1476 4585 1542 4651 Qui
1564 4584 1605 4647 ad

503 4682 591 4745 hunc
605 4702 706 4765 usque
725 4684 809 4746 diem
826 4685 916 4747 nullo
936 4687 1066 4767 negotio
1085 4692 1270 4749 manaverat
1287 4687 1394 4765 sudor,
1409 4689 1478 4770 jam
1498 4687 1604 4751 subito

505 4805 624 4866 suaque
647 4790 761 4866 sponte
787 4786 953 4863 evanescit,
974 4807 1079 4867 neque
1104 4786 1253 4849 remediis
1275 4786 1349 4849 ullis
1374 4787 1535 4865 cardiacis,
1555 4788 1605 4851 vel
