3825 5759
526 657 568 717 28
839 656 1033 722 ΤΗΟΜΑΕ
1058 659 1316 725 SYDENHAM

374 830 513 881 Delion.
581 815 641 899 [5.]
670 816 737 881 Ubi
756 837 830 881 vero
854 818 1025 883 continens
1050 820 1156 885 morbi
1180 822 1317 885 materia
1340 822 1409 904 ejus
1432 828 1481 886 est
1505 821 1625 887 indolis

382 896 507 1008 2323?
528 924 567 981 ut
594 917 715 983 febrem
740 918 776 983 in
800 926 909 1002 partes
934 941 1009 985 suas
1029 922 1216 1005 pertrahere
1238 944 1306 987 non
1327 923 1433 987 valeat
1457 924 1499 987 ad
1521 923 1627 989 dictae

376 1023 509 1095 Μ
529 1021 683 1085 materiae
712 1023 946 1105 separationem
975 1024 1188 1089 universalem
1200 1052 1210 1103 3
1247 1031 1305 1089 aut
1334 1046 1410 1089 cum
1441 1025 1629 1109 hujusmodi

375 1112 508 1161 muntia,
529 1123 666 1187 materia
684 1124 769 1207 parti
793 1124 888 1187 alicui
908 1126 1051 1207 affigitur
1068 1146 1151 1209 quae
1172 1126 1278 1191 eidem
1297 1127 1516 1211 explodendse
1536 1149 1627 1211 pror-

529 1245 584 1289 sus
603 1230 653 1289 est
671 1224 786 1309 impar,
801 1224 866 1289 sive
886 1227 927 1291 ob
946 1227 1108 1311 propriam
1127 1228 1425 1307 conformationem,
1443 1229 1505 1311 (uti
1524 1251 1558 1293 se
1576 1251 1628 1294 res

529 1326 628 1391 habet
656 1327 692 1391 iu
717 1328 853 1393 materia
877 1328 1043 1393 morbifica
1066 1330 1316 1414 paralyticorum
1345 1331 1452 1394 nervis
1476 1330 1626 1414 impacta,

529 1428 565 1491 in
579 1428 716 1493 materia
731 1428 811 1493 item
831 1438 1009 1514 suppurata
1021 1432 1057 1495 iu
1071 1432 1209 1497 cavitate
1222 1432 1363 1497 thoracis
1383 1432 1625 1516 empyicorum,)

528 1530 578 1595 vel
608 1529 649 1594 ob
677 1531 837 1596 defectum
868 1533 982 1597 caloris
1009 1533 1167 1598 naturalis
1195 1539 1229 1597 et
1258 1533 1441 1616 spirituum,
1473 1536 1523 1615 (ut
1552 1553 1628 1596 oum

528 1632 647 1715 pituita
666 1633 702 1696 in
723 1634 892 1717 pulmones
914 1634 1035 1699 decidit
1059 1634 1110 1699 vel
1131 1635 1222 1699 senio
1242 1636 1293 1700 vel
1315 1635 1397 1699 tussi
1426 1634 1628 1699 diutisrniore

528 1734 750 1819 labefactatis)
782 1735 832 1799 vel
866 1736 1006 1820 denique
1040 1737 1081 1801 ob
1115 1738 1307 1801 continuum
1340 1737 1494 1801 materiae
1526 1757 1628 1801 novae

528 1836 691 1916 effluxum,
708 1860 772 1921 qua
791 1838 922 1921 sanguis
937 1838 1079 1916 udatus,
1095 1845 1129 1902 et
1149 1839 1190 1903 ad
1209 1838 1354 1922 ejusdem
1373 1838 1627 1903 eliminationem

527 1940 623 2004 unice
638 1940 822 2023 dispositus,
836 1947 964 2023 partem
986 1939 1095 2005 obruit
1117 1948 1311 2024 gravesque:
1337 1940 1374 2003 in
1388 1941 1438 2004 his
1456 1940 1625 2023 (inquam)

528 2041 664 2119 casibus,
680 2042 731 2105 vel
749 2041 841 2106 tarde
860 2042 1035 2107 admodum
1055 2042 1097 2106 ad
1118 2043 1298 2107 coctionem
1316 2043 1462 2126 pervenit
1480 2044 1626 2121 materia,

529 2143 580 2209 vel
597 2164 666 2207 non
685 2143 836 2223 omnin03
864 2144 1008 2228 adeoque
1029 2145 1135 2210 morbi
1155 2144 1196 2209 ab
1216 2145 1403 2230 hujusmodi
1422 2144 1558 2209 materia
1576 2144 1627 2208 in·

529 2245 698 2309 concoctili
723 2247 956 2329 provenientes,
987 2248 1131 2311 Obrmsici
1156 2254 1190 2311 et
1215 2254 1447 2331 nuncupantur
1475 2252 1509 2312 et
1538 2254 1626 2311 sunt.

529 2348 561 2411 A
587 2346 712 2413 duobus
737 2347 787 2411 bis
812 2348 922 2431 itaque
947 2349 1113 2432 principiis
1135 2348 1197 2413 sibi
1221 2349 1360 2415 invicem
1385 2347 1565 2427 contrariis,
1586 2348 1628 2413 de

530 2450 646 2533 quibus
672 2450 768 2515 modo
797 2450 932 2533 egimus,
959 2451 1063 2515 morbi
1093 2451 1148 2515 alii
1172 2453 1279 2531 Acuti,
1302 2452 1358 2517 alii
1382 2472 1458 2517 vero
1485 2452 1629 2517 wareo

530 2557 703 2635 exurgunt.

377 2682 453 2732 Acuti
464 2682 494 2731 ,b
579 2655 640 2739 [6.]
667 2656 791 2721 Acutos
807 2655 893 2741 quod
907 2664 1041 2741 spectat,
1060 2658 1155 2741 (quos
1173 2657 1476 2742 impraesentiarum
1490 2663 1629 2722 motare

377 2748 611 2861 'zimifimihi
633 2766 682 2825 est
708 2760 857 2845 animus)
875 2782 988 2825 eorum
1013 2762 1068 2825 alii
1098 2782 1118 2825 a
1143 2767 1268 2826 secrete
1291 2768 1389 2844 atque
1413 2760 1629 2845 inexplicabili

377 2828 517 2940 {reddidi-
530 2862 612 2927 aeris
642 2863 842 2944 alteratione,
867 2865 1037 2929 hominum
1066 2884 1200 2948 corpora
1227 2863 1411 2941 ‘urficientis,
1437 2864 1628 2947 gignuntur,

377 2941 509 3056 m?
530 2988 635 3053 neque
657 2989 677 3033 a
699 2968 852 3053 peculiari
874 2969 1042 3052 sanguinis
1063 2974 1097 3033 et
1118 2967 1293 3031 humorum
1314 2967 1397 3031 crasi
1417 2966 1552 3031 omnino
1574 2966 1629 3031 de-

530 3071 682 3155 pendent,
698 3072 761 3134 nisi
780 3077 940 3155 quatenus
960 3070 1089 3135 occulte
1106 3069 1192 3133 aeris
1209 3068 1382 3133 influemia
1402 3068 1497 3133 dictis
1519 3089 1629 3153 corpo

530 3172 619 3237 ribus
634 3172 770 3236 eandem
785 3173 992 3255 impresserit.
1030 3172 1086 3249 Hi,
1102 3171 1241 3235 durante
1255 3192 1374 3235 arcane
1386 3171 1442 3234 illa
1456 3171 1539 3235 adria
1553 3192 1629 3235 oon·

531 3272 701 3337 stitutione
721 3294 781 3337 nee
800 3274 896 3351 ultra,
912 3280 1054 3357 pergunt
1072 3273 1236 3352 lacessere,
1254 3294 1361 3357 neque
1379 3272 1443 3337 alio
1461 3272 1529 3337 ullo
1547 3278 1629 3337 tem-

531 3392 608 3455 pore
623 3373 798 3437 invadunt:
821 3375 998 3455 Epidernici
1011 3374 1047 3438 bi
1061 3374 1140 3439 dicti
1155 3382 1243 3440 sunt.

379 3498 442 3624 *sm
420 3498 482 3544 ιιιιιι
581 3474 642 3558 [7.]
669 3476 850 3539 Acutorum
868 3476 924 3540 alii
946 3476 989 3541 ab
1008 3476 1069 3540 hac
1091 3478 1143 3541 vel
1167 3478 1225 3541 illa
1248 3476 1434 3561 particulari
1459 3496 1629 3588 corporum

379 3568 507 3817 {effi
444 3560 773 3762 οιιιιτίΞΞΞΞΞΞΞΞ
792 3576 1252 3765 ΞΞΞΞΞΞΞΞΞΞ
1266 3600 1385 3797 ‘iii
1408 3598 1507 3743 ΞΞ
1525 3576 1629 3740 ΞΞ

375 3768 480 3895 ffisspffl
476 3768 637 3866 cu'piunt
684 3780 754 3845 Hi
744 3803 876 3898 insuper
890 3783 991 3847 Acuti
1011 3782 1209 3866 quibuslibet
1229 3784 1324 3898 annis
1339 3790 1372 3849 et
1387 3779 1532 3898 quolibet
1550 3779 1630 3843 anni

446 4026 952 4167 ‘d'isucutoslntereerme
927 4110 994 4153 seve
1009 4090 1206 4170 Βροιιιιίἰθοι,
1218 4088 1353 4171 appello,
1369 4035 1446 4171 quis
1458 4087 1550 4151 nullo
1564 4108 1632 4151 nou

381 4146 509 4262 peria,
533 4198 677 4307 ternpore
698 4190 895 4275 contingunt
916 4212 980 4275 quo
994 4190 1174 4275 Epidemici
1198 4196 1396 4274 grassantur.
1441 4189 1494 4253 Ab
1514 4187 1632 4272 Epide-

382 4265 496 4379 ΞΞΞΞΞ
532 4293 623 4359 micis
645 4293 784 4377 primum
805 4293 973 4360 exordium
996 4293 1076 4357 mihi
1098 4314 1224 4356 sumam
1225 4291 1436 4374 ,generalem
1455 4289 1634 4355 eorumdem

532 4394 771 4462 historiamt
715 4404 771 4462 ant
773 4397 916 4463 somnia
929 4415 1121 4481 proponens.

956 4578 964 4611 ¹
980 4580 1042 4627 Vide
1053 4579 1096 4627 inl.
1108 4578 1171 4627 sect
1184 4577 1215 4625 ri.
