3825 5759
504 664 803 731 DISSERTATIO
826 666 1134 731 EPISTOLARIS.
1304 667 1368 729 377

157 876 159 907 ,
250 825 313 887 vel
346 825 499 889 catharsis
529 826 714 889 amoliretur
742 827 844 910 magis
875 848 971 910 quam
1008 828 1169 904 invitaret,
1200 826 1227 889 si
1263 822 1368 889 morbi
1397 845 1439 891 oe
1452 846 1502 892 Ar-

251 928 392 993 minera
412 928 448 992 in
474 929 608 992 humore
630 930 860 993 contineretur.
905 931 998 995 Idem
1024 931 1088 994 dici
1109 938 1215 1013 potest
1237 930 1278 993 de
1306 930 1366 993 im·
1380 910 1519 1021 'ffinffi'

157 1082 159 1089 ,
253 1030 394 1094 modico
409 1030 574 1113 sanguinis
589 1030 765 1115 dispendio,
783 1032 847 1095 sive
861 1032 1117 1115 phlebotomiais
1131 1032 1229 1095 fuerit
1244 1038 1365 1095 extrac-
1380 1038 1505 1049 ’”’“”

254 1140 333 1211 tus,
355 1133 475 1197 sivein
496 1132 664 1217 puerperio
687 1132 796 1197 debito
818 1134 976 1217 copiosius
997 1135 1184 1212 manaverit,
1202 1134 1252 1197 uti
1272 1141 1305 1197 et
1328 1134 1368 1197 de

258 1237 487 1301 exinanitione
509 1245 542 1301 et
561 1239 650 1321 justo
671 1239 817 1321 longiore
838 1260 857 1301 a
878 1240 1029 1303 carnibus
1049 1239 1263 1318 abstinentia;
1287 1260 1369 1323 quac

259 1341 381 1405 omnia
402 1340 442 1404 ad
461 1341 607 1405 Affectus
630 1341 817 1424 Hystericos
835 1342 1068 1425 praecavendos
1086 1342 1194 1427 potius
1215 1343 1368 1419 facerent,

260 1466 368 1527 quam
390 1444 432 1507 ad
454 1444 582 1509 eosdem
605 1445 821 1523 accersendos,
845 1446 872 1507 si
897 1446 1027 1509 illorum
1051 1446 1154 1509 fomes
1175 1443 1211 1506 in
1235 1444 1370 1507 materia

260 1546 377 1629 aliqua
397 1548 627 1611 involveretur:
652 1569 726 1611 cum
749 1570 767 1610 e
789 1548 922 1626 diverso,
938 1569 1006 1611 non
1026 1548 1089 1611 clia
1110 1568 1206 1611 causa
1226 1548 1274 1610 ita
1294 1569 1370 1611 oon·

261 1655 394 1713 stanter
416 1651 519 1737 pariqt
541 1652 725 1736 hujusmodi
751 1652 894 1732 affectus,
919 1674 956 1717 ac
983 1653 1086 1717 solent
1109 1653 1213 1716 dictae
1239 1672 1371 1716 evacua-

262 1753 384 1817 tiones.

319 1854 401 1939 [92]
424 1855 577 1921 Quamvis
593 1864 702 1921 autern
718 1858 795 1921 satis
805 1865 916 1941 pateat
931 1857 1141 1941 originarium
1156 1856 1251 1939 hujus
1266 1855 1371 1921 morbi
1385 1869 1523 1933 spirituum

263 1960 416 2024 fomitem
440 1961 476 2023 in
505 1960 694 2025 humoribus
720 1962 905 2025 nullatenus
935 1960 1098 2038 stabulari,
1122 1957 1291 2023 fatendum
1321 1934 1523 2021 est⁶‘“i¹⁰¹¹¹¹'

263 2069 380 2126 tamen
405 2063 503 2146 (quod
524 2084 575 2127 res
597 2065 668 2145 cst‚)
689 2064 861 2147 spirituum
885 2060 1021 2143 ἀταξίαν
1041 2062 1140 2140 illam,
1164 2061 1217 2125 cui
1239 2060 1370 2124 morbus
1383 2015 1516 2112 addidi

267 2164 416 2244 debetur,
431 2165 582 2230 humores
602 2165 748 2249 putridos
763 2166 798 2229 in
818 2186 950 2249 corpore
970 2165 1202 2229 coacervandos
1226 2165 1368 2248 gignere,
1383 2132 1480 2260 {¹32⁰

267 2286 345 2329 cum
360 2273 428 2331 tam
442 2267 569 2330 illarum
577 2269 718 2351 partium
729 2268 853 2333 firnctio
865 2288 946 2352 quae
955 2267 1187 2333 vehementiori
1199 2268 1370 2351 spirituum

267 2369 409 2452 impulsu
448 2370 687 2449 distenduntur,
719 2392 815 2455 quam
844 2392 951 2433 earum
982 2390 1063 2453 quae
1100 2372 1164 2434 illis
1195 2372 1370 2453 privantur,

271 2472 403 2536 omnino
420 2481 629 2557 pervertatur.
676 2474 822 2557 Cumque
839 2474 956 2539 harum
975 2474 1145 2557 pleraeque
1166 2494 1287 2556 organa
1306 2475 1372 2537 sint

272 2573 362 2657 quasi
385 2576 588 2657 reparatoria,
608 2575 802 2659 excipiendis
822 2576 943 2639 cruoris
967 2575 1176 2639 recrementis
1194 2575 1370 2659 designata,

273 2678 300 2740 si
321 2699 431 2741 earum
445 2678 628 2741 functiones
646 2676 756 2759 quovis
778 2675 873 2738 modo
895 2674 1074 2753 laedantur,
1090 2676 1160 2739 fieri
1181 2698 1247 2740 non
1266 2684 1373 2758 potest

274 2781 352 2863 quin
366 2781 481 2862 ingens
495 2778 705 2842 faeculentiae
720 2778 870 2841 colluvies
886 2777 1107 2841 acmrmuletur
1115 2804 1125 2853 ;
1146 2798 1228 2859 quae
1243 2778 1373 2861 quidem

274 2882 439 2947 eliminata
452 2881 574 2958 fuisset,
590 2887 722 2963 totaque
737 2878 871 2962 proinde
889 2878 1055 2961 sanguinis
1070 2900 1177 2942 massa
1190 2878 1375 2961 depuratior

274 2980 387 3060 factal,
403 2982 499 3045 modo
520 2980 647 3065 singula
669 3002 790 3064 organa
810 3000 929 3043 munus
951 3002 1047 3043 suum
1069 2980 1298 3063 explevissent3
1324 2983 1375 3045 cui

276 3085 364 3150 nullo
379 3084 475 3148 modo
490 3084 676 3162 defuissent,
692 3084 719 3147 si
734 3082 842 3147 debita
861 3082 1034 3166 spirituum
1048 3084 1234 3147 oeconomia
1248 3084 1375 3149 univer·

277 3210 325 3254 sas
340 3188 559 3271 invigorasset.
606 3187 692 3251 Huic
713 3209 774 3270 ego
794 3206 908 3251 causae
928 3185 1076 3270 adjudico
1095 3186 1260 3251 eucherius
1276 3188 1375 3272 insig-
1388 3196 1528 3246 nuceriam

277 3292 389 3370 niores,
406 3288 578 3377 ἀνορεξίαν,
595 3291 659 3355 sive
680 3290 840 3374 appetitus
860 3289 1118 3373 prostrationem,
1132 3290 1179 3353 ini
1195 3292 1376 3375 juvenculis
1388 3260 1502 3324 wa*

278 3394 445 3473 chlorosin‚
472 3395 536 3459 sive
560 3394 675 3458 febrim
702 3394 817 3473 albam,
844 3394 952 3477 (quam
980 3392 1110 3475 quidem
1139 3394 1278 3477 speciem
1307 3416 1376 3460 esse
1389 3404 1512 3463 chloran.

279 3496 465 3561 dilectionis
488 3496 678 3581 Hystericae
695 3496 805 3559 nullus
828 3496 964 3577 dubito)
982 3494 1142 3578 aliamque
1161 3518 1291 3562 ornnem
1308 3520 1377 3563 ma-

279 3600 381 3663 lorum
404 3598 572 3677 Lernaml,
590 3599 703 3681 inqua
724 3599 965 3681 immerguntur
981 3598 1124 3662 misellae
1139 3607 1295 3684 quotquot
1316 3602 1378 3667 hoc

280 3702 388 3767 morbo
403 3702 460 3766 diu
476 3702 707 3786 elanguerunt:
732 3724 813 3785 quae
831 3702 941 3767 omnia
956 3722 977 3766 a
995 3703 1098 3767 succis
1119 3704 1377 3787 putrescentibus

280 3806 483 3889 insanguine
501 3806 671 3889 congestis,
687 3813 784 3890 atque
799 3806 914 3869 exinde
934 3806 969 3868 in
988 3826 1111 3889 organa
1123 3807 1211 3870 varia
1224 3808 1377 3892 depluen-

280 3908 373 3988 tibus,
390 3916 602 3974 succresclmt.
651 3909 758 3993 Hujlss
783 3908 905 3973 farinae
929 3916 979 3972 est
1005 3908 1147 3994 hydrops
1172 3911 1317 3975 iffltlllml
1342 3913 1377 3976 ln
1390 3925 1530 4001 etbydrops

281 4012 425 4077 foeminis
451 4034 532 4096 quae
555 4013 624 4095 jam
651 4012 770 4077 diutius
795 4013 925 4077 Affectu
950 4012 1123 4095 Hysterico
1152 4012 1377 4092 laboraverint,
1388 3999 1497 4037 sununs.

281 4113 379 4177 uatus'
399 4133 419 4176 a
440 4114 542 4177 succis
565 4112 743 4196 depravatis
765 4134 783 4177 e
807 4111 974 4195 sanguinis
995 4134 1102 4176 massa
1126 4113 1161 4175 in
1183 4136 1304 4195 organa
1327 4137 1377 4179 re-

280 4217 387 4301 jectis;
410 4216 507 4296 unde,
522 4217 676 4300 perversis
694 4216 869 4281 eorundem
891 4215 1109 4293 facultatibus,
1129 4216 1232 4299 primo
1255 4218 1378 4281 steriles

283 4321 361 4383 fiunt
380 4320 540 4398 mulieres,
556 4326 589 4383 et
607 4318 784 4382 destruitur
806 4340 936 4401 prorsus
956 4319 1142 4382 oeconomia
1163 4319 1313 4401 partium,
1329 4320 1378 4382 in-

284 4421 382 4505 deque
402 4443 509 4486 serum
524 4430 557 4485 et
575 4422 680 4485 sanies
698 4420 887 4503 gignuntur,
904 4439 986 4502 quae
1005 4441 1073 4482 non
1094 4426 1225 4483 tantum
1242 4422 1379 4487 nodulos

284 4546 401 4609 ovaque
425 4526 558 4591 testium
587 4524 771 4600 inferciunt,
794 4522 850 4585 sed
880 4522 991 4585 etiam>
1006 4522 1041 4585 in
1070 4522 1254 4587 tunicarum
1279 4526 1379 4591 inter-

296 4770 300 4781 ·
314 4728 324 4822 :r
336 4728 415 4810 sm
422 4729 499 4791 m]
511 4734 532 4777 η·
544 4730 581 4777 ρὰ,
593 4730 642 4815 *qa
851 4724 964 4801 plurimis
973 4725 998 4772 io
1006 4741 1085 4773 noum
1093 4729 1222 4836 eqngestis.
1234 4730 1272 4778 Cl.
1282 4732 1379 4780 Erasini

314 4794 664 4921 dioildbiiiiimliediuil}
687 4858 715 4905 ue
738 4855 809 4903 mala
852 4790 1113 4915 Aluii'lriiiill'i
1125 4792 1377 4903 ifd'pmfflu‘c'

803 4940 857 4999 30
