3825 5759
501 674 896 740 onsuuvmoumu
919 673 1206 738 MEDICARUM
1229 681 1279 733 VI.
1292 686 1319 735 e.
1395 675 1460 736 257

357 837 527 902 ferendum
543 837 628 902 circa
641 838 726 921 ipsos
740 857 844 916 renea,
860 835 1034 920 aliquando
1048 843 1082 900 et
1096 841 1239 899 ureteres
1254 854 1458 917 peromnem
1476 844 1611 893 aaroni·

357 961 469 1006 eorum
492 941 626 1005 ductum
650 941 692 1004 ad
710 941 848 1006 vesicam
870 960 974 1022 usque
995 937 1119 1017 eodem,
1139 939 1213 1002 licet
1234 937 1366 1016 mitiori,
1386 946 1458 1001 ten·
1471 923 1611 990 Q

356 1049 479 1108 tantur.
526 1043 592 1108 Qui
612 1049 645 1107 et
667 1043 748 1106 mihi
762 1043 839 1106 olim
859 1042 1024 1126 imposuit,
1038 1048 1197 1124 tanquam
1216 1041 1387 1104 amateria
1400 1040 1459 1104 ali·

359 1167 423 1229 qua
436 1145 585 1210 sabulosa
605 1145 641 1208 in
655 1146 695 1209 iis
716 1145 862 1229 partibus
883 1145 1038 1208 haerente
1055 1144 1210 1226 penderet
1218 1169 1229 1222 3
1251 1165 1327 1207 cum
1348 1165 1460 1207 revera

357 1248 511 1312 materiae
526 1248 764 1312 Rheumatismi
785 1247 933 1331 peccanti
950 1254 984 1311 et
1000 1247 1219 1310 inflammatae
1234 1253 1342 1309 ertum
1363 1267 1458 1308 suum

359 1349 485 1428 debeat,
502 1371 583 1434 quae
598 1351 729 1434 quidem
750 1357 858 1434 partes
872 1350 943 1414 illas
962 1350 1031 1434 jam
1046 1350 1129 1413 solas
1148 1350 1225 1428 urit,
1240 1350 1364 1413 intacto
1384 1350 1458 1412 reli·

360 1473 424 1534 quo
438 1472 578 1535 corpore
624 1452 782 1516 Immanis
796 1452 850 1516 hic
870 1452 970 1532 dolor,
985 1454 1049 1516 nisi
1063 1452 1214 1536 abigatur
1232 1453 1346 1518 eodem
1362 1452 1459 1516 modo

361 1575 425 1638 quo
439 1555 526 1638 prior
540 1555 670 1639 species,
685 1556 806 1639 pariter
820 1555 918 1620 etiam
936 1556 1101 1639 perdurat,
1116 1556 1186 1640 pari
1201 1556 1333 1619 saevitia
1344 1575 1458 1619 excru-

361 1657 470 1735 eians3
498 1659 579 1722 *adeo
598 1666 636 1723 ut
657 1659 755 1724 miser
776 1664 916 1742 nequeat
938 1658 1157 1742 procumbere,
1180 1658 1237 1722 sed
1258 1659 1309 1722 vel
1331 1679 1349 1722 e
1370 1658 1458 1722 lecto

362 1758 481 1838 exiliat,
496 1761 545 1824 vel
565 1783 661 1845 super
674 1761 788 1826 eodem
808 1769 935 1826 uacuas
950 1761 1070 1840 sedeat,
1086 1783 1217 1845 corpore
1238 1761 1370 1826 interim
1385 1783 1458 1845 per·

360 1868 461 1945 petua
472 1864 649 1946 agitatione
663 1887 752 1930 nunc
760 1885 870 1930 versus
884 1865 1056 1945 anteriora,
1067 1887 1156 1930 nuno
1170 1865 1355 1950 posteriora,
1367 1865 1459 1930 incli-

362 1972 440 2030 nato
454 1965 661 2052 reductoque

410 2068 473 2152 [4.]
499 2069 583 2134 Cum
604 2078 742 2154 utraque
767 2071 847 2136 hacc
869 2071 975 2136 morbi
997 2071 1117 2154 speeies
1139 2070 1180 2135 ab
1205 2072 1460 2136 inflammatione
1474 2080 1613 2160 011—an

361 2167 508 2236 videatur
532 2171 618 2250 oriri,
643 2173 729 2256 quod
752 2179 824 2237 tum
850 2175 919 2258 jam
945 2174 1033 2238 diota
1057 2181 1201 2257 arguunt
1225 2175 1459 2258 phaenomena,
1474 2169 1586 2281 cuppae

361 2279 433 2336 tum
455 2274 643 2356 praesertim
672 2276 839 2359 sanguinis
861 2278 1118 2342 venae-sectione
1144 2278 1253 2342 educti
1274 2279 1372 2358 color,
1397 2249 1615 2360 (ut-{iiiiii

361 2382 437 2458 pote
452 2377 508 2460 qni
527 2378 768 2461 pleuriticorum
789 2379 941 2462 sanguini
960 2387 1029 2444 tam
1049 2387 1099 2444 est
1119 2381 1232 2445 similis
1248 2403 1345 2464 quam
1364 2403 1461 2445 ovum
1474 2363 1605 2482 iffi

362 2479 443 2560 ovo,)
475 2499 581 2563 neque
611 2481 780 2564 qnisquam
814 2483 1003 2566 reperiatur,
1033 2485 1088 2568 qui
1116 2485 1177 2549 hos
1206 2485 1461 2549 inflammatione
1474 2507 1616 2540 venae-see·

362 2578 508 2645 laborarc
522 2582 572 2647 vel
587 2583 718 2666 quidem
733 2583 928 2650 dubitaverit
936 2611 946 2664 3
969 2585 1021 2649 hia
1038 2587 1206 2670 (inquam)
1223 2587 1272 2651 ita
1291 2607 1326 2651 se
1339 2587 1460 2651 haben·
1474 2557 1615 2682 {miii

362 2681 460 2760 tibus,
484 2705 598 2749 censeo
622 2681 682 2770 ego
704 2688 905 2752 curationem
928 2709 997 2752 non
1018 2689 1149 2752 aliunde
1170 2711 1267 2772 qnam
1291 2689 1462 2772 aphlebo-
1474 2684 1615 2797 ff'ffffl·

362 2784 464 2849 tomia
478 2785 593 2851 debere
612 2789 696 2853 mini
704 2815 715 2868 3
737 2791 896 2874 sauguine
910 2791 1043 2856 interim
1063 2799 1312 2875 contemperato,
1328 2794 1462 2876 ejusque
1516 2764 1543 2798 ω

362 2887 464 2954 nimio
492 2889 615 2955 fervore
642 2913 796 2977 reproeso,
825 2900 898 2958 tum
923 2894 1167 2958 medicamentis
1196 2894 1463 2976 refrigerantibus

363 2995 460 3072 atque
474 2990 736 3076 mammantibus,
751 3003 824 3060 tum
839 2997 936 3062 etiam
951 2998 1164 3062 conveniente
1177 2997 1345 3080 regimine.

376 3131 386 3147 ·
412 3097 473 3181 [5.]
500 3098 550 3162 Ae
578 3099 713 3182 proinde
738 3107 777 3165 ut
801 3102 943 3186 primum
973 3123 1125 3180 accersor,
1152 3101 1264 3166 statim
1293 3101 1461 3184 sanguinis

363 3199 475 3264 uncias
500 3201 612 3265 decem
635 3223 654 3266 e
675 3203 807 3269 brachio
825 3205 935 3270 lateris
962 3205 1067 3270 affecti
1082 3205 1177 3270 mitti
1194 3204 1304 3290 jubeo,
1325 3213 1359 3269 et
1378 3206 1463 3290 jula-

363 3302 453 3384 pium
473 3303 667 3388 reftigerana
688 3307 932 3393 incrassansque
953 3307 997 3372 ad
1017 3308 1102 3372 hanc
1115 3308 1183 3372 fere
1200 3327 1349 3372 normam
1371 3327 1463 3392 prae·

365 3402 531 3468 scribo:—

367 3585 469 3655 [Fom.
481 3589 557 3662 40.]Ι
579 3589 610 3670 R
629 3594 723 3664 Aquae
735 3595 918 3668 Nymphaea,

504 3739 505 3742 Ἴ
630 3679 751 3752 [Aquae]
768 3683 931 3748 Portulaeae,

631 3765 752 3838 [Aquae]
768 3769 909 3832 Lactucae,
921 3787 975 3824 ana
986 3771 1079 3824 uncias
1091 3778 1213 3841 quatuor,

628 3853 723 3928 Syrupi
737 3856 770 3910 de
783 3857 955 3912 Limonibusy
966 3859 1171 3928 sesquiunciam,

628 3941 725 4012 Sympi
737 3942 875 3998 Vioiaram
889 3944 996 3996 amotam
1008 3959 1110 4006 uuam3

503 4026 590 4082 Misce
602 4048 609 4092 3
626 4027 673 4082 fiat
680 4029 822 4098 julapium,
835 4027 868 4084 de
880 4044 933 4098 qao
944 4029 1020 4084 bibat
1031 4029 1066 4084 ad
1077 4028 1200 4084 libitum:

364 4201 414 4266 vel
428 4203 527 4268 etiam
541 4205 754 4272 emulsiouem
767 4205 804 4271 in
823 4207 990 4272 curatione
1003 4207 1110 4273 morbi
1123 4207 1265 4272 lateralis
1282 4208 1352 4290 jam
1373 4208 1415 4292 [e.
1430 4211 1462 4272 3.

366 4305 384 4388 b
400 4305 446 4390 6.]
467 4306 669 4392 descriptam.
707 4307 762 4373 Ad
777 4309 919 4373 dolorem
933 4307 1123 4386 sedandum,
1138 4307 1334 4390 cataplasma
1347 4328 1366 4370 e
1379 4307 1465 4372 mica

363 4407 455 4488 panis
467 4408 605 4490 siliginei
618 4417 651 4474 et
661 4410 743 4475 laete
754 4431 847 4476 croco
862 4409 976 4489 tincto,
986 4411 1057 4475 val¹
1068 4409 1182 4474 folium
1195 4408 1364 4486 brassicae,
1379 4410 1465 4492 parti

365 4511 497 4578 affectae
512 4511 750 4596 applicandum,
766 4519 800 4578 et
819 4532 914 4596 saepe
933 4511 1164 4587 renovandum,
1179 4530 1267 4574 curo.
1313 4510 1465 4574 Diaetam

365 4614 451 4696 quod
471 4619 605 4700 spectat,
620 4613 773 4680 carnibus
787 4633 918 4700 prorsus
939 4613 1109 4692 interdico,
1124 4612 1203 4694 quin
1219 4619 1379 4678 eteorum
1395 4614 1464 4698 jua-

398 4803 409 4827 ¹
427 4797 465 4845 Cf.
477 4797 573 4846 sermm.
588 4799 642 4852 1⁰2,
655 4799 709 4845 169.
970 4803 979 4826 ¹
995 4793 1150 4856 oet-erm]
1162 4811 1211 4846 om.
1223 4797 1259 4844 ed
1271 4797 1318 4847 Ἦ.

398 4867 408 4899 5
426 4863 478 4923 Syr.
490 4879 502 4910 a
514 4863 584 4910 Saoce
596 4863 654 4908 carr.
666 4861 703 4908 cd.
716 4861 763 4912 ’76-

895 4941 942 5004 al
