3825 5759
423 658 820 722 OBSERVATIONUM
843 656 1128 724 MEDICARUM
1151 666 1210 719 111.
1229 670 1254 718 2.
1330 661 1392 722 123

289 815 379 894 tudo,
413 818 621 896 vomituritio,
650 826 710 883 etc.
741 820 913 883 immanius
947 820 1104 903 affiigsmt,
1142 819 1259 903 quibus
1292 819 1392 901 signis
1404 828 1545 876 Vsnoms

290 918 422 985 Medico
433 922 538 1004 sagaci
553 922 652 985 etiarn
666 929 741 985 ante
756 922 957 1005 eruptionem
970 922 1177 987 Confluentes
1192 944 1226 986 se
1239 921 1391 1005 produnt.
1405 893 1545 1004 {5222ss

290 1022 511 1087 Nihilominus
529 1046 598 1087 non
612 1025 658 1087 ita
671 1031 818 1108 prompte
832 1024 885 1087 hic
904 1025 940 1088 in
955 1024 1086 1088 sudores
1101 1025 1284 1089 dissolvitur
1298 1045 1393 1107 aeger
1407 1021 1546 1100 Q

290 1145 328 1187 ac
349 1125 385 1187 in
407 1125 469 1189 alio
489 1146 606 1208 genere
622 1126 690 1209 jam
712 1148 808 1209 supra
828 1125 997 1209 descripto,
1011 1125 1079 1190 ubil
1094 1148 1223 1209 magna,
1237 1132 1276 1189 ut
1295 1127 1342 1204 lit,
1357 1126 1392 1189 in

290 1227 420 1291 eosdem
445 1230 614 1312 propensio
636 1236 674 1293 ut
695 1228 872 1311 plurimum
893 1229 1105 1311 praenunciat
1131 1229 1287 1307 Variolas,
1310 1250 1392 1311 quae

290 1348 366 1391 mox
394 1338 574 1412 erumpent,
608 1331 741 1393 minime
774 1330 987 1395 confluxuras.
1049 1329 1227 1394 Diarrhoea
1261 1330 1393 1413 insuper

290 1451 526 1513 nonnunquam
548 1432 748 1514 eruptionem
777 1431 948 1514 praecedit,
964 1439 998 1495 et
1021 1430 1062 1494 ad
1088 1431 1173 1493 diem
1192 1432 1295 1494 unum
1314 1432 1392 1495 alte-

290 1552 402 1593 rumve
412 1538 484 1615 post
499 1532 587 1595 illam
597 1532 796 1615 protrahitm
803 1558 813 1610 ;
829 1531 915 1615 quod
927 1532 1057 1615 quidem
1071 1532 1106 1594 in
1121 1532 1269 1595 Discreto
1279 1532 1392 1596 Vario·

289 1632 396 1695 lorum
411 1654 528 1715 genere
542 1633 689 1697 nondum
703 1634 784 1697 mihi
798 1633 935 1715 contigit
950 1632 1126 1697 observare.

342 1734 402 1817 [7.]
429 1734 537 1798 Tertio
562 1736 797 1818 utplurimum
819 1734 870 1798 die
892 1736 1032 1819 erumpit
1054 1736 1173 1818 species
1201 1736 1290 1813 haec,
1317 1742 1393 1800 ante

290 1836 384 1899 illum
407 1836 587 1920 aliquando,
607 1838 658 1900 vix
677 1858 821 1921 unquam
840 1844 913 1921 post
934 1838 1044 1916 illum3
1069 1858 1144 1901 cum
1164 1837 1329 1901 Discretae
1344 1838 1394 1901 vel

290 1940 362 2021 ipso
378 1938 429 2002 die
451 1946 565 2022 quarto
587 1940 741 2025 inclusive
762 1961 782 2003 a
803 1940 907 2024 primo
928 1939 1052 2003 insultu
1073 1939 1187 2018 morbi,
1201 1940 1252 2003 vel
1272 1946 1392 2023 postea,

291 2048 369 2104 ante
390 2042 481 2105 illum
499 2063 573 2106 raro
592 2042 776 2119 admodum,
798 2062 832 2105 se
851 2048 1050 2107 monstrent:
1083 2049 1268 2125 quantoque
1289 2044 1393 2129 magis

292 2150 443 2225 quartum
457 2144 549 2207 illum'
571 2144 657 2207 diem
679 2146 909 2227 praeverterint
924 2144 1084 2223 Variolae,
1098 2150 1190 2208 tanto
1205 2144 1303 2208 etiam
1318 2166 1393 2209 con-

291 2244 395 2307 fluent
423 2248 535 2329 magis.
582 2246 736 2311 Quamvis
767 2253 874 2309 autem
906 2246 955 2327 (ut
982 2246 1173 2328 generaliter
1199 2247 1391 2330 loquemur)

292 2346 500 2412 Confluentes
532 2347 617 2411 diem
651 2354 803 2431 quartum
830 2348 883 2411 vix
907 2349 1153 2432 praestolentur,
1182 2371 1327 2433 unquam
1356 2350 1394 2413 fit

292 2458 403 2513 tamen
421 2450 506 2532 (licet
522 2450 637 2534 oppido
651 2452 744 2533 raro,)
756 2458 793 2514 ut
804 2450 845 2514 ob
861 2450 1000 2515 atrocius
1015 2451 1144 2533 aliquod
1158 2459 1340 2535 symptoma
1353 2452 1395 2514 ad

293 2560 444 2635 quartum
466 2552 517 2615 vel
538 2552 688 2635 quintum
710 2572 811 2635 usque
833 2552 918 2615 diem
940 2552 1108 2615 differatur
1129 2554 1273 2636 erupti03
1306 2552 1395 2616 verbi

293 2654 406 2736 gratia,
432 2654 635 2717 acutissimus
665 2654 764 2732 dolor,
794 2655 943 2719 nuncin
971 2655 1102 2736 regione
1130 2653 1314 2718 lumborum
1338 2675 1395 2737 pa·

293 2755 433 2839 roxysmi
452 2755 623 2837 nephritici
643 2756 796 2835 aemulus,
813 2776 901 2821 nunc
922 2756 958 2818 in
979 2756 1078 2819 latere
1095 2756 1197 2838 qualis
1211 2756 1395 2838 pleuriticos

292 2864 395 2935 vexat,
419 2855 526 2921 nuncl
549 2858 584 2919 in
606 2858 740 2921 artubus
765 2866 802 2921 ut
826 2858 861 2920 in
884 2857 1125 2934 rheumatismo,
1140 2877 1229 2919 nunc
1255 2856 1395 2939 denique

292 2960 328 3023 in
342 2958 518 3023 ventriculo
534 2980 607 3023 cum
626 2960 752 3041 ingenti
770 2958 970 3041 aegritudine
985 2966 1018 3020 ct
1032 2958 1155 3021 vomitu
1169 2958 1303 3036 enormi,
1318 2966 1394 3021 ante

293 3063 495 3145 eruptionem
510 3082 641 3143 aegrum
660 3061 775 3143 fatigat
793 3060 957 3143 angitque.
1004 3060 1103 3123 Hisce
1116 3060 1152 3122 in
1166 3059 1292 3125 casibus
1309 3061 1394 3143 (licet

294 3164 512 3247 infrequentes
527 3163 613 3245 sint)
625 3162 771 3226 Variolns
783 3162 875 3225 solito
887 3162 988 3225 serius
996 3183 1163 3246 erumpere
1174 3162 1393 3242 animadverti,

293 3274 405 3349 utpote
435 3266 475 3329 ab
504 3265 638 3328 immani
667 3271 920 3348 symptomatum
952 3264 1112 3330 dictorum
1139 3266 1291 3330 violentia
1318 3288 1393 3331 con-

295 3370 421 3433 strictas
450 3376 546 3451 atque
572 3368 740 3451 impeditas
751 3393 760 3447 3
792 3388 872 3450 quae
902 3366 1033 3450 quidem
1058 3376 1273 3453 symptomata
1294 3370 1394 3433 solitis

294 3471 532 3535 vehementiora
552 3492 626 3534 cum
646 3489 764 3553 agmen
783 3470 912 3547 ducant,
928 3470 1009 3533 mihi
1029 3471 1106 3534 satis
1125 3478 1233 3554 aperte
1249 3471 1395 3536 indicant

296 3581 460 3637 secuturas
475 3572 630 3650 Variolas,
645 3578 678 3634 et
693 3591 711 3634 e
727 3570 968 3635 confluentium
983 3592 1099 3654 genere
1113 3592 1191 3650 esse,
1206 3579 1239 3636 et
1253 3572 1395 3655 periodo

296 3677 429 3740 minime
443 3696 564 3739 vacare.

341 3780 401 3863 [8.]
429 3781 474 3844 At
485 3800 558 3843 vero
571 3778 668 3861 (quod
674 3778 743 3861 jam
751 3776 895 3860 proxime
904 3776 1099 3860 dicendum)
1109 3778 1396 3843 licetinDiscretis

297 3902 371 3945 mox
397 3881 436 3945 ab
463 3881 630 3964 eruptione
659 3879 720 3962 (uti
748 3878 873 3941 dictum
902 3883 972 3961 est,)
1005 3900 1086 3962 quae
1110 3880 1215 3944 morbi
1239 3880 1397 3943 insultum

298 3984 533 4049 comitabantur
565 3987 780 4065 symptomata
812 3978 938 4043 nullum
968 3980 1037 4062 jam
1071 3981 1207 4064 amplius
1239 3981 1399 4045 facessant

298 4087 473 4169 negotium,
482 4086 518 4148 in
529 4081 775 4148 Confluentibus
789 4080 884 4162 longe
899 4080 992 4143 aliter
1006 4101 1040 4143 se
1053 4101 1104 4143 res
1119 4080 1226 4158 habet,
1242 4101 1316 4143 eum
1330 4087 1399 4143 tum

297 4189 395 4252 febris
409 4210 506 4272 quam
527 4187 589 4251 alia
603 4190 819 4270 symptomata
837 4184 935 4247 etiam
950 4183 992 4246 ad
1005 4182 1125 4245 multos
1140 4183 1207 4245 dies
1222 4203 1243 4244 a
1255 4182 1398 4264 pustula·

297 4312 370 4354 rum
385 4290 553 4372 eruptione
570 4308 703 4369 aegrum
717 4284 920 4348 discrucient.

347 4390 407 4474 [9.]
435 4388 583 4451 Variolae
598 4387 702 4450 dictae
721 4406 809 4449 nunc
829 4383 1027 4467 erysipelatis
1043 4384 1119 4462 ritu,
1135 4404 1223 4447 nunc
1237 4384 1398 4449 morbillo·

299 4511 371 4552 rum
391 4494 575 4571 erumpunt,
599 4508 619 4549 a
640 4486 757 4569 quibus
780 4506 846 4549 non
869 4484 933 4547 nisi
956 4506 976 4547 a
999 4484 1130 4549 Medico
1150 4486 1186 4549 in
1207 4486 1258 4550 bis
1279 4486 1400 4551 morbis

298 4590 511 4653 versatissimo
533 4588 787 4669 distinguuntur,
810 4584 923 4648 saltem
946 4584 1051 4667 quoad
1075 4584 1191 4649 faciem
1213 4594 1379 4651 externam
1389 4615 1399 4666 3

299 4712 375 4753 nam
391 4690 446 4773 qui
461 4689 502 4753 ad
517 4688 623 4772 dispar
636 4689 673 4750 in
686 4692 823 4766 utroque
837 4684 949 4749 morbo
965 4685 1141 4767 eruptionis
1155 4694 1293 4771 tempus,
1309 4688 1401 4751 alias-

363 4820 371 4859 l
389 4814 571 4877 ubi-conflua]
584 4830 631 4863 om.
644 4814 680 4861 ed.
694 4810 741 4860 '76-
922 4812 933 4843 ¹¹
951 4813 1166 4877 nune-rame]
1179 4830 1226 4863 om.
1239 4817 1275 4863 ed.
1288 4816 1335 4865 ⁹76.
