3825 5759
572 669 637 732 326
696 667 801 732 TIIO.
825 667 1086 732 SYDENHAM
1108 667 1248 733 nrlsn
1266 667 1316 732 11.
1333 668 1595 734 unsPoNs.

433 832 475 882 na
488 833 547 884 aua
570 819 705 886 eandem
728 819 824 903 longe
845 819 1022 886 faciliorem
1042 819 1245 900 assuminus
1265 819 1381 886 itidem
1401 820 1716 904 patarinum«

416 897 558 997 Q
568 923 676 986 minus
690 921 846 986 recidivae
857 922 1030 988 obnoxiam
1037 947 1048 1002 ς
1071 923 1159 1006 quod
1171 923 1392 1006 experimento
1405 943 1470 986 sno
1483 923 1626 988 discet
1639 925 1716 1005 qn&¹

414 1001 641 1106 ffllffitquis
662 1023 698 1088 in
719 1024 821 1088 altera
841 1025 933 1108 praxi
954 1033 1109 1105 versatus,
1124 1025 1167 1090 ad
1192 1027 1278 1090 hanc
1302 1046 1338 1090 se
1360 1025 1505 1090 demum
1534 1027 1716 1090 conferet

413 1115 547 1227 mm·
568 1125 656 1190 Mihi
674 1125 789 1190 saltem
810 1147 850 1190 ex
871 1127 973 1192 animi
994 1129 1157 1194 sententia
1177 1128 1329 1193 successit
1349 1127 1387 1190 in
1407 1148 1522 1210 quam
1542 1128 1716 1210 plurimi

413 1243 494 1290 noxia.
566 1227 679 1310 aegris,
695 1249 832 1311 quorum
847 1230 997 1294 nonnulli
1016 1230 1211 1295 sabrationis
1225 1230 1370 1295 taedium
1388 1235 1424 1294 et
1436 1228 1624 1294 laborem
1639 1232 1715 1314 plu<

566 1327 666 1392 semel
686 1327 777 1394 irrito
798 1337 918 1395 conatu
940 1332 1192 1410 exantlaverant,
1214 1331 1388 1414 recidivam
1408 1352 1561 1415 semper
1593 1333 1710 1396 denuc

565 1427 650 1512 passi
665 1451 705 1496 ex
719 1433 948 1512 occasionibus,
964 1440 998 1498 ct
1011 1441 1147 1518 propter
1159 1454 1281 1513 causas,
1297 1454 1376 1517 quas
1391 1453 1495 1518 supra
1521 1455 1708 1500 memora·

566 1553 681 1598 ramus.

612 1685 695 1771 [41.]
724 1685 802 1752 Non
823 1693 872 1752 est
894 1692 1014 1766 autem,
1028 1685 1090 1750 vir
1109 1685 1352 1765 eandidissime,
1367 1707 1427 1750 cur
1444 1687 1567 1751 ‘lisam
1593 1690 1699 1753 fidem

562 1786 733 1852 verborum
748 1787 935 1871 ambagibus
950 1788 1045 1851 anxie
1059 1787 1238 1865 sollicitem,
1250 1785 1315 1870 qui,
1327 1785 1533 1870 jamdudum
1550 1789 1603 1853 de
1620 1813 1694 1872 pro

562 1886 663 1952 bitate
678 1909 751 1952 mea
769 1891 1038 1973 persuasissimus,
1054 1889 1283 1954 existimationi
1296 1888 1395 1952 etiam
1414 1896 1559 1953 nostrae
1575 1891 1691 1954 favere

562 1988 713 2071 dignaris.
760 1991 859 2054 Plura
880 1991 991 2075 itaque
1013 1990 1053 2054 de
1071 1991 1133 2055 boc
1150 1990 1264 2055 morbo
1285 2012 1353 2056 non
1374 1990 1470 2070 addo,
1490 2013 1577 2056 eum
1604 1996 1686 2056 mibi

561 2089 750 2172 neutiquam
772 2089 896 2172 placeat
917 2091 995 2176 (nee
1015 2091 1155 2175 placebit
1175 2093 1343 2176 unquam,)
1366 2092 1474 2176 longis
1494 2094 1681 2158 verborum

560 2189 749 2272 ambagibus
769 2198 802 2254 et
824 2193 1025 2256 sermonibus
1039 2191 1304 2280 ἀπροσδωνύσοις
1321 2195 1476 2259 nucleum
1492 2195 1678 2275 involvere,

560 2311 623 2376 quo
645 2291 692 2354 rei
713 2299 820 2374 eaput,
836 2313 896 2356 eeu
915 2295 986 2358 Nili
1006 2296 1089 2374 fons,
1105 2297 1232 2379 aegrius
1253 2297 1445 2361 innotescat.
1491 2297 1675 2364 Quantali-

558 2412 685 2476 eunque
701 2399 810 2457 autem
826 2393 943 2460 sithoc
959 2399 1150 2480 opusculum
1172 2397 1236 2462 sive
1257 2398 1362 2482 pretii,
1378 2397 1443 2461 sive
1456 2399 1568 2478 molis,
1584 2401 1622 2464 id
1637 2411 1672 2464 at

558 2494 635 2560 boni
649 2495 797 2561 consulas
812 2517 901 2581 rogo,
917 2520 993 2562 cnm
1006 2499 1088 2562 illud
1102 2521 1141 2563 eo
1158 2500 1329 2584 praecipue
1343 2500 1408 2564 tine
1422 2499 1667 2580 elaboraverim,

557 2605 595 2662 ut
610 2603 643 2662 et
662 2597 697 2662 in
711 2597 835 2664 bonum
850 2599 1017 2685 publicum
1036 2601 1175 2681 cederet,
1191 2609 1224 2667 et
1240 2623 1304 2686 quo
1323 2602 1359 2666 in
1373 2603 1420 2666 'l'e
1433 2623 1539 2666 essem
1555 2605 1665 2667 animo

555 2701 662 2786 palam
676 2709 831 2782 testarer;
855 2703 1095 2788 quantumlibet
1110 2711 1219 2768 autem
1233 2705 1343 2788 magni
1356 2703 1402 2769 'l'e
1417 2703 1544 2784 faciam,
1559 2706 1663 2790 major

556 2807 668 2870 tamen
690 2805 796 2870 adhuc
816 2806 888 2871 'libi
908 2807 1012 2872 honos
1034 2804 1172 2871 debetur
1193 2814 1226 2871 et
1249 2829 1269 2871 a
1289 2828 1352 2886 me,
1367 2813 1401 2871 et
1422 2806 1463 2871 ab
1484 2807 1524 2870 iis
1546 2809 1658 2892 qmbus

556 2927 683 2974 summa
702 2909 758 2974 illa
779 2909 850 2975 'lua
872 2909 1019 2990 eruditio,
1035 2931 1163 2974 morum
1185 2909 1333 2989 suavitas,
1348 2908 1511 2992 animique
1529 2909 1654 2990 candor,

555 3019 763 3096 caeteraeque
783 3012 919 3078 vimutes
941 3011 1038 3077 laude
1057 3009 1273 3094 dignissimae,
1288 3011 1335 3074 ita
1356 3011 1441 3074 clare
1462 3011 1651 3076 elucescunt.

556 3111 657 3179 Haud
686 3115 834 3199 equidem
864 3114 935 3179 'libi
965 3122 1121 3193 assentor,
1148 3113 1273 3198 quoties
1301 3114 1455 3197 profiteor
1477 3135 1528 3179 me
1551 3113 1649 3178 Tuam

554 3216 737 3294 amicitiam,
765 3237 804 3278 ex
830 3237 893 3298 quo
919 3237 973 3280 me
995 3217 1137 3299 primum
1163 3237 1202 3281 aa
1224 3214 1469 3295 condecorabas,
1494 3217 1574 3281 inter
1596 3219 1647 3281 illa

554 3337 635 3397 quae
655 3315 734 3378 mibi
752 3316 930 3398 comparavi
950 3317 1182 3399 pretiosissima
1198 3319 1512 3403 luculentissimaque
1529 3339 1644 3402 semper

554 3415 713 3481 babuisse.
759 3419 853 3482 Inter
872 3419 934 3483 alia
953 3420 1042 3484 enim
1060 3420 1097 3484 in
1115 3421 1204 3487 brevi
1221 3423 1305 3487 vitae
1322 3422 1479 3487 cuniculo
1493 3443 1513 3485 a
1528 3441 1577 3485 me
1590 3422 1640 3486 ob·

554 3523 679 3582 servata
698 3518 849 3584 eximium
868 3529 917 3586 est
938 3521 1037 3603 istud,
1055 3525 1267 3608 (quodetiam
1281 3524 1347 3589 lilio
1363 3545 1436 3589 mco
1453 3523 1636 3588 commenda-

553 3617 713 3683 tissimum
735 3642 803 3686 esse
825 3623 918 3708 volo,)
942 3624 1114 3690 hominum
1135 3625 1256 3690 scilicet
1277 3625 1438 3710 probitate
1459 3626 1634 3709 caeterisque

554 3719 726 3786 virtutibus
747 3726 1013 3808 praecellentium
1033 3729 1301 3794 consuetudinem
1322 3749 1448 3813 semper
1468 3729 1540 3792 mibi
1558 3751 1631 3793 oom-

553 3821 649 3888 modo
660 3825 790 3891 vertisse
805 3835 902 3912 atque
917 3830 1138 3896 emolumento
1146 3857 1156 3910 3
1175 3837 1272 3917 atque
1283 3854 1323 3897 ex
1334 3833 1475 3913 adverso,
1485 3853 1630 3917 pravorum

553 3925 736 4011 amicitiam,
755 3931 828 4014 (nisi
843 3953 882 3998 ea
896 3933 1003 4018 potius
1018 3936 1212 4015 combinatio,
1228 3937 1294 4001 sive
1308 3937 1406 4002 etiam
1421 3938 1577 4021 maara
1588 3937 1628 4000 di-

553 4029 656 4096 cenda
674 4031 726 4112 sit,
742 4055 824 4118 quas
842 4035 878 4099 in
892 4035 1013 4101 virtute
1032 4058 1101 4102 non
1119 4037 1298 4122 fundatur,)
1321 4039 1466 4124 quamvis
1484 4061 1537 4104 nee
1551 4039 1625 4104 dictu

552 4153 614 4200 nec
636 4133 728 4201 vultu
747 4135 877 4222 quidem
900 4159 953 4204 me
974 4138 1127 4205 laeserint
1149 4159 1304 4223 unquam,
1323 4147 1438 4205 tamen
1459 4139 1624 4224 nescioquo

552 4247 647 4324 pacto
668 4239 801 4306 tandem
821 4241 996 4326 aliquando
1017 4247 1074 4305 aut
1096 4239 1179 4304 mihi
1200 4245 1257 4304 aut
1278 4240 1375 4305 rebus
1396 4240 1477 4306 meis
1496 4241 1559 4305 nali
1576 4245 1622 4304 ant

552 4341 664 4406 damni
679 4343 841 4430 quippiam
856 4343 1026 4410 affricasse.
1057 4343 1150 4424 Vale,
1162 4342 1223 4407 Vir
1234 4341 1487 4424 Humanissima,
1497 4350 1525 4408 et
1534 4363 1620 4408 amam

552 4465 650 4529 perge

1030 4533 1094 4599 ,M
1109 4553 1237 4620 semper
1248 4529 1549 4597 ommntissimum
1662 4580 1670 4594 ·

646 4711 792 4776 iconam«,
1205 4633 1312 4701 'fflo‘
1338 4632 1579 4700 SYDENHAM·

583 4791 657 4842 Μιη.
672 4795 708 4844 10.
723 4795 854 4863 ransc]
926 4873 937 4908 a
954 4869 1054 4920 Md
1065 4869 1120 4934 aa]
1132 4883 1180 4919 ,m
1191 4867 1227 4916 «ι
1240 4867 1287 4916 aa.
