3825 5759
512 670 554 733 56
820 670 1015 735 ΤΗΟΜΑΕ
1041 672 1299 736 SYDENHAM

380 850 477 898 resin
509 856 547 899 ac
576 834 713 896 salutem
743 832 832 896 vanis
861 832 990 895 illorum
1019 834 1225 915 opinionibus
1248 834 1344 916 louge
1369 835 1610 901 anteferendam

371 916 484 963 Cossis.
629 935 641 979 f

357 980 495 1027 Assoron
509 958 624 1001 censeo
641 984 648 998 '

378 1046 481 1091 '61-’64-
558 1040 611 1123 [41
618 1039 640 1122 .]
661 1036 856 1101 Methodus⁸
870 1038 1027 1101 hactenus
1039 1044 1196 1116 enarrata,
1208 1038 1317 1122 siquis
1332 1039 1421 1103 illam
1432 1040 1610 1123 prudenter

356 1136 497 1247 bliapbae-
510 1150 543 1207 et
563 1164 637 1206 cum
660 1142 820 1204 destinato
838 1140 938 1203 animi
957 1141 1091 1204 consilio
1108 1142 1332 1221 observaverit,
1354 1165 1475 1225 aegros,
1491 1145 1519 1207 si
1540 1167 1609 1209 non

357 1262 413 1309 dam
423 1215 498 1325 liujus
510 1246 550 1311 ab
562 1244 722 1322 omnibus,
728 1245 841 1307 saltem
851 1243 1185 1325 aplerisquemolestis
1194 1245 1258 1307 illis
1268 1247 1536 1328 symptomatibus
1546 1248 1608 1310 im-

357 1326 498 1453 ξτειξὲᾞῖζ
510 1370 625 1412 munes
634 1346 819 1431 praestabit,
831 1366 913 1428 quae
928 1346 1013 1408 hanc
1028 1345 1185 1409 Febremh
1197 1348 1248 1410 vel
1259 1349 1416 1426 comitari,
1428 1350 1478 1412 vel
1489 1350 1606 1413 eidem¹

357 1471 441 1503 curam
510 1450 712 1535 supervenire
728 1449 840 1526 solent,
858 1469 1002 1531 quaeque
1017 1448 1185 1511 Medicum
1200 1450 1301 1512 animi
1315 1451 1498 1533 ancipitem,
1510 1460 1608 1535 atque

357 1519 487 1581 postulant
508 1574 602 1637 saepe
616 1552 650 1615 in
670 1552 844 1616 curationis
864 1551 1003 1615 decursu
1020 1551 1144 1614 consilii
1159 1572 1241 1634 pene
1264 1561 1425 1634 expertem
1446 1553 1607 1632 reddunt;

507 1656 607 1720 immo
622 1662 654 1719 et
673 1656 759 1718 illius
780 1675 875 1719 curae
893 1654 1079 1717 commissos
1098 1676 1166 1717 uon
1185 1676 1258 1718 raro
1278 1676 1296 1717 e
1316 1656 1422 1719 medio
1444 1656 1607 1735 auferunt,

507 1759 634 1823 etiamsi
648 1758 753 1822 morbi
772 1766 890 1821 natura
904 1764 1043 1819 mortem
1058 1777 1124 1819 non
1144 1756 1348 1821 interminari
1362 1758 1430 1821 visa
1444 1759 1496 1821 sit.
1542 1760 1608 1823 Sed

508 1860 767 1946 quandoquidem
782 1860 832 1923 vel
847 1880 1015 1941 aegrorum
1031 1860 1125 1940 culpa
1136 1859 1304 1923 Medicum
1319 1880 1386 1923 non
1401 1861 1478 1923 satis
1493 1882 1607 1944 oppor-

508 1973 588 2029 tune
608 1962 850 2039 acoersentium,
865 1962 914 2024 vel
929 1961 1029 2044 ipsius
1050 1962 1172 2024 Medici
1192 1962 1310 2026 minori
1326 1962 1390 2025 sive
1408 1962 1523 2045 peritia
1542 1964 1607 2027 sive

509 2066 643 2142 cautela,
659 2064 815 2147 ejusmodi
831 2062 1009 2126 accidentia
1023 2063 1205 2146 saepissime
1216 2064 1329 2128 oborta
1343 2072 1530 2143 cernuntur,
1539 2088 1608 2130 non

510 2166 713 2251 gravabimur
722 2166 913 2249 peculiarem
929 2165 1105 2228 eorundem
1120 2186 1231 2229 euram
1241 2168 1427 2230 summatim
1441 2167 1494 2230 hic
1509 2168 1607 2231 attin·

510 2292 584 2354 gere
596 2297 605 2349 3
628 2291 739 2334 verum
754 2270 795 2333 ad
810 2290 848 2332 ea
862 2276 992 2332 tantum
1004 2276 1221 2352 symptomata
1235 2292 1287 2333 me
1301 2271 1504 2353 restringam,
1515 2292 1606 2355 quae,

508 2374 638 2437 tametsi
668 2392 895 2455 saepenumero
920 2371 1079 2453 praeverti
1108 2372 1282 2454 potuerint,
1305 2373 1402 2437 modo
1430 2374 1482 2437 via
1510 2383 1608 2457 atque

509 2476 621 2539 ordine
639 2475 801 2559 praedicto
822 2474 892 2557 quis
912 2495 990 2537 usus
1005 2474 1128 2551 fuisset,
1145 2496 1220 2538 curn
1237 2482 1348 2539 tamen
1367 2476 1467 2540 semel
1485 2476 1606 2540 accide-

509 2578 586 2656 rint,
602 2578 758 2641 diversam
774 2576 936 2661 quandam
952 2576 1078 2658 sibique
1091 2576 1253 2659 propriam
1268 2598 1378 2641 curam
1393 2559 1569 2661 postulant.

559 2680 641 2764 [42]
682 2682 793 2765 Atque
825 2680 873 2760 (ut
902 2678 979 2742 hinc
1016 2678 1145 2761 ordiar,)
1177 2679 1204 2742 si
1236 2701 1341 2762 aeger,
1368 2681 1418 2745 vel
1455 2681 1607 2745 calidiora

511 2784 743 2847 medicamenta
774 2782 881 2845 minus
908 2802 1042 2864 propere
1071 2789 1169 2865 atque
1197 2781 1418 2865 intempestive
1440 2783 1605 2861 sumendo,

508 2887 557 2950 vel
577 2885 679 2950 calido
701 2884 797 2948 nimis
819 2890 1074 2967 temperamento
1096 2906 1156 2947 sua
1176 2892 1294 2947 natura
1315 2885 1427 2963 fretus,
1446 2886 1481 2948 in
1506 2886 1605 2949 Phre-

508 2989 642 3053 nitidem
665 2990 830 3073 prolapsus
851 2988 969 3063 bresit,
1000 2987 1050 3049 vel
1076 2986 1174 3069 (quod
1195 2988 1339 3070 proxime
1360 2988 1438 3051 illuc
1459 2988 1603 3069 accedit)

507 3092 534 3154 si
568 3114 635 3155 non
670 3092 802 3154 omnino
837 3088 985 3166 dormiat,
1016 3110 1110 3171 saepe
1145 3090 1311 3168 exclamet,
1343 3098 1401 3153 aut
1433 3091 1606 3155 inconditis

506 3194 637 3257 vocibus
658 3200 780 3269 utatur,
796 3192 823 3253 si
844 3192 937 3253 vultu
960 3211 997 3253 ae
1019 3191 1146 3272 loquela
1167 3191 1309 3270 ferociat,
1325 3192 1352 3255 si
1373 3192 1607 3256 medicamenta

507 3304 657 3379 potumve
695 3313 896 3357 communem
933 3291 1024 3355 avide
1062 3301 1095 3356 et
1133 3295 1225 3376 quasi
1265 3295 1382 3377 raptim
1416 3294 1518 3373 bibat,
1557 3296 1606 3358 vel

357 3417 480 3465 Perennis
510 3398 647 3479 denique
664 3396 790 3459 urinam
811 3394 929 3457 habeat
949 3416 1169 3477 suppressam:
1193 3397 1228 3459 in
1249 3397 1310 3461 hoc
1333 3397 1499 3481 (iuquam)
1520 3419 1606 3475 casu,

356 3482 488 3609 ξζζξῗζζξ
509 3500 680 3565 liberaliori
703 3520 812 3577 manu,
839 3519 937 3581 quam
961 3520 1058 3581 supra
1082 3500 1212 3578 indulsi,
1239 3502 1280 3564 ad
1306 3502 1605 3577 venae-sectionem,

356 3618 463 3657 tractas·
508 3604 670 3687 clysteres,
694 3622 730 3665 ae
754 3601 989 3665 medicamenta
1011 3602 1245 3685 refrigerantia,
1268 3625 1320 3667 me
1343 3604 1485 3685 accingo,
1509 3625 1606 3666 verno

356 3674 407 3722 ‘³⁸⁰'
509 3714 652 3789 tempore
673 3704 869 3787 praesertim,
892 3726 955 3787 quo
981 3705 1079 3767 etiarn
1105 3706 1193 3784 alias,
1216 3714 1429 3791 symptomate
1454 3705 1514 3768 hoc
1538 3726 1606 3768 non

508 3815 690 3891 apparente,
718 3806 853 3889 juvenes
883 3814 980 3890 atque
1008 3814 1122 3890 vegeto
1151 3810 1255 3873 calore
1284 3808 1421 3893 praediti
1450 3808 1607 3891 ejusmodi

509 3910 628 3973 auxilia
642 3909 711 3972 sine
731 3909 834 3971 multo
856 3908 1039 3973 discrimine
1061 3910 1250 3975 admittunt.
1300 3911 1382 3996 [43]
1410 3911 1520 3993 Atque
1534 3910 1607 3975 tali·

508 4012 570 4078 bus
590 4010 738 4075 remediis
758 4018 864 4089 utens,
885 4032 1017 4093 aegrum
1038 4033 1178 4096 eousque
1198 4014 1357 4078 sustinere
1376 4034 1484 4091 norror,
1505 4014 1608 4077 donec

508 4116 545 4179 in
560 4114 804 4179 diuturnitatem
821 4113 962 4199 aliquam
978 4114 1112 4178 affectus
1132 4122 1289 4193 eamme,
1305 4136 1368 4197 quo
1383 4124 1527 4198 tempore
1541 4135 1608 4177 non

510 4219 682 4285 admodum
697 4218 825 4283 difficile
840 4216 901 4281 erit
921 4238 996 4281 enm
1016 4224 1050 4281 et
1065 4238 1085 4279 a
1098 4217 1211 4282 morbo
1226 4224 1259 4281 et
1274 4240 1294 4281 a
1312 4224 1527 4301 symptomata
1541 4238 1609 4280 uua

509 4323 683 4405 eademque
705 4343 802 4405 opera
822 4320 977 4384 liberare:
1014 4317 1049 4382 id
1071 4319 1158 4401 quod
1179 4322 1236 4383 fiet
1257 4320 1457 4383 narcoticum
1479 4319 1609 4401 aliquod

357 4432 490 4509 nemone·
509 4425 778 4488 medicamentum
799 4424 834 4485 in
855 4421 986 4505 largiori
1006 4422 1103 4505 paulo
1126 4422 1196 4486 dosi
1216 4422 1407 4486 exhibendo.
1454 4422 1609 4486 Quamvis

356 4506 454 4561 memte
540 4558 716 4617 ‘laedens
729 4560 768 4607 ’68
782 4559 816 4623 (p.
832 4560 884 4621 41.)
900 4566 1037 4623 sequuntur
1077 4561 1117 4608 ’68
1131 4562 1208 4609 Sectis
1222 4563 1333 4609 Secum
1370 4562 1610 4622 DeSymptmtibrrs

509 4625 622 4687 plurima,
631 4640 733 4686 quorum
741 4624 858 4687 quaedam
871 4640 951 4686 supra,
960 4640 1035 4686 quae·
1077 4626 1162 4672 Febrrr
1175 4628 1300 4673 Continuus
1310 4628 1477 4673 comitantibus.

511 4690 566 4737 darn
576 4688 639 4736 infra
648 4688 743 4743 dixisse,
754 4690 872 4751 quaedam
880 4688 985 4751 denique
993 4704 1035 4751 pe·
1110 4686 1121 4717 l
1138 4693 1196 4736 banc
1206 4688 1315 4751 frtrem]
1329 4693 1448 4737 continuas
1460 4691 1544 4735 Febm
1555 4688 1608 4734 edd.

509 4754 577 4802 nitus
586 4752 695 4799 omisisse
704 4752 764 4799 mibi
776 4752 940 4813 Sydvidetur.
953 4754 1036 4799 Cunc-
1078 4754 1127 4809 ⁹66,
1138 4754 1185 4801 ⁹68.

508 4826 533 4866 tr
545 4819 574 4865 sd
587 4818 659 4879 buJ'us
668 4832 719 4879 cap.
732 4816 804 4863 anem
816 4816 927 4875 relegavi.
1111 4814 1117 4846 ¹
1133 4816 1219 4879 eidem]
1232 4820 1312 4865 iisdem
1324 4816 1378 4865 edd.
1394 4818 1442 4873 ¹66,
1453 4817 1501 4864 ⁸68.

541 4890 553 4923 Ι
569 4882 691 4931 Metlrodas
702 4880 755 4945 rio]
769 4880 817 4927 llic
830 4880 874 4927 inc.
885 4880 909 4926 in
922 4880 976 4927 edd.
988 4880 1036 4934 ⁸66.
