3825 5759
823 1302 872 1351 DE

555 1502 742 1595 MIGTU
787 1504 1134 1593 SANGUINEO

512 1754 536 1806 A
565 1752 740 1808 CALOULO
770 1754 942 1809 RENIBUS
974 1753 1174 1809 IMPACTOa

337 1920 502 1985 Quanvrs
523 1922 662 1987 hominis
681 1924 788 1987 minus
809 1926 897 1989 cauti
918 1932 951 1989 et
973 1925 1140 2007 prudentis
1155 1944 1223 1987 esse
1236 1922 1393 2003 videatur,

290 2022 547 2088 ,observationem
569 2025 605 2089 in
626 2028 740 2109 vulgus
763 2048 920 2111 spargere,
947 2028 1039 2110 cnjus
1059 2028 1096 2090 in
1117 2047 1152 2090 se
1172 2026 1242 2108 ipso
1259 2033 1393 2090 tantum

293 2125 546 2207 experimentum
568 2129 688 2211 ceperit
698 2154 708 2207 ς
730 2150 827 2193 nemo
846 2136 957 2193 tamen
982 2129 1128 2212 (opinor)
1145 2149 1265 2211 aequus
1282 2148 1394 2191 rerum

291 2229 414 2295 arbiter
433 2253 527 2314 aegre
549 2234 641 2311 feret,
660 2254 723 2312 me,
739 2234 795 2317 qui
812 2234 938 2298 tamdiu
955 2241 1112 2317 tantaque
1137 2254 1158 2296 a
1181 2233 1287 2297 Mictu
1308 2233 1391 2295 San·

293 2332 421 2414 guineo,
433 2355 453 2397 a
463 2334 593 2400 Calculo
606 2335 750 2399 Renibus
764 2336 904 2418 impacto
919 2342 999 2413 orto,
1010 2335 1126 2399 fuerim
1139 2355 1320 2417 perpessus,
1331 2336 1394 2397 hu-

293 2435 449 2499 manitate
467 2442 500 2499 et
514 2437 718 2500 miseratione
733 2458 809 2519 erga
823 2438 946 2501 sodales
967 2438 1005 2501 in
1020 2438 1082 2500 hoc
1103 2436 1189 2499 mulo
1203 2458 1293 2501 meos
1308 2457 1395 2500 oom-

293 2544 429 2616 motum,
445 2537 483 2601 iis
503 2538 558 2621 qui
575 2538 689 2602 eodem
707 2539 819 2603 morbo
840 2539 1013 2603 excruciari
1032 2538 1223 2620 quandoque
1242 2538 1394 2620 poterint,

289 2639 356 2703 ista
364 2638 506 2703 remedia
515 2640 656 2703 indicare
665 2660 746 2721 quac
754 2639 835 2703 mihi
845 2640 975 2722 aliquali
985 2638 1135 2702 levamini
1144 2639 1285 2716 fixerunt,
1295 2660 1395 2722 quan·

293 2741 444 2806 tumlibet
457 2742 601 2823 vulgaria
614 2749 647 2805 et
661 2741 755 2805 nihili
768 2741 915 2804 facienda
928 2741 1011 2804 forte
1025 2740 1203 2803 videantur,

343 2842 404 2925 [2.]
431 2843 530 2907 Anno
549 2844 635 2906 1660
650 2841 792 2926 podagra
812 2864 864 2907 me
886 2842 1011 2920 invasit,
1033 2863 1223 2925 paroxysmo
1243 2850 1315 2905 tum
1336 2843 1396 2905 im·

294 2944 438 3008 maniore
451 2950 524 3007 tum
539 2944 747 3022 diuturniore,
764 2966 861 3027 quam
875 2944 964 3027 prius
978 2964 1133 3027 unquam,
1149 2943 1302 3006 miserum
1317 2944 1396 3009 affli-

295 3068 384 3130 gens.
417 3045 501 3110 eum
519 3066 558 3111 ex
576 3046 637 3111 hac
656 3066 751 3111 causa
770 3047 890 3111 aestivo
903 3052 1049 3129 tempore
1062 3046 1113 3109 vel
1129 3046 1216 3109 intra
1228 3045 1279 3108 vel
1301 3066 1398 3128 supra

295 3150 415 3214 lectum
430 3148 621 3213 snbmollem
632 3148 755 3233 jugiter
776 3150 818 3213 ad
838 3149 918 3213 duos
938 3169 1066 3213 menses
1088 3148 1321 3225 decumberem,
1336 3148 1396 3211 sub

294 3252 394 3315 finem
419 3252 601 3336 paroxysmi
624 3252 765 3316 dolorem
788 3251 939 3316 hebetem
965 3257 998 3314 et
1024 3250 1175 3315 obtusum
1198 3249 1338 3313 maxime
1360 3250 1397 3313 in

296 3354 425 3418 sinistro
441 3354 542 3431 Rene,
557 3374 792 3437 nonnunquam
814 3354 900 3437 (licet
919 3353 1042 3435 carina)
1060 3360 1094 3417 et
1114 3353 1150 3415 in
1169 3352 1290 3429 dextro,
1305 3354 1397 3436 coepi

291 3455 534 3539 persentiscere.
577 3458 610 3521 A
632 3456 775 3540 podagra
799 3456 1033 3521 convalescenti
1056 3455 1209 3520 haerebat
1232 3460 1396 3538 utcunque

297 3558 425 3621 Renum
441 3556 540 3636 dolor,
556 3559 612 3641 qui
630 3578 688 3643 per
702 3559 869 3623 intervalla
884 3560 1052 3643 quaedam,
1067 3558 1253 3623 nullatenus
1271 3565 1395 3638 acutus,

296 3659 353 3724 sed
373 3660 450 3724 satis
468 3661 653 3739 tolerabilis,
673 3683 726 3726 me
746 3661 978 3739 submonebat3
1002 3660 1149 3725 nondum
1171 3660 1258 3724 enim
1277 3659 1395 3724 Paror-

295 3782 387 3846 ysmo
406 3760 596 3846 Nephritico
615 3762 723 3849 (cujus
748 3770 826 3829 siant
845 3764 980 3830 comites
1001 3764 1093 3829 dolor
1113 3764 1230 3847 ingens
1251 3783 1310 3847 per
1323 3784 1395 3828 ure-

295 3872 403 3930 ternm
418 3864 535 3931 ductus
549 3866 686 3931 vesicam
700 3886 809 3931 versus
829 3866 979 3944 tendens,
994 3872 1066 3929 tum
1085 3864 1217 3929 vomitio
1231 3864 1394 3947 enormia)

295 3969 346 4033 vel
368 3969 467 4033 semel
489 3969 715 4034 laborarem
760 3968 913 4035 Quamvis
932 3987 1008 4031 vero
1026 3966 1173 4029 nondum
1187 3964 1321 4028 aderant
1335 3965 1398 4028 ista

297 4070 420 4133 Calculi
444 4072 572 4135 Renum
595 4070 722 4149 indicia,
747 4092 820 4135 oum
846 4070 970 4133 ratione
998 4075 1110 4132 tamen
1129 4068 1314 4153 judicabam
1342 4090 1396 4132 me

299 4170 469 4237 Calculum
480 4175 565 4238 mole
578 4173 786 4255 insigniorem
800 4172 836 4234 in
847 4172 975 4235 Renum
988 4169 1073 4253 pelvi
1087 4177 1234 4251 gestare3
1255 4172 1311 4251 qui
1321 4190 1397 4233 cum

296 4277 399 4360 major
413 4282 496 4339 esset
511 4296 608 4358 qnam
629 4282 666 4337 nt
686 4295 725 4337 ex
746 4273 829 4357 pelvi
848 4272 934 4335 dicta
947 4271 983 4333 in
996 4277 1162 4335 ureterum
1182 4271 1299 4334 ductus
1313 4271 1397 4335 elabi

296 4385 413 4464 posset,
437 4376 601 4461 praedicta
619 4382 835 4458 symptomata
855 4394 922 4438 non
944 4374 1065 4437 intulit.
1111 4372 1186 4438 Qua
1203 4374 1239 4437 in
1257 4394 1303 4451 re,
1322 4380 1397 4457 post
1464 4378 1468 4388 ’

288 4502 399 4553 ,annos
413 4480 531 4545 multos
551 4478 683 4561 elapsos,
699 4497 752 4541 me
765 4475 1000 4539 hallucinatum
1012 4496 1082 4539 non
1095 4474 1193 4539 fnisse
1207 4482 1295 4539 certo
1310 4495 1396 4539 com·
1506 4560 1509 4565 Ι

297 4582 383 4667 peri:
406 4580 526 4647 etenim
548 4601 622 4645 cum
644 4578 761 4643 bruma
782 4577 859 4641 anni
876 4577 970 4655 1676,
986 4576 1096 4641 statim
1112 4599 1133 4641 a
1153 4578 1257 4643 soluto
1270 4576 1396 4659 rigidis-

298 4686 378 4751 simo
390 4685 472 4770 gelu,
485 4684 541 4749 din
551 4684 755 4765 multumque
767 4680 1033 4759 obambulassem,
1044 4679 1173 4746 urinam
1183 4702 1259 4747 mox
1271 4680 1398 4747 reddidi

688 4817 700 4846 Ι
719 4810 756 4859 Cl'.
769 4812 871 4859 Proem.
883 4811 929 4859 lut.
941 4824 962 4859 c.
975 4810 1013 4858 21.

819 4894 839 4953 3
857 4912 877 4954 x
