3825 5759
609 650 867 715 PROCESSUS
891 652 1096 718 INuuoal.
1341 652 1406 715 55⁷

353 810 413 894 [6.]
443 810 478 873 Si
497 810 698 876 imbecillitas
722 812 810 895 aegri
831 813 1058 897 repetitionem
1078 811 1317 898 phlebotomiae
1338 832 1407 875 non
1420 830 1564 877 neuneu-

302 912 396 992 ferat,
408 920 480 976 tum
493 922 566 998 post
581 915 755 980 secundam
769 916 820 980 vel
833 917 965 981 tertiam
978 916 1270 982 venae-sectionem
1283 914 1407 979 curatio
1418 907 1558 977 Q

303 1017 364 1081 hac
379 1018 531 1083 methodo
546 1020 705 1083 tentanda
713 1043 767 1083 :—

353 1122 415 1209 [7.]
440 1123 554 1207 Capiat
569 1124 701 1188 alternis
717 1122 830 1188 diebus
845 1125 1017 1189 Potionem
1031 1124 1240 1208 Purgativam
1255 1123 1408 1187 Commu-

303 1247 380 1290 nem
403 1226 504 1291 donec
530 1228 737 1307 convaluerit,
761 1236 794 1291 et
816 1228 930 1293 iisdem
952 1228 1101 1293 noctibus
1123 1227 1346 1312 paregoricum
1370 1248 1410 1291 ex

305 1351 423 1413 syrupo
438 1331 478 1395 de
493 1332 648 1396 meconio.

353 1434 413 1517 [8.]
444 1435 502 1499 Sin
516 1436 566 1500 his
580 1436 730 1500 remediis
744 1457 812 1501 non
827 1434 929 1513 cedat,
945 1442 979 1500 et
994 1456 1090 1518 aeger
1104 1434 1146 1499 ob
1157 1433 1410 1498 imbecillitatem

305 1538 528 1602 evacuationea
547 1539 786 1623 qualescunque
804 1538 888 1602 ferre
911 1544 1061 1623 nequeat,
1085 1537 1292 1621 aggrediatur
1313 1558 1411 1600 usum

305 1640 469 1705 electuarii
478 1650 510 1707 et
520 1665 621 1727 aquae
633 1642 919 1707 antiscorbuticae1²
930 1642 966 1706 in
976 1643 1125 1706 Scorbuto
1135 1642 1323 1726 descriptae,
1329 1663 1411 1725 quae

304 1744 403 1809 etiam
417 1747 560 1811 remedia
573 1748 680 1812 locum
694 1747 816 1811 habent
831 1746 867 1809 in
882 1746 1127 1811 Rheumatismo
1144 1746 1344 1811 Scorbutico.

353 1847 432 1931 [9.]¹
454 1849 497 1911 In
515 1848 699 1933 juvenibus,
716 1856 813 1932 atque
832 1849 872 1912 iis
888 1849 942 1933 qui
961 1857 1142 1933 temperate
1160 1849 1318 1929 vixerunt,
1333 1849 1409 1913 vino

304 1971 372 2013 non
394 1950 465 2034 plus
487 1972 588 2035 aequo
608 1950 718 2029 dediti,
735 1952 999 2016 Rheumatismus
1014 1952 1122 2017 diaeta
1136 1953 1282 2037 simplici,
1298 1953 1408 2017 admo·

304 2052 383 2115 dum
396 2052 617 2137 refrigerante,
634 2061 666 2118 et
686 2054 890 2118 mediocriter
910 2056 1086 2136 nutriente,
1103 2077 1204 2139 aeque
1221 2055 1357 2120 feliciter
1372 2078 1410 2121 ac

302 2155 447 2239 repetitis
466 2156 778 2221 venae-sectionibus
799 2158 889 2241 (quaa
911 2158 1020 2222 minua
1041 2158 1125 2223 ferre
1141 2160 1284 2242 queant)
1302 2159 1408 2243 profli-

303 2259 372 2341 gari
386 2266 503 2342 potest.
542 2260 691 2344 Exempli
706 2259 873 2343 gratia:—

353 2360 435 2444 [lo]
465 2360 540 2425 Solo
565 2361 657 2425 lactis
687 2383 757 2425 aero
787 2360 828 2425 ad
858 2361 926 2426 dies
956 2369 1094 2445 quatuor
1118 2371 1266 2428 vescatur
1295 2384 1409 2447 aeger3

202 2498 205 2504 ·
302 2474 415 2549 postea
439 2474 567 2549 praeter
592 2487 700 2530 serum
724 2488 808 2549 pane
832 2466 1042 2550 similagineo,
1069 2467 1170 2531 semel
1190 2467 1227 2529 in
1255 2467 1317 2544 die,
1339 2468 1410 2531 loco

303 2568 439 2649 prandii,
456 2568 558 2633 donec
578 2568 708 2651 penitus
728 2568 926 2631 convalescat
935 2594 945 2646 3
969 2568 1032 2631 nisi
1052 2568 1138 2651 quod
1157 2568 1335 2651 postremis·
1342 2568 1408 2633 die-

304 2668 364 2731 bus
378 2669 496 2732 iterum
510 2690 627 2753 panem
642 2670 678 2732 in
692 2691 826 2733 coenam
840 2670 1011 2753 indulgere
1025 2671 1129 2735 liceat.
1176 2671 1408 2754 Symptomatis

304 2772 512 2851 cessantibus,
537 2793 649 2836 carnes
677 2772 841 2855 pullorum
871 2772 1028 2836 elixorum
1055 2780 1244 2857 caeteraque
1269 2783 1408 2859 eupepta

304 2876 522 2940 concedantur
533 2902 542 2953 ;
565 2876 663 2939 tertio
689 2882 799 2939 autem
822 2897 948 2958 quoque
971 2876 1032 2952 die,
1049 2877 1117 2940 solo
1138 2878 1229 2941 lactis
1249 2900 1320 2942 sero
1343 2878 1407 2943 vic·

303 2981 387 3059 titet,
404 2980 506 3045 donec
520 2979 654 3044 tandem
668 2978 851 3063 pancratice
866 2978 980 3042 valeat.

755 3217 850 3281 CAP.
874 3214 951 3281 ΧΠ

647 3354 696 3417 Dc
709 3352 806 3417 Febrc
820 3354 1066 3436 Eryaipclotoao.

346 3494 471 3557 Naana
486 3513 554 3556 non
568 3490 707 3575 corporis
722 3512 805 3575 pars,
815 3489 1005 3574 praesertim
1018 3488 1125 3568 facies,
1140 3496 1255 3568 tumet,
1266 3490 1362 3570 dolet,
1372 3497 1405 3555 et
1419 3496 1500 3546 Morbi
1512 3498 1553 3547 de·

303 3617 428 3659 aumme
447 3595 542 3659 rubet
551 3620 560 3672 3
583 3594 731 3678 pustulae
754 3592 882 3672 densae,
897 3614 1023 3677 parvae,
1038 3592 1074 3655 in
1094 3592 1247 3657 vesiculas
1270 3593 1405 3659 subinde
1418 3572 1526 3626 ’θηρῶ

301 3698 475 3777 facessunt,
492 3720 573 3781 quac
595 3718 652 3781 per
668 3696 810 3761 frontem
831 3704 990 3780 caputque
1005 3704 1139 3780 serpunt
1148 3723 1158 3775 ;
1180 3697 1265 3761 oculi
1278 3704 1406 3763 tumore

303 3800 411 3867 obruti
421 3830 431 3881 3
453 3802 541 3885 rigor
561 3806 594 3865 ct
613 3800 736 3878 horror,
752 3807 848 3883 atque
869 3800 994 3883 reliqua
1014 3799 1112 3863 febris
1133 3799 1259 3878 indicia,
1276 3800 1405 3865 adsunt.

302 3904 345 3969 In
360 3906 422 3970 alia
443 3906 539 3989 hujus
560 3904 665 3969 morbi
686 3904 800 3989 specie,
816 3904 977 3987 liquorum
994 3903 1234 3967 attenuantium
1247 3904 1406 3986 potationi

303 4010 557 4092 superveniente,
572 4009 729 4073 febricula
746 4008 847 4086 adest,
863 4008 1012 4090 pustulae
1031 4006 1208 4069 urticarum
1228 4014 1405 4088 puncturas

302 4112 487 4191 referentes,
503 4132 738 4195 nonnunquam
760 4111 795 4173 in
816 4109 971 4173 vesiculas
985 4107 1141 4185 sublatae,
1155 4128 1231 4170 mox
1252 4109 1404 4171 receden-

302 4220 361 4289 tes,
377 4214 618 4277 tuberculorum
632 4234 721 4277 more
741 4210 801 4275 sub
826 4218 900 4273 cute
920 4232 954 4273 se
971 4208 1156 4285 condentes,
1175 4208 1315 4272 maxime
1329 4231 1405 4292 pru-

302 4316 401 4393 riunt,
418 4323 450 4380 et
466 4316 637 4397 scalpendo
655 4336 785 4379 rursum
803 4320 970 4396 apparent.
1015 4312 1075 4374 Est
1090 4318 1124 4374 et
1139 4308 1212 4373 alia¹
1227 4312 1405 4395 eruptionis

302 4420 432 4504 species,
448 4426 559 4503 pectus
579 4424 616 4480 ut
631 4417 806 4500 plurimum
826 4415 997 4493 obsideus;
1019 4414 1146 4478 macula
1159 4414 1313 4479 nimirum
1328 4416 1403 4496 lata,

302 4522 369 4585 cuti
392 4522 443 4586 vix
467 4520 719 4605 supereminens,
742 4518 951 4603 porriginosa,
973 4539 1046 4581 cum
1066 4518 1275 4603 squammulia
1298 4519 1403 4596 flavis3

303 4648 366 4709 qua
379 4625 518 4709 vigente,
535 4645 630 4709 aeger
652 4623 736 4687 bene
758 4644 792 4687 se
811 4622 920 4702 habet,
937 4622 1049 4687 eadem
1069 4630 1279 4689 evanescente
1293 4624 1406 4690 leviter

335 4792 349 4831 ¹¹
368 4796 406 4844 Cf.
419 4797 513 4845 sonam.
527 4798 566 4853 41,
578 4796 618 4842 42.
909 4787 923 4825 ἱ
940 4791 978 4838 Cf.
992 4793 1083 4838 Oltam.
1096 4791 1158 4839 Med.
1168 4791 1236 4841 viti.

335 4858 342 4895 ¹
361 4862 400 4910 Cf.
415 4865 489 4924 Epist.
501 4863 607 4923 Respoas.
623 4862 641 4908 1.
654 4862 680 4921 §l
690 4859 729 4915 59,
742 4860 783 4905 60.
909 4852 916 4889 ¹
935 4856 973 4904 Οἱ
987 4857 1043 4903 ibid.
1055 4854 1088 4902 vi.
1098 4855 1122 4903 6.
1134 4858 1157 4904 8.
