3825 5759
529 623 594 687 3³8
845 618 1041 684 ΤΗΟΜΑΕ
1065 617 1333 685 8ΥΒΕΝΗΑΜ

378 799 419 848 Da
432 800 516 847 viar.
531 781 594 846 His
608 781 775 864 (inquam)
789 781 825 844 in
839 780 977 858 casibus,
989 781 1198 864 praecipitem
1212 780 1310 844 nimis
1321 779 1528 863 pustularum
1539 800 1653 864 erup·

374 865 518 976 ΝξζζεῖζΝ
530 885 653 948 tionem
677 883 765 946 haud
788 883 938 966 equidem
965 883 1104 947 arbitror
1129 884 1207 946 satis
1228 882 1370 948 codrceri
1390 903 1493 965 posse,
1515 888 1596 945 turn
1626 904 1654 944 a

385 987 390 994 '
529 985 649 1050 lectulo
669 984 872 1063 abstinendo,
887 993 961 1050 tum
979 987 1079 1050 etiam
1098 1009 1119 1050 a
1135 986 1288 1050 cardiacis
1297 1011 1307 1063 3
1330 993 1365 1049 at
1382 985 1515 1068 sangnis
1534 985 1649 1048 etiam

531 1087 601 1150 sine
629 1085 748 1150 horum
777 1086 929 1165 subsidio,
961 1088 1135 1171 spirituum
1163 1089 1436 1173 praefervidorum
1461 1095 1496 1152 et
1520 1087 1649 1151 morbo

531 1209 750 1271 congerierum
764 1189 853 1272 largo
868 1209 955 1272 penu
970 1197 1094 1269 auctus,
1109 1213 1229 1275 magno
1248 1213 1324 1255 eum
1337 1191 1463 1275 impetu
1475 1199 1516 1253 ut
1530 1191 1647 1271 esple-

532 1293 627 1354 datur
649 1292 750 1375 quasi,
769 1312 900 1355 necesse
921 1291 1039 1370 habet,
1066 1301 1163 1376 atque
1188 1293 1320 1374 insuper
1341 1298 1435 1356 tanta
1459 1291 1645 1354 humorum

531 1394 697 1477 congeries
711 1394 747 1456 in
762 1394 992 1458 exanthemata
1005 1394 1151 1473 facesset,
1167 1402 1215 1472 ut,
1229 1415 1308 1477 prae
1321 1394 1424 1457 nimia
1439 1393 1529 1476 puris
1543 1393 1646 1476 copia

531 1497 567 1560 in
582 1497 774 1580 sanguinem
788 1497 1021 1579 regurgitantis
1036 1495 1097 1560 suh
1106 1497 1171 1560 line
1185 1496 1300 1575 morbi,
1315 1516 1421 1578 aeger,
1431 1494 1524 1578 quasi
1537 1494 1644 1560 obru-

532 1607 595 1678 tus,
611 1599 678 1663 fato
693 1598 826 1663 omnino
841 1597 1042 1662 succumbat.

379 1729 508 1780 Quomodo
581 1702 663 1786 [la]
693 1702 848 1767 Quamvis
861 1701 950 1766 haud
968 1722 1041 1764 raro
1056 1699 1254 1764 fermentum
1270 1696 1441 1761 immodice
1455 1695 1642 1759 exaltatum
1746 1744 1747 1755 ,

377 1794 512 1920 regillum
532 1811 660 1869 tantam
675 1803 821 1868 colluviei
831 1804 1018 1867 Variolosae
1032 1803 1097 1865 vim
1112 1801 1269 1879 conficiat,
1285 1807 1324 1862 ut
1338 1820 1444 1882 aeger,
1458 1797 1641 1880 incipiente

375 1922 520 1984 morbiprin.
534 1905 639 1970 adhuc
661 1905 783 1983 morbo,
804 1925 823 1968 e
844 1905 950 1968 medio
973 1905 1124 1980 tollatur;
1154 1925 1229 1966 cum
1251 1901 1371 1965 scilicet
1392 1900 1529 1964 materia
1549 1919 1640 1962 mor·

378 1986 442 2097 {2¹⁰
454 1986 520 2033 ‘⁰¹¹⁸'
532 2006 612 2070 bum
632 2006 847 2083 committens,
862 2013 934 2070 tum
952 2027 1029 2089 prae
1048 2006 1151 2069 nimia
1168 2006 1220 2069 sui
1239 2004 1339 2086 copia,
1353 2013 1427 2069 tum
1445 2024 1523 2088 prae
1541 2011 1640 2066 motu

532 2105 717 2170 inordinato
736 2126 773 2168 ac
792 2105 926 2169 confuso
947 2106 984 2169 in
1001 2107 1169 2190 sanguinis
1182 2130 1289 2173 massa
1307 2109 1455 2186 excitato,
1471 2127 1506 2170 se
1519 2106 1639 2189 nequit

533 2210 689 2274 extricare
713 2217 746 2272 et
765 2209 850 2272 foras
874 2208 1021 2287 educere,
1041 2211 1134 2294 cujus
1155 2211 1227 2275 loco
1246 2212 1364 2275 mictus
1383 2209 1582 2292 sanguineus
1601 2215 1638 2271 et

532 2331 713 2396 purpureae
727 2310 872 2374 maculae
886 2311 1070 2394 tragoediae
1082 2313 1285 2396 catastrophe
1295 2313 1389 2376 liunt.
1427 2310 1525 2376 Quod
1535 2309 1637 2374 etiam

533 2421 566 2477 et
588 2413 624 2475 in
646 2412 811 2490 morbillis,
831 2421 865 2476 et
886 2412 922 2476 in
943 2413 1033 2477 febre
1054 2415 1226 2478 scmlctino
1247 2415 1342 2492 dicta,
1364 2413 1562 2496 saepiuscule
1581 2434 1635 2476 oc·

533 2516 644 2594 currit,
665 2515 723 2579 ubi
745 2515 866 2580 scilicet
888 2515 1114 2599 intempestiva
1135 2537 1233 2599 opera
1255 2516 1293 2578 in
1313 2515 1428 2578 iisdem
1450 2514 1492 2577 ad
1513 2513 1634 2597 erupti·

534 2639 630 2682 onem
644 2617 866 2682 vehementius
881 2618 1090 2683 sollicitandis
1104 2617 1277 2682 infeliciter
1289 2617 1474 2682 collocatur.

379 2724 511 2801 sanquis
583 2721 666 2806 [la]
694 2724 811 2806 Neque
837 2723 1004 2806 sanguinis
1032 2720 1151 2798 missio,
1179 2720 1351 2803 (quantum
1378 2718 1460 2781 mihi
1483 2714 1626 2796 videtum)

378 2805 520 2901 iffi?
534 2823 609 2887 licet
627 2833 754 2890 mature
773 2823 942 2904 celebrata,
961 2825 1010 2888 ita
1028 2821 1198 2888 efficaciter
1216 2841 1463 2905 praeproperam
1480 2817 1631 2883 mueriae

379 2933 471 2966 ΕΜ
534 2925 720 2992 Variolosae
742 2927 1005 2992 assimilationem
1024 2925 1174 2990 cohibere
1194 2924 1289 3003 valet,
1312 2944 1349 2987 ac
1371 2922 1538 3006 sauguinis
1558 2941 1633 2985 con·

379 2983 520 3121 iisst‘lfflie
534 3031 725 3112 temperatio
747 3030 788 3093 ab
811 3037 885 3095 abre
905 3029 1100 3106 intromisso,
1115 3027 1255 3091 maxime
1276 3026 1305 3088 si
1323 3026 1435 3090 statim
1456 3025 1498 3088 ab
1520 3025 1634 3088 emisso

380 3119 498 3248 {ffiffi
535 3132 693 3214 sanguine
712 3153 808 3214 aeger
826 3133 945 3195 lectulo
964 3131 1196 3208 committatur,
1212 3137 1245 3193 et
1260 3129 1412 3193 cardiacis
1431 3127 1634 3192 calidioribus

380 3238 503 3286 iurantia
534 3239 694 3296 mactetur
702 3257 712 3310 3
735 3233 786 3296 his
806 3233 927 3297 etenim
941 3233 1045 3296 modis
1063 3233 1194 3315 sangsiis
1211 3231 1400 3316 propensior
1416 3230 1565 3294 redditur
1581 3252 1634 3294 ex-

535 3333 690 3416 cipiendis
710 3334 878 3398 adventitii
893 3334 1007 3398 caloris
1025 3334 1299 3417 impressionibus,
1315 3356 1413 3418 quam
1431 3341 1507 3398 ante
1521 3355 1635 3398 uersae·¹

536 3435 711 3500 sectionem
728 3436 844 3500 fuerat.
888 3437 933 3500 Et
952 3443 1063 3499 sancte
1080 3457 1196 3516 assero,
1211 3437 1466 3520 insignissimum
1482 3437 1551 3501 fere
1568 3458 1632 3501 om·

535 3539 628 3602 nium
659 3549 738 3621 quos
763 3539 844 3602 mihi
873 3561 1019 3622 unquam
1042 3539 1150 3604 videre
1178 3541 1315 3624 contigit
1345 3563 1364 3605 e
1393 3541 1632 3606 confluentium

536 3659 654 3722 genere
687 3639 846 3720 morbum,
876 3649 909 3706 et
939 3643 995 3726 qui
1024 3665 1154 3726 aegram
1182 3643 1354 3708 undecimo
1383 3645 1435 3709 die
1464 3645 1630 3729 jugulavit,

532 3742 723 3825 juvenculae
745 3743 964 3827 supervenisse
984 3743 1042 3809 ubi
1063 3745 1204 3829 primurn
1224 3768 1244 3808 a
1263 3745 1496 3811 rheumatismo
1515 3747 1628 3810 usitata

535 3843 592 3907 illa
609 3844 762 3910 methodo
781 3847 926 3930 copiosae
947 3854 980 3912 et
996 3847 1132 3912 iteratae
1147 3849 1413 3912 venae-sectionis
1431 3849 1538 3913 fuerat
1554 3846 1626 3911 libe-

534 3953 615 4010 rata.
661 3948 771 4031 Atque
789 3948 865 4014 hinc
884 3950 966 4014 mihi
980 3951 1120 4034 primum
1137 3951 1280 4016 innotuit
1299 3951 1552 4036 phlebotomiam
1569 3971 1630 4015 non

384 4063 512 4144 laniantum
535 4048 668 4134 perinde
691 4059 788 4135 atque
808 4073 868 4137 ego
889 4053 979 4137 prius
1001 4053 1188 4131 arbitrabar,
1206 4053 1347 4118 Variolis
1368 4054 1457 4119 intra
1473 4055 1578 4138 justos
1594 4052 1629 4116 li·

381 4129 523 4244 {Jfftcfffoe'
536 4153 631 4219 mites
654 4155 839 4220 coitrcendis
862 4155 1059 4222 conducere:
1086 4156 1217 4220 tametsi
1238 4177 1469 4240 saepenumero
1491 4157 1630 4220 observa·

380 4259 501 4385 222(ng
536 4256 637 4320 verim
651 4258 835 4322 reiteratam
850 4259 1023 4337 catharsin,
1035 4259 1193 4341 sangiune
1206 4258 1353 4322 nondum
1366 4259 1547 4342 inquinato,
1562 4257 1630 4321 sub

382 4387 491 4436 nondum
537 4367 707 4442 sequentes
721 4360 868 4425 Variolas
886 4360 1063 4425 laudabiles
1077 4368 1110 4425 et
1125 4359 1304 4425 Distinctes
1317 4369 1357 4425 ut
1370 4362 1547 4445 plurimum
1564 4360 1629 4424 red·

381 4451 515 4516 inquinato.
537 4459 666 4526 didisse·

381 4569 520 4685 fflffi,
586 4561 667 4646 [la]
695 4563 811 4647 Neque
836 4587 912 4632 vero
934 4588 986 4630 me
1010 4566 1104 4646 fallit,
1127 4567 1290 4650 permulta
1314 4588 1383 4633 esse
1413 4589 1496 4651 quae
1525 4575 1631 4632 conus

382 4699 491 4762 regumn
536 4663 730 4728 seutentiam
750 4665 834 4732 hanc
855 4675 1010 4746 noemam,
1030 4692 1094 4752 qua
1107 4691 1241 4753 aegmm
1259 4671 1404 4735 interdiu
1422 4670 1507 4735 lecto
1526 4669 1630 4734 eximi.

380 4765 618 4844 ¹¹¹⁰d²¹¹²¹¹mmus,
638 4767 762 4849 possint
783 4768 888 4854 objici,
911 4792 1013 4854 eaque
1031 4772 1120 4840 haud
1137 4773 1246 4857 exigui
1264 4781 1337 4839 tum
1357 4773 1444 4858 apud
1466 4774 1630 4838 hominum
