3825 5759
419 652 816 724 OBSERVATIONUM
837 654 1125 722 MEDICARUM
1150 662 1174 715 Ι.
1194 667 1219 715 a.
1353 654 1397 717 69

280 815 388 880 scutis
405 814 770 893 morbisuticonsuevit,
781 835 857 880 cum
872 814 1040 898 sauguinis
1048 815 1167 880 molem
1178 814 1220 881 ab
1231 813 1396 879 intestinis
1427 833 1533 885 sesses

279 917 428 982 inimicis
446 918 584 982 liberam
604 924 778 983 coneturm:
801 917 899 1001 hujus
918 917 1006 983 enim
1024 917 1282 983 effervescentiae
1298 916 1395 981 bene·
1409 898 1535 1011 {¹222}ss

281 1022 356 1085 ficio
373 1021 557 1103 disjunctae
570 1020 733 1103 peccantis
748 1020 835 1083 illius
849 1019 1004 1085 materiae
1018 1027 1135 1101 partes,
1148 1041 1229 1102 quae
1243 1019 1396 1101 sanguini
1405 980 1549 1105 Q

281 1112 500 1206 aequabiliter
519 1122 681 1187 admistae
700 1122 840 1199 fuerant,
857 1122 1026 1204 aggregari
1049 1122 1286 1204 quodammodo
1314 1122 1395 1186 inci·

280 1224 391 1306 piuut,
407 1230 507 1306 atque
526 1224 606 1289 adeo
623 1222 735 1287 leviori
755 1243 852 1307 opera
874 1222 982 1305 subigi
1002 1230 1147 1305 possunt,
1162 1229 1200 1287 ut
1217 1224 1260 1287 ad
1279 1223 1394 1306 despu-

281 1326 466 1391 mationem
486 1332 686 1408 opportunae
708 1324 855 1390 evadant.
901 1324 945 1389 Et
967 1325 1097 1406 quidem
1118 1332 1157 1388 ut
1175 1324 1238 1389 hoc
1258 1326 1326 1403 fiat,
1344 1325 1395 1389 vel
1409 1352 1547 1404 nutura

281 1448 320 1491 es
341 1448 386 1493 eo
406 1426 583 1509 plurimum
600 1426 719 1491 referre
735 1432 871 1504 constat,
888 1426 976 1509 quod
991 1426 1047 1507 qui
1061 1448 1101 1490 ex
1115 1426 1271 1491 Febribus
1287 1428 1394 1493 Inter·
1406 1417 1457 1465 Μ’
1467 1435 1511 1481 pa-

280 1528 496 1593 mittentibus
519 1527 712 1607 moriuntur,
739 1528 898 1611 siquidem
920 1528 956 1592 iu
976 1548 1166 1611 paroxysmo
1190 1536 1335 1611 percant,
1358 1529 1394 1591 in
1407 1496 1520 1606 {xiiiio

280 1631 393 1714 primo
414 1630 470 1697 illo
485 1638 629 1713 tempore
647 1629 935 1712 (exhorrescentiae
950 1628 1093 1710 scilieet)
1110 1630 1178 1693 fato
1195 1629 1393 1711 fungentum
1407 1610 1533 1722 {3¹¹ng

282 1754 362 1798 unm
386 1733 415 1797 si
432 1732 474 1797 ad
492 1738 620 1815 tempus
636 1732 894 1799 effervescentiae
909 1731 1110 1815 pertigerint,
1131 1732 1245 1795 saltem
1259 1751 1319 1813 pro
1338 1730 1396 1794 illa
1408 1743 1516 1846 {empus

282 1835 353 1901 vice
368 1855 439 1901 nou
453 1834 646 1899 moriuntur.
691 1836 801 1919 Atque
815 1854 873 1917 per
887 1834 967 1899 haec
981 1834 1046 1897 duo
1059 1839 1206 1916 tempora
1219 1852 1270 1896 res
1284 1852 1396 1913 aegro-
1409 1801 1526 1925 {w

283 1958 360 2003 rum
382 1937 419 2001 in
440 1944 579 2019 sngrnto
596 1948 784 2015 venantum
813 1936 930 2019 quibus
950 1936 1076 2019 elapsis,
1099 1935 1234 2001 tertium
1255 1940 1395 2017 tempus,

284 2040 375 2123 quod
391 2039 630 2122 despumationi
648 2040 792 2105 dicatum
807 2044 866 2117 est,
882 2039 1065 2121 insequitur
1074 2065 1085 2116 3
1108 2060 1173 2123 quo
1193 2038 1395 2116 succedente,

285 2148 507 2225 symptomata
522 2141 632 2207 omnia
652 2141 756 2224 primo
771 2140 909 2205 levioran
925 2140 1019 2217 fiunt,
1036 2147 1133 2222 atque
1146 2140 1279 2203 tandem
1298 2140 1395 2222 plane

285 2251 495 2309 evanescunt.
539 2242 791 2324 Despumuttonis
810 2250 921 2307 autem
938 2242 1071 2305 nomine
1090 2242 1173 2306 nihil
1193 2242 1281 2309 aliud
1296 2242 1395 2325 signi-

286 2346 423 2410 ficatum
437 2346 518 2426 volo,
535 2367 633 2428 quam
655 2345 810 2410 materiae
829 2344 965 2409 Febrilis
982 2345 1052 2428 jam
1074 2344 1226 2409 subactae
1248 2350 1282 2409 et
1304 2345 1396 2427 quasi

288 2434 433 2513 deiictae
457 2447 677 2530 expulsionem
707 2468 765 2511 seu
793 2447 1049 2529 separationem
1080 2452 1178 2529 atque
1202 2446 1284 2509 illud
1309 2446 1396 2529 quod

287 2556 457 2633 separatur
471 2549 591 2633 partim
609 2550 658 2631 (ιιι
677 2549 713 2613 iu
728 2548 798 2613 aliis
813 2548 992 2631 liquoribus
1007 2569 1137 2613 eernere
1152 2548 1249 2629 licet)
1267 2548 1394 2626 florum,

287 2652 408 2734 partim
422 2652 550 2715 saccum
564 2650 724 2717 rationem
740 2659 773 2714 et
788 2658 908 2715 sortem
924 2650 1078 2715 obtinete

337 2754 400 2839 [4.]
429 2750 491 2817 His
520 2752 568 2817 ita
595 2752 717 2835 positis,
748 2752 911 2816 videamus
941 2752 1103 2836 quomodo
1131 2752 1189 2815 fiat
1218 2758 1256 2814 ut
1284 2749 1396 2813 redeat
1409 2760 1530 2808 Undosa

287 2874 508 2939 paroxysmus,
524 2855 783 2939 quandoquidem
803 2875 973 2937 aegrorum
992 2874 1060 2915 sors
1079 2853 1114 2915 in
1136 2851 1216 2915 vado
1227 2852 1296 2933 jam
1317 2825 1536 2948 con-{¹1¹,¹,‘‡{¹¹}}d
1589 2840 1600 2862 ⁰

289 2958 406 3023 stituta
431 2956 568 3021 videtur.
613 2958 779 3021 Nimirum
813 2955 948 3021 Febrilis
980 2954 1115 3017 matema
1142 2952 1290 3017 nondum
1323 2952 1521 3017 teramum

289 3060 469 3143 emigravit,
485 3060 551 3139 sed,
567 3060 839 3144 quemadmodum
861 3078 958 3140 apum
974 3055 1108 3138 embrya
1126 3055 1219 3119 statis
1241 3054 1394 3137 tempori·

288 3160 351 3241 bus
366 3162 486 3229 sensim
502 3170 717 3241 succrescunt,
733 3163 781 3227 ita
797 3162 903 3227 lateus
918 3160 998 3225 haec
1017 3158 1154 3223 materia
1170 3179 1228 3240 pro
1242 3164 1394 3241 typorum

289 3266 415 3332 satione
444 3266 552 3331 denno
581 3274 678 3349 caput
707 3266 810 3344 effert,
835 3286 872 3329 ac
901 3286 1021 3329 novum
1050 3262 1218 3345 negotium
1247 3261 1395 3327 Naturae

289 3367 427 3446 faoessit,
457 3368 545 3433 idem
574 3368 715 3433 stadium
745 3368 917 3433 decurrens
949 3367 1036 3449 quod
1064 3367 1100 3429 iu
1129 3364 1395 3447 praecedentibus

289 3471 386 3537 modo
401 3470 611 3535 ostendimus.
655 3471 756 3535 Nunc
774 3477 885 3535 autem
905 3470 1018 3553 siquis
1041 3490 1127 3533 ame
1148 3489 1277 3533 causam
1297 3485 1395 3550 quae·

291 3572 408 3651 siverit,
425 3594 483 3637 our
504 3573 605 3637 fomes
629 3573 683 3641 ille
709 3572 909 3650 delitescens,
929 3571 1168 3635 effervescentia
1190 3570 1395 3653 praecedenti

291 3674 450 3739 nonsatis
470 3674 632 3753 subactus,
649 3696 686 3739 ao
706 3674 840 3757 proinde
854 3696 930 3739 eum
949 3675 1073 3756 reliqua
1089 3673 1225 3740 materia
1241 3680 1395 3756 peccante

290 3796 357 3843 nou
387 3777 547 3860 expulsus,
578 3776 774 3860 proindeque
809 3798 908 3841 novas
936 3776 1118 3859 tragoedias
1152 3776 1297 3853 daturus,
1326 3794 1395 3839 non

292 3877 405 3945 eodem
419 3879 515 3945 modo
529 3878 565 3941 in
581 3880 671 3945 omni
680 3880 782 3945 Febre
797 3878 1037 3944 Intermittcuti
1050 3878 1276 3962 progrediatur
1279 3902 1290 3954 ;
1305 3877 1395 3957 (nam

291 4002 379 4045 nuuc
399 4002 511 4059 uuum,
527 4002 615 4048 nuuc
635 3982 725 4062 duos,
742 4003 830 4047 nunc
848 3990 913 4045 tres
932 3981 1000 4045 dies
1018 3982 1128 4063 exigit,
1144 3981 1331 4063 priusquam
1353 3977 1395 4041 ad

291 4083 510 4147 maturitatem
532 4084 707 4166 perveniat,
727 4104 911 4166 novumque
932 4104 1160 4166 paroxysmum
1180 4081 1298 4144 excitet
1307 4080 1329 4158 ;)
1354 4078 1395 4141 de

292 4182 352 4248 hac
373 4206 409 4247 re
432 4185 598 4267 (inquam)
621 4186 734 4269 siquis
756 4186 836 4248 mihi
856 4186 1025 4267 negotium
1046 4184 1205 4258 exhibeat,
1221 4201 1281 4260 ego
1298 4179 1395 4259 plane

292 4304 343 4351 me
357 4286 482 4349 nescire
496 4286 608 4351 fateor.
653 4288 769 4370 Neque
784 4308 858 4351 vero
874 4287 1043 4370 qnisquam
1058 4284 1139 4347 alins
1157 4280 1255 4362 (quod
1269 4278 1391 4360 sciam)

169 4422 170 4433 ι
292 4386 326 4451 iu
345 4388 406 4451 hac
429 4408 525 4453 cansa
544 4394 613 4451 tam
634 4390 795 4473 praeclare
818 4409 852 4453 se
875 4387 973 4470 gessit
996 4393 1034 4449 ut
1056 4404 1209 4448 arcaumn
1231 4381 1292 4444 hoo
1314 4401 1394 4462 opus

291 4488 439 4553 Naturae
476 4488 553 4561 satis
590 4510 753 4555 enarrasse
788 4490 943 4553 videatur.
1010 4487 1071 4569 [5.]
1110 4485 1181 4567 Ego
1213 4482 1395 4562 Philosophi

292 4609 411 4655 nomen
426 4610 494 4653 non
509 4589 625 4669 ambio,
641 4600 674 4655 et
690 4593 746 4674 qui
760 4591 893 4655 titulum
911 4590 1002 4655 illum
1020 4610 1054 4651 se
1068 4586 1183 4651 mereri
1198 4582 1394 4663 existimant,

324 4770 340 4792 ³
358 4760 466 4821 conetur]
479 4768 574 4806 curetur
586 4762 621 4809 ed.
635 4764 683 4810 ’66.
901 4768 912 4791 ⁰
930 4760 968 4807 Cf.
982 4776 1035 4823 sup.
1048 4776 1068 4806 r.
1078 4748 1103 4806 ⁴4.
1115 4762 1126 4818 t
1139 4762 1192 4806 52.-

326 4824 337 4846 '
356 4823 454 4885 Imiarn]
467 4826 553 4871 leniora
564 4825 616 4873 edd.
629 4828 676 4885 ⁸66,
690 4828 736 4874 'oa
