3825 5759
562 652 806 717 soHuDULA
829 652 1400 717 MON1TOR1A1513

292 1025 409 1092 ,autem
433 1018 503 1101 jam
516 962 686 1099 ‘tempore
702 1016 865 1099 praedicta
890 1015 1002 1081 Febris
1032 1016 1196 1081 Continuo
1220 1015 1552 1079 invaluerat*—

299 1119 436 1183 dieendo
450 1138 518 1182 uon
533 1140 614 1196 sum,
631 1138 732 1201 quum
751 1118 832 1181 mihi
849 1118 1008 1182 hactenus
1026 1118 1103 1181 satis
1117 1118 1224 1181 fuerat
1242 1118 1284 1181 ad
1303 1138 1400 1199 gene-

300 1221 381 1284 raha
403 1220 556 1285 Febrium
585 1225 801 1303 symptomata
829 1220 1007 1295 attendere,
1029 1227 1144 1303 utpote
1173 1220 1229 1303 qui
1253 1219 1400 1284 nondum

300 1323 351 1385 vel
361 1323 457 1407 juxta
470 1320 572 1385 varias
588 1340 747 1385 annorum
763 1340 877 1399 crasco,
893 1328 950 1385 aut
966 1321 1109 1405 ejusdem
1125 1322 1203 1385 unni
1217 1322 1304 1386 varia
1317 1329 1399 1386 tem·

294 1445 388 1507 pora,
404 1424 533 1489 easdem
548 1423 703 1507 distingui
716 1444 810 1508 posse
825 1422 1146 1488 animadverteram.’'

830 1924 878 1974 Dii

596 2102 793 2192 Fusus
839 2102 1108 2193 PUTRIDA
1217 2185 1220 2192 .

407 2320 584 2374 VARIOLIS
607 2318 933 2373 CONFLUENTIBUS
960 2319 1296 2375 SUPEBVENIENTE.

346 2451 424 2515 Onu
439 2452 491 2515 vel
505 2459 593 2521 aetas
604 2452 674 2534 jam
694 2450 874 2533 provectior
888 2456 921 2513 et
935 2450 972 2512 in
987 2470 1136 2514 oceasum
1152 2470 1260 2529 ruens,
1275 2451 1326 2513 vel
1345 2451 1401 2514 ad-

301 2574 393 2617 versa
412 2574 551 2636 quacum
571 2552 697 2636 jamdiu
718 2550 884 2616 conflictor
905 2550 1065 2629 valetudo,
1080 2559 1298 2634 opportunum
1318 2552 1403 2617 forte

301 2656 440 2738 spatium
455 2654 588 2737 posthac
608 2674 676 2717 non
698 2652 899 2730 concesserit,
915 2673 980 2734 quo
996 2673 1135 2735 nuperos
1156 2653 1280 2735 aliquot
1294 2652 1401 2716 obser·

301 2758 446 2821 vationes
461 2778 480 2819 a
494 2776 547 2819 me
568 2754 709 2837 (tametsi
725 2754 822 2817 nimis
844 2772 915 2817 sero
936 2754 974 2815 in
994 2753 1062 2817 vita
1082 2755 1177 2835 mes)
1192 2754 1303 2832 factas,
1319 2754 1403 2819 circa

304 2857 442 2921 Febrem
458 2854 687 2920 secundariam
699 2854 837 2918 Variolis
852 2852 1100 2917 Confluentibus
1114 2856 1402 2937 supervenientem,

301 2959 338 3022 in
352 2958 518 3041 publicum
536 2957 631 3021 edam
640 2982 649 3034 3
672 2956 800 3020 veniam
817 2954 908 3019 dabit
922 2954 1041 3019 Lector
1061 2955 1208 3039 (opinor,)
1226 2956 1405 3040 sipaucula

302 3060 460 3144 quaedam
475 3060 515 3123 de
534 3059 596 3122 hoc
615 3058 743 3135 affectu,
759 3056 968 3140 quantumvis
981 3076 1002 3119 a
1015 3056 1128 3120 morbo
1143 3078 1240 3141 quem
1257 3060 1403 3143 superius

301 3161 511 3225 tractavimus
526 3159 603 3223 satis
618 3158 825 3237 abhorrente,
837 3178 972 3241 pergam
985 3156 1184 3223 subnectere.

352 3262 412 3346 [2.]
441 3262 462 3325 J
464 3262 575 3326 amdiu
592 3260 670 3324 alias
691 3260 833 3344 [Obseru.
848 3256 936 3323 Med.
952 3259 998 3323 iii.
1014 3258 1046 3325 2.
1064 3262 1083 3344 t
1098 3260 1167 3343 bd]
1188 3260 1404 3327 demonstrari
1417 3280 1474 3331 Qu·
1465 3290 1544 3394 stultum

303 3374 462 3481 quantum
480 3365 609 3429 intersit
628 3365 714 3429 inter
728 3362 875 3427 Variolss
893 3362 1021 3446 generis
1035 3363 1201 3443 Distincti,
1216 3372 1251 3429 et
1272 3353 1464 3457 consu-{¹35
1517 3362 1555 3393 ¹¹¹·

302 3468 407 3545 entis;
429 3468 465 3530 in
483 3468 545 3533 hoc
567 3466 696 3545 scilicet,
715 3465 802 3549 quod
822 3486 878 3548 qm
867 3464 1056 3529 Distincto
1070 3483 1188 3547 genere
1201 3466 1336 3546 laborat,
1351 3418 1452 3586 vulgi
1423 3410 1547 3587 ιῗιιὲιὲζ
1523 3475 1557 3523 ιι

303 3570 371 3684 opis
391 3568 533 3632 medicae
552 3568 693 3650 indigus,
712 3574 827 3650 sponte
847 3588 906 3631 sus
927 3574 962 3631 et
974 3566 1173 3631 Naturae
1143 3590 1176 3631 ιι
1194 3538 1463 3635 convalescetD¹⁸
1391 3546 1544 3651 „effi

302 3671 365 3734 nisr
356 3671 462 3735 'torte
480 3670 521 3734 ab
536 3671 629 3735 initio
646 3668 856 3753 diaphoresi'
847 3690 883 3733 m
904 3669 1024 3733 lectulo
1045 3670 1201 3735 continuo
1221 3672 1445 3739 indulserit.en
1415 3668 1485 3716 ‘⁰³¹⁸-

302 3772 454 3856 Namque
476 3772 537 3855 (uti
556 3772 680 3855 pridem
702 3770 780 3835 alibi
804 3770 893 3854 [ibid.
912 3774 929 3857 t
946 3771 1016 3854 20]
1036 3771 1209 3856 adnotavi,)
1227 3775 1402 3857 qui“D1s-

302 3874 398 3939 cretis
421 3874 561 3939 Variolis
586 3874 712 3937 laborat
736 3894 841 3956 aeger,
863 3892 938 3937 cum
964 3873 1042 3935 satis
1062 3881 1211 3956 prompte
1232 3876 1403 3942 sudoribus

302 3976 436 4055 diffluat,
456 3998 494 4041 ao
512 3976 575 4040 sibi
593 3976 703 4040 omnia
720 3974 807 4038 bons
827 3975 1005 4058 promittat,
1022 3974 1051 4036 si
1069 3975 1174 4038 morbi
1198 3978 1247 4058 (ut
1269 3983 1399 4063 sperat)

302 4077 389 4140 virus
410 4098 468 4161 per
486 4078 569 4141 cutis
586 4099 681 4161 poros
698 4076 760 4141 hoe
775 4084 868 4159 pacto
883 4076 1103 4139 amandaverit
1110 4102 1121 4154 ;
1144 4076 1315 4159 diligenter
1327 4081 1402 4146 ideo

302 4177 378 4241 huic
392 4178 545 4241 methodo
559 4178 690 4255 insistit,
702 4185 774 4241 tum
789 4176 939 4241 remediis
949 4176 1103 4239 mrdiacis
1116 4176 1203 4241 intro
1217 4183 1399 4263 assumptis,

301 4284 374 4341 tum
394 4277 550 4359 regimine
571 4278 721 4342 calidiore
741 4280 789 4359 (ut
806 4298 864 4359 par
882 4278 953 4359 est,)
970 4276 1135 4341 adhibito:
1158 4284 1256 4360 atque
1268 4280 1348 4345 haec
1362 4304 1410 4349 eo-

301 4377 379 4441 sacit
395 4377 571 4455 lubentius,
588 4378 674 4461 quod
695 4388 767 4441 tum
786 4378 827 4441 ab
848 4377 909 4441 hac
931 4377 1084 4442 methodo
1104 4378 1140 4441 in
1161 4380 1317 4465 principio
1339 4384 1401 4449 sibi

302 4479 416 4542 melius
430 4479 576 4543 videatur
590 4478 719 4558 habere,
734 4486 807 4543 tum
822 4478 919 4541 etiam
934 4478 975 4542 ad
990 4479 1074 4543 male
1087 4480 1257 4545 fundatam
1270 4484 1400 4552 adm.

301 4581 385 4645 tium
400 4579 583 4665 opinionem
598 4580 728 4664 propius
743 4580 882 4645 accedat.
909 4580 1055 4645 Tandem
1068 4602 1143 4646 vero
1156 4584 1329 4652 eliminatis
1342 4612 1401 4674 per

302 4679 491 4771 διαφόρησιν
513 4682 675 4767 particulis
698 4683 767 4748 istis
791 4702 872 4766 quae
897 4682 939 4747 sd
962 4684 1166 4767 pustularum
1190 4687 1400 4761 elevationem

302 4791 398 4869 atque
423 4785 704 4851 intumescentium
729 4785 820 4851 faciei
849 4784 1028 4851 debuerant
1055 4786 1169 4868 fucere,
1199 4789 1251 4855 die
1279 4801 1399 4875 octavo,

820 4890 840 4949 3
858 4908 879 4951 u
