3825 5759
627 678 632 687 '
691 670 956 737 susumus
981 670 1011 737 1.
1337 674 1404 738 ⁴143

295 850 477 915 pugnamus
499 830 563 895 nisi
582 836 675 899 aestu
694 834 783 916 prins
805 834 992 919 consopito:
1014 853 1076 899 uec
1095 831 1265 899 absurdius
1280 830 1352 917 quis
1365 832 1403 897 iu
1423 852 1466 902 ns
1477 850 1550 901 ros-

295 934 524 1017 extinguendis
549 936 667 1000 harum
692 934 833 1001 febrium
863 938 970 1005 calore
998 937 1131 1016 scilicet,
1154 936 1219 1016 siti,
1239 932 1465 1019 inquieta-¹

295 1036 382 1116 dine,
398 1037 533 1120 ahisque
547 1039 783 1121 symptomatis,
799 1040 894 1104 anxie
914 1061 1045 1123 operam
1059 1039 1221 1117 locaverit,
1236 1060 1334 1122 quam
1349 1060 1405 1103 ex
1416 1052 1468 1103 Qui
1442 1067 1548 1128 mayn

293 1138 484 1203 istimaverit
499 1140 581 1203 alius
601 1162 636 1205 se
651 1138 833 1225 Podagram
852 1163 978 1220 sanare,
994 1142 1120 1207 cumin
1135 1117 1556 1229 Ροιιιςιιιιιιιι·οοειιιῖιιιιιιιιιιιιᾱί1

294 1242 448 1326 ptomatis
465 1249 594 1307 tantum
611 1244 796 1309 co'e'rcendis
814 1243 954 1322 laboret3
980 1266 1079 1327 quum
1095 1251 1227 1308 tautsnn
1241 1243 1303 1308 hoc
1320 1245 1455 1307 tem-inc

294 1364 373 1427 pore
388 1364 407 1409 a
422 1344 587 1409 curatione
606 1345 712 1410 morbi
730 1345 892 1425 abscedat,
907 1355 946 1411 ιιι
965 1345 1104 1410 eandem
1123 1346 1351 1461 aliquatenus
1341 1367 1404 1409 nn-
1414 1245 1545 1421 ῐιΪζΞιιιιι

294 1444 404 1528 pediat
419 1467 456 1509 ac
470 1454 669 1513 remoratum·
693 1454 816 1531 quanto
835 1448 923 1512 enim
942 1448 1047 1531 magis
1066 1448 1154 1532 aegri
1171 1448 1296 1512 dolores
1310 1448 1402 1527 lenit,
1415 1445 1556 1489 ranmtur.

294 1555 389 1619 tanto
398 1549 501 1631 magis
511 1548 685 1613 humorum
694 1550 893 1615 concoctioni
902 1550 1103 1629 adversatm
1118 1556 1305 1636 quantoque
1315 1550 1404 1614 clau-

296 1650 492 1715 dicationem
507 1659 604 1730 arcet,
619 1658 713 1717 tanto
727 1652 882 1717 materiae
900 1652 1086 1717 morbificae
1099 1650 1279 1735 expulsioni
1292 1650 1404 1715 officit.

295 1751 391 1815 Adde
413 1751 499 1834 quod
521 1760 644 1835 quanto
665 1754 848 1838 paroxysmi
868 1754 960 1819 furor
973 1775 1012 1818 ac
1026 1754 1110 1819 acies
1123 1752 1320 1831 retunditur,
1334 1774 1404 1818 non
1443 1750 1447 1755 ’

295 1854 400 1917 solum
414 1860 508 1917 tanto
522 1854 644 1919 diutius
661 1856 791 1939 adliget,
807 1856 864 1920 sed
881 1864 914 1921 ιι
929 1856 1057 1921 brevius
1070 1855 1133 1919 erit
1147 1856 1289 1939 spatium
1301 1855 1405 1919 inter-

291 1955 413 2040 jacens,
429 1962 463 2021 ιι
476 1958 585 2021 minus
605 1958 703 2022 etiam
717 1958 855 2023 liberum
870 1958 910 2023 ab
926 1958 1017 2023 omni
1031 1957 1136 2041 gradu
1149 1964 1403 2073 symptomatum

295 2059 412 2142 quibus
434 2059 487 2124 hic
508 2060 640 2125 morbus
662 2060 864 2126 funestatur.
897 2061 984 2145 quod
1006 2081 1103 2126 nemo
1128 2060 1327 2125 inficiabitur
1348 2060 1404 2143 qui

295 2161 468 2245 diligente
487 2162 694 2229 trutinarent
716 2185 798 2249 quse
819 2185 917 2249 supra
943 2163 978 2250 [ι
1001 2162 1102 2247 11.’]
1092 2184 1130 2227 1n
1149 2163 1285 2279 bujnsce
1298 2161 1405 2229 morbi

293 2262 429 2331 historia
443 2264 607 2333 edisserui.

341 2366 400 2453 [60
402 2368 425 2452 ]
453 2369 682 2448 Quamobrem,
701 2369 777 2435 licet
792 2369 875 2435 nihil
889 2369 1002 2454 magni
1016 2370 1052 2434 in
1066 2391 1257 2455 paroxysmo
1272 2374 1455 2439 tantan-1)
1442 2404 1546 2439 omre

296 2470 375 2534 dum
397 2471 449 2551 sit,
464 2471 527 2537 nisi
549 2471 637 2557 quod
656 2472 727 2537 istis
749 2474 975 2557 symptomatis
997 2473 1230 2538 occurrendum
1249 2478 1300 2539 est
1319 2471 1422 2556 quae¹
1424 2454 1558 2567 ”iffi

295 2574 377 2641 falsa
398 2572 550 2639 medendi
574 2574 748 2639 methodus
774 2576 968 2658 quandoque
992 2575 1154 2658 parturit3
1183 2585 1305 2653 ιιιιιιιι,
1327 2596 1455 2639 cumuw
1414 2534 1557 2647 ιιιιιιιοοι·

296 2698 408 2742 omnes
422 2698 489 2741 uno
504 2697 558 2740 ore
572 2676 737 2741 fateantur
753 2677 904 2743 morbum
918 2678 1045 2741 huncce
1064 2676 1105 2741 ab
1119 2677 1295 2741 humorum
1311 2677 1403 2761 copia
1414 2648 1530 2699 vendosa

296 2788 330 2845 ιι
352 2778 541 2843 exuberanti
561 2778 764 2861 plenitudine
789 2780 888 2857 nasci,
915 2800 1013 2863 aegro
1037 2780 1173 2843 ιοιιιιιι
1197 2778 1358 2844 conducet
1383 2800 1404 2845 a

296 2880 446 2945 carnibus
461 2900 519 2964 per
533 2880 654 2963 aliquot
670 2878 748 2958 dies,
762 2879 821 2943 ubi
835 2880 977 2967 primum
992 2902 1013 2944 a
1026 2877 1140 2943 morbo
1154 2879 1335 2962 corripitur,
1346 2879 1403 2945 ab.

296 2983 426 3060 stinere,
441 2989 475 3049 et
488 2982 605 3046 harum
624 2981 694 3045 loco
714 2981 852 3064 simplici
867 2981 995 3066 jusoulo
1015 3000 1174 3045 avenaceo
1192 2980 1252 3058 uti,
1267 2988 1325 3045 aut
1340 2982 1402 3045 alio

295 3084 366 3168 pari
388 3084 560 3149 alimento:
583 3082 764 3166 cujusmodi
788 3082 896 3147 diaeta
915 3082 1025 3147 tenuis
1043 3082 1197 3147 matenae
1217 3082 1402 3149 morbificae

295 3186 537 3251 imminuendae
558 3185 699 3249 multum
721 3184 875 3263 conferet,
897 3190 931 3249 et
956 3184 1104 3251 Naturae
1125 3184 1402 3268 opportunitatem

297 3287 555 3353 subministrabit
577 3308 641 3369 qua
662 3286 800 3351 eandem
829 3308 927 3372 ocyus
950 3286 1086 3370 digerat.
1145 3286 1230 3351 Cum
1252 3307 1328 3352 vero
1350 3287 1402 3351 in.

297 3414 376 3475 gens
391 3392 433 3455 sit
448 3412 617 3475 corporum
638 3390 774 3455 aliorum
793 3391 834 3456 ab
853 3391 923 3455 aliis
939 3391 1122 3469 discrimen,
1137 3390 1330 3476 quibusdam
1344 3391 1402 3455 ab

297 3494 486 3563 atinentiam
503 3516 523 3558 a
541 3514 638 3559 carne
657 3514 725 3558 non
744 3494 932 3573 ferentibus,
958 3494 1069 3559 statim
1089 3515 1166 3558 vero
1186 3494 1227 3559 ab
1247 3514 1287 3559 ea
1307 3494 1400 3578 spiri·

296 3607 392 3667 tuum
407 3600 594 3664 animalium
608 3596 733 3686 ἀταξίᾳ,
746 3599 846 3663 animi
861 3599 1016 3683 deliquio,
1029 3599 1163 3683 aliisque
1176 3601 1400 3683 symptomatis

298 3702 405 3787 qualia
417 3698 565 3765 ¹foeminis
583 3700 744 3785 hysterica
762 3700 932 3767 affectione
950 3700 1173 3766 laborantibus
1192 3700 1335 3765 accidere
1349 3722 1401 3765 so·

296 3805 375 3881 lent,
391 3802 565 3887 correptis3
587 3803 666 3867 istos
681 3824 749 3867 non
767 3810 898 3867 tantum
917 3824 986 3869 non
1002 3802 1140 3886 juvabit,
1155 3802 1213 3867 sed
1231 3810 1266 3869 et
1283 3803 1399 3882 laedet,

297 3906 325 3971 si
349 3906 472 3971 diutins
496 3926 517 3968 a
541 3903 690 3969 carnibus
720 3904 905 3969 abstineant
935 3926 1033 3987 quam
1061 3904 1259 3969 ventriculus
1288 3926 1401 3969 earum

297 4029 393 4073 usum
407 4013 590 4075 aversetur:
614 4007 701 4091 quod
719 4007 947 4090 utplurimum
962 4028 1031 4071 nou
1044 4006 1169 4071 excedit
1183 4005 1325 4088 primum
1343 4014 1401 4073 aut

298 4112 474 4177 secundum
490 4110 576 4175 diem
590 4131 702 4175 eorum
720 4130 985 4195 paroxysmorum
1004 4107 1248 4192 particularium
1262 4108 1317 4191 qui
1331 4130 1400 4173 om.

297 4232 355 4281 nes
367 4212 462 4276 simnl
473 4212 579 4295 juncti
589 4212 753 4295 integrum
763 4232 994 4296 paroxysmum
1007 4212 1056 4291 (ut
1067 4229 1164 4291 supra
1175 4208 1209 4294 [q
1219 4209 1267 4292 b.]
1280 4209 1398 4292 innui)

298 4313 511 4383 constituunt.
533 4316 580 4378 At
590 4335 675 4393 vero,
687 4313 752 4377 sive
766 4314 891 4378 tardius
906 4312 974 4377 sive
986 4332 1085 4395 ocyus
1100 4310 1172 4393 quis
1186 4330 1283 4375 carne
1292 4331 1400 4375 vesca·

297 4422 363 4495 tur,
374 4415 456 4479 serio
470 4416 648 4479 cavendum
659 4422 709 4481 est
724 4436 766 4481 ne
779 4422 919 4498 urgente
931 4414 1043 4478 morbo
1053 4412 1175 4495 majore
1185 4413 1278 4496 copia
1287 4420 1400 4477 utatur

298 4540 397 4606 quam
411 4538 495 4605 quae
507 4518 549 4582 ad
570 4520 733 4584 Naturam
748 4516 995 4583 sustentandam
1009 4517 1190 4580 necessaria
1203 4516 1256 4595 sit,
1267 4537 1328 4579 nec
1338 4516 1400 4581 mi·

297 4642 377 4687 nore
391 4642 469 4685 cura
479 4642 558 4704 opus
569 4622 668 4687 estin
683 4618 878 4703 assignanda
888 4619 992 4683 νιιιιιι
1007 4618 1183 4704 qualitate:
1205 4640 1347 4702 namque
1360 4627 1400 4685 ut

298 4744 424 4807 semper
437 4722 473 4786 in
486 4744 749 4808 paroxysmorum
763 4721 951 4800 intervallis,
965 4722 1014 4784 ita
1026 4719 1196 4805 praecipue
1208 4742 1401 4807 paroxysmo

294 4826 362 4911 jam
376 4832 555 4912 praesente,
571 4846 666 4908 aeger
683 4844 884 4911 summopere
901 4844 1014 4889 curare
1033 4821 1129 4887 debet
1146 4844 1189 4889 ne
1204 4823 1286 4909 quid
1299 4826 1351 4890 vel
1364 4825 1400 4894 in
