3825 5759
530 687 752 753 EPISTOLA
774 689 821 754 Π.
847 689 1175 756 RESPONSORIA.
1338 695 1403 757 30⁷

299 847 387 911 sedit
402 848 471 931 ejus
485 848 532 910 rei
547 849 702 928 studium,
717 856 837 914 utnon
856 857 925 914 tam
945 851 1009 914 alia
1022 852 1063 914 de
1082 871 1180 928 causa
1197 851 1236 935 (si
1251 852 1335 917 bene
1349 872 1402 916 me
1432 871 1475 919 no
1487 871 1546 920 noa

298 949 400 1032 nori)
431 949 532 1014 vitam
552 950 633 1014 mihi
653 952 818 1036 prorogari
842 959 1002 1037 exoptem,
1026 974 1123 1037 quam
1151 960 1191 1018 ut
1219 952 1403 1018 istiusmodi
1415 936 1557 1016 Q

298 1050 410 1132 aliquo
424 1051 593 1116 conamine
612 1054 776 1117 communi
791 1053 961 1119 hominum
977 1055 1113 1121 utilitati
1126 1056 1308 1120 inserviam.
1353 1055 1402 1120 As
1522 1087 1528 1099 ·

299 1175 378 1219 vero
393 1157 512 1240 singuli
524 1177 578 1222 me
596 1158 663 1223 dies
678 1158 796 1224 docent
811 1181 908 1243 quam
926 1161 969 1225 sit
983 1154 1119 1225 arduum
1139 1167 1290 1245 coeptum
1308 1159 1353 1240 id,
1368 1167 1403 1226 et
1441 1179 1451 1196 ·

301 1277 402 1340 quam
421 1259 644 1342 “periculosae
665 1261 798 1345 plenum
822 1261 960 1344 aleae⁸‚”
979 1263 1071 1346 (mihi
1086 1283 1164 1348 prae
1184 1261 1327 1342 caeteris,
1346 1263 1403 1346 qui

300 1360 366 1424 isto
383 1361 507 1444 ingenii
525 1363 670 1428 acumine
690 1369 787 1447 atque
802 1363 940 1442 solertia,
956 1364 1073 1447 quibus
1092 1364 1146 1429 hic
1163 1370 1212 1428 est
1230 1383 1320 1448 opus,
1334 1385 1402 1428 nou

301 1462 382 1526 satis
393 1463 503 1547 valeo,)
516 1485 590 1530 cum
602 1465 688 1549 apud
698 1465 867 1549 scriptores
878 1466 939 1531 Rei
949 1465 1098 1531 Medicas
1110 1465 1266 1550 (divinum
1278 1466 1402 1549 Hippo

301 1574 425 1630 cratem
447 1567 475 1632 si
497 1561 616 1649 demas,
633 1575 729 1652 atque
751 1569 829 1634 alios
851 1567 1059 1653 paucissimos
1080 1569 1238 1651 numeru)
1262 1567 1315 1631 vix
1335 1568 1404 1631 ulla

301 1667 500 1752 deprehendi
522 1677 642 1752 queant
663 1669 807 1753 vestigia,
824 1670 941 1754 quibus
961 1670 1092 1755 adjutus
1112 1691 1171 1755 per
1191 1691 1301 1736 rerum
1321 1671 1402 1749 avia,

301 1769 403 1852 spinis
418 1777 452 1834 et
467 1772 612 1836 sentibus
626 1771 791 1856 impedita,
804 1774 867 1836 iter
880 1773 996 1838 faciam
1000 1798 1010 1852 3
1026 1794 1102 1838 cum
1116 1793 1198 1858 qnae
1206 1773 1403 1857 promittunt

300 1871 445 1937 subsidia
459 1875 609 1939 authores
623 1882 657 1939 et
671 1875 796 1939 lumina
810 1881 987 1955 ostentant,
1001 1878 1105 1960 magis
1122 1877 1215 1960 ignes
1230 1877 1312 1942 fatui
1325 1877 1402 1957 sint,

300 1995 399 2058 quam
413 1997 506 2042 verae
520 1975 615 2056 faces,
631 1983 664 2042 et
678 1977 715 2042 iu
730 1975 870 2042 salebras
883 1979 993 2062 potius
1007 1998 1045 2042 ac
1058 1971 1247 2063 praecipitia
1265 1998 1401 2064 sequen·

299 2085 370 2142 tem
385 2086 493 2161 agant,
509 2099 607 2162 qnam
625 2087 769 2145 mentem
784 2079 922 2146 fideliter
936 2088 970 2146 et
982 2087 1072 2146 recta
1092 2081 1235 2164 dirigant
1249 2080 1286 2144 iu
1300 2103 1402 2165 genu·

300 2179 357 2244 ina
378 2179 525 2246 Naturae
548 2181 701 2247 methodo
726 2181 911 2265 indaganda
933 2187 1031 2264 atque
1052 2181 1265 2246 invenienda:
1288 2188 1402 2265 utpote

302 2303 440 2366 quorum
455 2284 574 2367 scripta
588 2285 653 2348 lere
668 2284 778 2349 omnia
792 2283 1025 2368 hypothesibus
1039 2282 1238 2363 innituntur,
1254 2301 1333 2367 quas
1347 2304 1402 2368 pe·

300 2387 386 2469 perit
400 2387 593 2452 lascivientis
612 2387 737 2471 ingenii
751 2395 785 2453 et
799 2387 989 2472 phantasiae
1002 2386 1130 2450 luxuria
1137 2410 1148 2464 ;
1169 2385 1303 2470 ipsaque
1322 2385 1403 2450 adeo

302 2488 489 2552 morborum
499 2480 735 2572 phaenomena,
755 2489 802 2572 (iu
824 2488 941 2573 quibus
961 2485 1137 2554 eorumdem
1156 2487 1291 2552 historia
1306 2488 1402 2551 verti·

302 2591 379 2670 tur,)
393 2597 488 2672 prout
504 2590 544 2654 ab
559 2591 599 2654 iis
615 2589 850 2672 describuntur,
866 2613 906 2656 ex
920 2591 1033 2655 eadem
1046 2589 1266 2673 hypotheseon
1276 2589 1404 2654 officina

301 2689 463 2771 pmdeunt
474 2715 484 2767 ;
511 2691 591 2773 quin
619 2697 653 2754 et
681 2691 751 2775 ipsa
779 2693 885 2775 praxis
912 2713 977 2775 qua
1004 2691 1133 2756 morbos
1158 2691 1402 2774 aggrediuntur,

306 2789 406 2872 (qnod
426 2790 561 2854 humani
582 2793 707 2876 generis
727 2793 826 2876 pestis
846 2799 896 2856 est
911 2793 1089 2856 certissima
1109 2798 1143 2856 et
1164 2792 1342 2876 pernicies)
1360 2793 1402 2858 ad

302 2891 488 2974 hujusmodi
501 2894 664 2976 postulata
677 2895 892 2978 componitur,
907 2915 976 2959 non
990 2893 1032 2958 ad
1045 2893 1094 2957 rei
1106 2893 1286 2959 veritatem.
1339 2896 1402 2959 Us-

305 3014 368 3076 que
383 2995 464 3059 adeo
479 3002 676 3078 grassamur,
692 3004 726 3062 et
740 3003 880 3080 regnaut
894 2995 962 3062 fere
975 2995 1012 3058 iu
1026 2995 1162 3079 singulis
1175 2994 1303 3079 paginis
1318 3016 1404 3061 cere·

304 3097 472 3162 brosorum
487 3099 657 3164 hominum
672 3107 855 3164 commenta
862 3125 872 3180 3
892 3101 1005 3184 jacent
1018 3099 1149 3164 interim
1159 3098 1307 3164 Naturae
1317 3099 1404 3182 judi-

304 3199 362 3264 cia
410 3200 538 3266 Quibus
552 3201 849 3284 nonobstantibus,
869 3201 908 3286 (si
928 3201 1030 3266 vitam
1044 3200 1164 3265 DEUS
1181 3207 1279 3284 atque
1299 3202 1405 3266 otium

304 3303 518 3385 concesserit)
533 3304 677 3387 experiar
691 3304 835 3369 fortassis
851 3302 1023 3387 aliquando
1035 3302 1113 3387 quid
1122 3303 1251 3368 valeant
1265 3303 1403 3369 humeri.

303 3403 619 3488 Impracseutiurnm,
631 3413 669 3471 ut
685 3407 831 3472 animum
846 3425 1003 3524 agnoscas
1015 3404 1053 3468 in
1066 3403 1129 3468 'liri
1142 3404 1298 3520 obsequia
1309 3427 1403 3490 para·

303 3506 474 3587 tissimum,
489 3529 531 3571 eu
553 3508 626 3572 tibi
647 3509 757 3589 offero,
772 3529 831 3574 ceu
851 3509 920 3593 ejus
944 3507 1031 3592 quod
1045 3507 1160 3572 molior
1179 3507 1283 3591 operis
1302 3509 1403 3591 speci-

303 3629 387 3688 men,
414 3609 672 3676 dissertationem
701 3611 795 3692 hauc,
823 3609 954 3676 brevem
982 3609 1073 3674 illam
1102 3609 1243 3694 quidem,
1269 3610 1309 3673 de
1335 3611 1403 3674 Ius

266 3737 269 3743 ¹
309 3709 450 3790 Veneres,
467 3719 500 3776 et
515 3733 613 3796 quam
628 3713 729 3777 solam
744 3713 849 3778 adhuc
863 3711 974 3798 praelo
988 3711 1150 3776 adornavi.

352 3913 413 3998 [4.]
440 3915 588 3980 Primum
615 3923 724 3982 autem
749 3916 783 3980 id
808 3916 970 4000 attingere
992 3915 1074 3993 volo,
1094 3935 1149 3979 me
1173 3914 1262 3980 haud
1282 3935 1402 3998 paucos

306 4017 497 4096 convenisse,
515 4018 580 4102 qui,
595 4017 661 4083 sive
675 4039 751 4103 prae
771 4019 879 4084 studio
896 4017 1045 4100 (honesto
1062 4016 1193 4100 quidem
1213 4017 1274 4098 e0‚)
1290 4017 1403 4080 incon-

306 4117 493 4183 tinentiores
508 4141 528 4184 a
541 4127 672 4203 peccato
686 4121 856 4187 coercendi
870 4126 961 4185 metu
974 4119 1179 4183 insecuturae
1192 4137 1325 4200 poenae,
1337 4118 1403 4181 sive

307 4225 341 4282 ut
356 4220 563 4286 castimoniae
584 4222 713 4286 laudem
729 4221 791 4287 sibi
805 4227 1002 4304 arrogarent,
1016 4239 1085 4284 uon
1103 4217 1296 4282 dubitabant
1318 4237 1402 4281 asse
1416 4257 1482 4306 nav
1483 4259 1556 4318 m

307 4339 383 4400 rere,
399 4321 479 4386 Luis
493 4323 659 4388 Venereae
674 4325 874 4389 amotionem
886 4322 1064 4387 docendam
1078 4341 1146 4385 non
1160 4340 1239 4384 esse.
1264 4318 1327 4382 His
1342 4340 1402 4402 ego
1415 4323 1477 4384 tiu
1460 4323 1518 4370 ubet

307 4443 371 4487 uon
388 4425 553 4505 assentior,
569 4433 683 4510 utpote
698 4425 755 4510 qui
775 4425 956 4490 existimem
970 4423 1098 4487 nullum
1117 4421 1184 4486 fere
1198 4421 1307 4485 locum
1326 4421 1400 4485 cha·
1414 4386 1533 4499 iffi?

307 4525 392 4591 ritati
407 4535 504 4612 atque
518 4550 633 4613 operae
647 4536 780 4593 mutuae
803 4527 975 4591 relictum
966 4526 1016 4605 rri,
1031 4525 1095 4589 nisi
1116 4544 1252 4608 eaquae
1266 4523 1328 4589 sibi
1343 4547 1402 4591 sna
1413 4529 1554 4626 mem

307 4627 446 4711 ipsorum
461 4631 556 4714 culpa
569 4631 738 4714 improvidi
754 4637 923 4695 accersunt
938 4628 1032 4706 mala,
1047 4627 1277 4692 humaniorum
1291 4628 1401 4694 officiis
1415 4643 1506 4692 docere

433 4810 640 4859 ·“Ριιιιοιιιι
652 4812 725 4874 plnu
727 4809 917 4876 nmmseaepls
922 4807 1225 4869 (florescente.)

434 4827 748 4926 ”armostllbeain
760 4876 859 4924 aso.
