3825 5759
429 656 827 726 OBSERV'A'I'IONUM
849 657 1138 725 MEDICARUM
1163 661 1221 716 111.
1239 668 1267 717 a.
1337 660 1401 725 133

296 820 361 887 His
383 822 477 888 verok
495 844 563 886 non
584 821 799 899 obstantibus,
818 820 845 884 si
863 820 915 885 vel
930 821 1104 887 minimum
1126 821 1280 909 suspicari
1303 823 1400 889 liceat
1411 844 1556 895 rumoris

295 926 444 991 Variolas
472 948 547 989 mox
576 932 782 1008 erumpentes
811 944 829 987 e
858 924 1101 989 confluentium
1130 949 1248 1011 genere
1273 929 1399 993 futuras
1411 909 1555 1022 *¹4²2ssssssssss

296 1050 376 1106 esse,
391 1030 471 1093 utile
493 1050 622 1112 prorsus
641 1027 703 1092 erit
722 1034 846 1090 utnon
865 1027 971 1090 solum
990 1029 1121 1111 sanguis
1139 1053 1236 1113 quam
1257 1032 1398 1115 primum
1430 1039 1531 1089 'ot-’eu

1410 1110 1555 1121 ———0

295 1132 455 1210 mittanis,
467 1132 523 1195 sed
538 1140 571 1195 et
586 1132 759 1195 emeticum
775 1130 973 1213 propinetur,
988 1130 1030 1195 ob
1044 1134 1186 1197 rationes
1201 1135 1264 1199 alio
1279 1135 1315 1199 in
1328 1135 1399 1200 loco

301 1234 449 1318 [Dissert.
466 1236 569 1316 Epist.
588 1236 628 1320 §b
644 1236 697 1313 30,
713 1232 783 1319 aa]
800 1232 870 1295 fisse
886 1232 1046 1296 dicendae.

344 1338 427 1421 [37.]
454 1337 608 1415 Tandem,
621 1344 661 1399 ut
681 1336 722 1399 ad
742 1335 914 1399 secundam
928 1335 1018 1398 illam
1035 1336 1265 1403 indicationem
1283 1339 1398 1423 pedem

293 1459 547 1523 promoveamus,
573 1439 614 1502 ad
641 1446 769 1521 tempus
795 1438 983 1518 eapulrioaia
1011 1440 1302 1518 accommodatam
1333 1464 1397 1524 quo

293 1550 437 1624 tempore
460 1541 595 1605 materia
614 1548 760 1624 separata
781 1560 950 1623 parvorum
973 1538 1188 1619 abscessuum,
1204 1543 1270 1606 sive
1283 1552 1397 1626 postu.

293 1643 407 1723 larum,
419 1665 479 1727 ope
491 1643 682 1707 amandetur
692 1650 789 1725 atque
804 1638 995 1723 expellitur¹‚
1006 1662 1123 1723 nempe
1137 1642 1217 1706 illud
1230 1644 1284 1707 hic
1299 1666 1397 1727 agen.

294 1746 372 1809 dum
386 1754 445 1825 est,
458 1754 496 1810 ut
510 1746 656 1828 pustulae
671 1745 780 1809 debito
794 1744 890 1808 modo
905 1744 1135 1823 sustineantur,
1147 1746 1283 1829 querite
1298 1754 1397 1831 atque

293 1846 404 1911 ordine
420 1847 613 1911 destinatam
627 1846 794 1931 periodum
809 1853 1032 1929 assequantm.

340 1948 423 2033 [aa]
453 1948 544 2013 Sicut
569 1949 677 2033 itaque
699 1968 796 2031 supra
821 1947 898 2011 satis
927 1948 976 2029 (ut
998 1946 1132 2030 opinor,)
1158 1956 1322 2013 ostensum
1344 1958 1393 2017 est
1407 1966 1528 2030 Βοςῐωω

291 2052 447 2135 imprimis
461 2052 674 2135 periculosum
689 2070 758 2115 esse
773 2051 800 2114 si
815 2070 909 2133 aeger
922 2052 1084 2133 praesenti
1097 2051 1196 2130 febre,
1208 2060 1242 2117 at
1256 2056 1393 2139 pustulis
1405 2033 1519 2147 ζῗέᾰέἔ

291 2154 343 2217 vix
368 2154 447 2217 dum
476 2154 712 2237 apparentibus,
735 2152 771 2215 in
792 2153 862 2235 ipso
885 2154 1066 2217 secretionis
1085 2162 1230 2238 tempore
1254 2157 1392 2220 nimium
1405 2168 1546 2239 tamum-

291 2256 433 2334 ealefint,
455 2256 502 2319 ita
521 2256 618 2319 etiam
636 2276 705 2319 non
718 2254 835 2318 minori
849 2254 990 2337 periculo
1008 2255 1106 2338 plena
1118 2278 1170 2321 res
1188 2265 1247 2336 est,
1263 2259 1291 2323 si
1304 2259 1392 2324 idem
1403 2230 1538 2351 pppssuea

292 2358 401 2439 quovis
420 2358 525 2422 morbi
545 2365 689 2440 tempore
703 2356 769 2435 fiat,
785 2364 882 2439 atque
900 2356 955 2420 illo
977 2358 1164 2439 praesertim
1178 2361 1266 2443 quod
1278 2362 1320 2425 ad
1337 2384 1390 2426 ex·
1402 2356 1545 2432 ¹¹¹⁰¹bll⁸¹¹¹·

289 2456 444 2541 pulsionis
466 2459 596 2522 snitum
617 2458 730 2541 vergit,
753 2458 859 2521 cruos
881 2459 986 2523 auus
1007 2460 1219 2525 coenosus
1240 2464 1389 2545 pusulis.
1402 2429 1545 2539 liiii?

291 2560 444 2626 Quamvis
467 2562 554 2625 enim
576 2561 716 2643 sanguis,
731 2566 860 2643 peracta
877 2561 946 2645 jam
969 2564 1177 2643 separatione,
1192 2571 1290 2646 atque
1310 2566 1390 2629 rele-
1402 2551 1492 2665 {ff

290 2668 365 2743 gata
373 2663 413 2725 ad
422 2683 570 2727 carnosas
579 2670 684 2745 partes
693 2664 835 2740 materia,
845 2662 885 2725 ab
897 2663 1075 2726 munimem
1085 2664 1229 2727 tumultu
1237 2688 1390 2748 magnam

289 2774 413 2849 partem
426 2766 580 2829 immunis
596 2766 646 2844 sit,
658 2765 788 2829 interim
803 2774 913 2828 tomen
927 2772 1021 2830 tener
1034 2767 1139 2830 adhuc
1152 2788 1335 2850 recensque,
1351 2790 1390 2832 ac

289 2868 340 2931 vix
354 2890 437 2933 novo
452 2876 540 2931 statu
554 2876 587 2931 et
602 2868 692 2951 quasi
707 2874 833 2931 tectura
846 2866 990 2943 indutus,
1005 2866 1145 2947 εὼταθής
1161 2875 1219 2946 est,
1234 2870 1388 2952 facileque

288 2972 319 3035 vi
347 2972 459 3037 caloris
479 2972 642 3035 immodici
662 2971 876 3053 undecunque
899 2970 1086 3052 appellantis
1114 2971 1269 3050 afficitur,
1291 2980 1389 3056 atque

288 3075 366 3139 adeo
389 3075 548 3139 levissimo
573 3082 738 3139 momento
762 3074 906 3136 irritatus
931 3073 1095 3135 flammam
1118 3073 1266 3155 concipit,
1292 3084 1326 3139 et
1351 3077 1388 3140 in

288 3199 403 3243 novam
417 3178 637 3242 ebullitionem
651 3178 797 3261 proclivis
816 3183 864 3239 est
872 3200 882 3253 3
906 3196 988 3257 quae
1003 3174 1133 3257 quidem
1146 3197 1229 3239 nova
1243 3177 1388 3244 ebullitio

288 3302 363 3359 non,
385 3280 436 3344 uti
452 3281 540 3364 prior
561 3281 625 3359 illa,
642 3280 874 3363 separationem
894 3279 963 3362 jam
985 3278 1126 3358 molitur,
1150 3279 1250 3362 (illam
1269 3283 1388 3368 quippe

288 3390 448 3465 peractam
463 3382 693 3464 supponimus)
711 3402 821 3445 verum
835 3380 920 3443 illius
936 3381 1006 3444 loco
1020 3403 1087 3445 non
1101 3390 1231 3447 tantum
1245 3395 1387 3470 sympto-

288 3492 375 3549 mata
388 3485 534 3569 superius
553 3492 730 3548 memorata
743 3484 870 3561 excitet,
886 3484 941 3547 sed
961 3490 994 3547 et
1009 3492 1154 3567 coeptam
1167 3508 1225 3569 per
1240 3490 1386 3571 pustulas

289 3686 372 3733 rationi
393 3692 563 3733 omnicreans
581 3687 634 3741 erit,
652 3692 678 3731 ut
696 3686 815 3731 commodis
857 3684 923 3741 sitam
945 3692 970 3732 et
988 3687 1049 3732 iuter
1066 3688 1158 3746 genium
1176 3690 1299 3748 pristiam
1320 3708 1386 3753 quen

288 3752 421 3809 quidusdam
438 3752 552 3797 cardiacis
573 3752 605 3797 ad
619 3750 711 3797 cartelera
723 3764 813 3809 promo·
858 3750 968 3808 deputem
978 3748 1033 3810 jara
1044 3758 1123 3809 parat,
1135 3768 1332 3815 rarumquequeru
1348 3762 1385 3804 in.

290 3814 382 3860 rendam
403 3822 502 3861 utamur.
546 3814 613 3861 Haec
638 3820 714 3860 autem
739 3828 814 3860 eorum
858 3814 927 3859 duere
951 3816 1030 3875 gestit,
1054 3818 1197 3872 constitutus,
1218 3834 1269 3864 cum
1293 3824 1386 3881 regredi

289 3880 384 3925 mosim
404 3880 504 3925 conditio
525 3880 622 3933 ridetur,
644 3880 684 3938 qui
705 3878 740 3924 oel
760 3892 814 3923 saa·
857 3884 954 3936 nequeat
969 3884 996 3923 ut
1005 3881 1123 3939 mouns
1133 3883 1241 3936 obtineat,
1253 3898 1324 3943 aeque
1334 3900 1386 3932 vero

287 3942 365 4001 guinis
381 3944 485 3989 masmae
502 3944 606 3989 mulctati
616 3938 694 4001 suere,
710 3942 745 3987 oei
759 3943 813 4000 piu·
856 3956 913 4000 prae
939 3944 1021 3988 uirium
1046 3941 1136 4003 desecta
1156 3948 1273 4006 progredi,
1295 3952 1385 4009 stagnis

288 4007 380 4065 gulcret
400 4008 436 4053 cel
460 4007 609 4067 phlegmatici
634 4012 695 4060 tuat,
717 4006 753 4051 cel
774 4008 815 4065 qui
857 4003 1109 4065 quaaousinsctas'el
1125 4014 1149 4054 et
1163 4025 1233 4069 aeger
1248 4012 1384 4059 os'tuoeees-
1397 4035 1429 4063 m

288 4071 362 4117 mou
379 4071 457 4131 aliquo
475 4086 548 4129 nuper
565 4071 642 4117 attriti
655 4066 762 4130 fueruat,
780 4071 816 4116 cel
857 4068 1042 4131 smofungtrur.
1076 4072 1158 4131 Neque
1172 4076 1265 4119 iuterim
1278 4089 1342 4135 argo,
1359 4080 1384 4123 iu
1397 4104 1476 4145 „mm
1487 4115 1530 4146 ex·

288 4134 383 4195 deaique
400 4134 438 4193 (ut
454 4133 673 4193 aliquantillum)
692 4136 732 4193 qui
745 4148 815 4191 prae·
857 4134 906 4191 ipso
933 4136 1071 4193 repulsionis
1098 4142 1204 4193 tempore,
1226 4152 1269 4196 quo
1295 4146 1383 4187 secreta
1396 4162 1455 4207 cidi,
1466 4178 1510 4209 m·

287 4200 495 4258 mtlgoaorrdoea
505 4204 546 4243 aut
562 4200 610 4245 alla
627 4200 706 4258 aliqua
718 4212 815 4243 mamea·
857 4199 954 4243 materia
975 4199 1008 4243 ad
1026 4200 1210 4256 suppuratimos
1228 4204 1339 4258 peruenit,
1361 4206 1382 4248 si
1394 4224 1541 4285 'immid‘

288 4262 347 4307 tiore
369 4262 480 4308 laborant.
515 4262 562 4307 His
581 4268 604 4307 et
629 4264 747 4316 similibua
770 4263 815 4307 uisi
857 4276 885 4307 es
901 4263 982 4320 quavis
1000 4277 1070 4307 cauea
1083 4260 1152 4319 foras
1174 4263 1235 4307 intro
1259 4272 1381 4321 reuocetur,
1395 4260 1519 4337 Me'mfi

288 4327 444 4371 cardiacorum
459 4326 562 4383 beneficia
576 4320 812 4384 suppetiasseramus,
857 4326 949 4371 aarum
967 4341 1037 4385 aegro
1052 4330 1224 4370 certamaecera
1238 4323 1340 4384 infern,-
1357 4332 1383 4376 ld
1393 4351 1462 4412 323)
1520 4322 1528 4339 ⁸

287 4390 382 4435 secretio
392 4390 662 4448 mammoneamque
673 4404 713 4435 aec
723 4390 813 4447 eruptio
856 4389 917 4448 quod
932 4390 960 4435 ob
975 4404 1026 4434 east
1040 4389 1110 4433 oolam
1124 4391 1275 4447 corruptelam
1288 4395 1381 4450 accidit,
1442 4387 1448 4399 '

284 4454 430 4511 pustularum
440 4448 545 4511 feliciter
552 4459 686 4512 peragetur,
696 4469 723 4499 ee
732 4454 814 4512 quilius
857 4467 924 4511 quara
940 4468 968 4498 es
983 4467 1026 4497 sua
1045 4452 1168 4497 secretiore
1188 4454 1234 4499 sibi
1254 4458 1383 4515 acquisierit.

287 4530 409 4577 aegrorum
435 4518 543 4563 interitus
560 4513 635 4575 facile
661 4523 813 4576 consequetur.
860 4515 1228 4577 Tandemutudsecuadasudc.

287 4579 341 4627 Non
359 4581 421 4641 quod
438 4578 500 4637 (mea
516 4580 605 4639 quidem
619 4580 752 4640 senionia)
764 4596 813 4625 ora·
891 4580 968 4625 1115,
985 4577 1191 4641 cero-diceadas]
1206 4595 1254 4630 om.
1266 4582 1319 4630 cdd.
1333 4585 1383 4642 ¹66,

287 4644 345 4706 ligni
365 4645 485 4705 quidpiam
506 4658 534 4689 ac
553 4645 657 4688 merati
676 4646 756 4699 subsit
776 4644 817 4691 sed
861 4640 968 4700 'uestis

286 4710 453 4769 quadrangula
469 4712 548 4765 coepta
561 4708 683 4753 mutatione
696 4710 733 4754 sui
750 4722 815 4753 reuo-
893 4703 900 4735 ¹
914 4714 983 4767 atque
993 4703 1088 4767 expell]
1100 4720 1148 4752 om.
1160 4707 1214 4755 edd.
1227 4710 1275 4767 ’66,
1287 4712 1334 4760 ’68.

287 4776 398 4820 ocem
407 4772 507 4823 molitus,
516 4766 608 4815 eaode'ru
615 4774 695 4829 exequi
703 4778 815 4831 aequarat:
894 4776 910 4799 '¹‘
927 4770 1017 4833 istest]
1030 4773 1070 4817 illo
1080 4769 1134 4817 odd
1146 4770 1200 4821 edd.
1212 4774 1260 4829 ⁹66,
1276 4776 1324 4823 ¹68.

286 4838 382 4898 sanguis
394 4836 454 4883 edm
469 4846 529 4878 areae
541 4834 565 4876 ia
580 4832 678 4879 morbido
695 4841 757 4881 statu
773 4850 815 4892 po-

1438 4034 1538 4097 Magnis
