3825 5759
523 684 821 751 DISSER'PA'PIO
844 686 1150 752 EPISTOLARIS.
1324 688 1388 750 369

158 848 165 887 l
269 848 380 911 flatus
410 846 600 930 quandoque
629 846 793 911 nidorosos
819 869 837 910 e
866 848 1043 912 ventriculo
1072 848 1232 925 emittant,
1264 848 1387 931 quoties
1419 868 1460 915 ne
1474 869 1525 916 Ar-

267 950 405 1033 aliquid
429 948 636 1028 comederint,
662 949 737 1013 licet
767 950 931 1015 moderate
960 959 1091 1015 tantum
1117 959 1150 1015 et
1179 972 1237 1034 pro
1260 950 1385 1015 ratione
1401 933 1540 1044 ffiffcll'

158 1056 164 1095 '-
269 1053 457 1135 appetitus,
483 1060 555 1115 tum
585 1052 683 1115 etiam
713 1052 884 1135 aliquando
908 1052 1034 1118 acidum
1063 1059 1221 1132 eructent,
1256 1062 1383 1117 acetum
1399 1064 1533 1127 ῇιῑῑῐῖῐῐῑ.

269 1177 397 1238 sapore
420 1155 570 1233 referens,
590 1155 714 1237 quoties
729 1154 764 1217 in
779 1176 814 1219 os
832 1156 1031 1233 ascenderit3
1053 1156 1140 1219 laesa
1157 1177 1275 1239 nempe
1294 1164 1383 1219 utro-
1397 1144 1485 1257 {³335}
1496 1154 1521 1191 ‘t

158 1266 164 1323 ;
269 1258 380 1341 bique
405 1258 619 1336 concoctione,
638 1264 670 1321 et
691 1258 792 1321 succis
812 1257 946 1340 proinde
969 1280 989 1322 a
1009 1259 1150 1321 natiuali
1172 1266 1262 1322 statu
1283 1258 1382 1323 inter·
1396 1273 1467 1321 acidi.

158 1370 160 1405 ³
268 1361 391 1425 versis.

329 1462 414 1549 [75.]
442 1465 558 1549 Neque
578 1464 639 1529 hoc
661 1472 790 1529 tautum
809 1464 940 1528 nomine
955 1465 1097 1529 infelices
1112 1473 1199 1543 suut,
1215 1466 1301 1548 quod
1315 1488 1383 1531 cor-

158 1578 162 1615 1
268 1588 342 1649 pus
362 1566 408 1630 ita
427 1568 511 1631 male
531 1568 692 1646 affectum,
712 1576 744 1631 et
763 1567 853 1651 quasi
873 1574 1118 1649 corrqaassotam,
1138 1567 1190 1649 (ad
1208 1567 1311 1631 instar
1332 1590 1384 1631 ae-

269 1668 372 1731 dium
382 1670 492 1733 ruinas
503 1670 710 1753 undiquaque
725 1670 969 1752 minitantium)
983 1677 1114 1733 tantum
1128 1690 1195 1733 non
1209 1677 1336 1733 corruat
1351 1678 1384 1733 et

158 1812 161 1823 r
267 1770 419 1849 fatiscat,
441 1793 515 1835 oum
539 1772 644 1855 magis
667 1772 772 1837 adhuc
796 1770 905 1835 animo
927 1778 1096 1853 aegrotent
1122 1793 1220 1855 qnam
1241 1792 1382 1855 corpore.

158 1892 160 1927 τ
268 1874 366 1938 Cum
393 1874 481 1937 enim
506 1874 686 1957 desperatio
711 1875 805 1958 plane
830 1874 1019 1959 insanabilis
1048 1873 1088 1937 de
1114 1874 1250 1958 hujusce
1278 1875 1383 1938 morbi

158 1994 162 2031 ἱ
267 1984 397 2039 natura
422 1977 473 2055 sit,
496 1976 710 2059 indignantur
735 1975 908 2040 admodum
933 1975 1057 2060 quoties
1078 1976 1192 2059 aliquis
1214 1977 1265 2040 vel
1287 1977 1382 2039 mini·

267 2101 368 2143 mam
390 2077 430 2143 de
450 2080 586 2143 sanitate
606 2078 824 2163 recuperanda
843 2099 932 2163 spem
954 2079 1120 2163 injecerit;
1143 2079 1236 2142 facile
1250 2079 1382 2143 interim

158 2202 159 2213 ¹
268 2182 457 2260 credentes,
473 2183 583 2247 omnia
597 2204 640 2261 se,
657 2203 866 2265 quaecunque
886 2182 920 2245 in
943 2182 1090 2246 homines
1112 2181 1226 2246 cadere
1246 2191 1382 2265 possunt

266 2284 496 2364 incommoda,
519 2306 664 2369 quaeque
687 2285 766 2349 adeo
788 2285 851 2348 fert
877 2306 986 2348 rerum
1009 2292 1135 2362 natura,
1158 2300 1381 2368 perpessuros,

267 2386 462 2451 tristissima
476 2409 620 2473 quaeque
636 2386 697 2451 sibi
708 2387 898 2465 ominantes,
911 2394 1007 2469 atque
1022 2388 1182 2464 timorem,
1194 2386 1284 2464 iram,
1297 2387 1380 2450 zelo·
1395 2416 1526 2467 mimi.

267 2489 413 2574 typiam,
423 2490 628 2573 suspiciones,
641 2498 673 2553 et
685 2490 802 2573 siquae
814 2490 971 2554 atrociora
985 2496 1061 2552 sunt
1073 2488 1173 2552 animi
1184 2489 1380 2570 pathemata,
1394 2497 1436 2538 ¹¹¹²
1448 2485 1526 2533 enisu

271 2593 330 2657 vel
342 2612 383 2655 ex
396 2592 557 2657 levissima
566 2592 618 2656 vel
632 2592 729 2655 etiam
740 2592 831 2655 nulla
844 2598 974 2673 prorsus
990 2590 1067 2653 data
1077 2611 1165 2668 ansa,
1181 2590 1379 2673 arripientes,
1394 2549 1525 2659 {filiii}

268 2702 306 2759 et
324 2693 401 2757 sinu
409 2694 553 2757 foventes
561 2693 733 2775 irrequieto
745 2692 902 2774 anxioque
913 2718 923 2768 ;
947 2691 988 2754 ab
1003 2690 1092 2753 omni
1106 2690 1240 2753 interim
1251 2691 1379 2772 gaudio,
1393 2678 1483 2724 fovent.

269 2817 344 2879 spe,
361 2794 493 2871 laetitia,
510 2794 729 2871 abhorrentes,
745 2812 825 2875 quae
841 2792 868 2854 si
881 2792 965 2855 forte
979 2799 1159 2868 occurrant,
1176 2791 1304 2873 quando
1318 2792 1380 2854 hae

268 2917 369 2961 rarae
393 2908 483 2959 aveat
502 2902 588 2972 sunt,
604 2894 799 2957 velocissime
821 2892 959 2971 avolant,
978 2892 1122 2955 animum
1141 2891 1273 2957 interim
1295 2892 1383 2956 hand

270 3000 388 3063 minus
412 2998 619 3061 vehementer
644 2994 848 3079 exagitantis,
874 3016 972 3078 quam
1001 2994 1106 3058 solent
1131 2994 1303 3057 moestiora
1327 2996 1383 3058 illa

270 3098 378 3179 πάθη,
395 3100 441 3163 ita
462 3106 499 3163 nt
521 3098 648 3163 nullubi
670 3097 924 3162 mediocritatem
948 3102 1085 3174 servent,
1107 3096 1143 3159 in
1165 3116 1232 3159 una
1252 3096 1382 3161 levitate

272 3210 484 3280 constantes;
506 3223 595 3266 nunc
617 3207 727 3265 amant
749 3206 875 3283 praeter
897 3198 1039 3277 modum,
1060 3220 1134 3263 mox
1157 3198 1230 3282 odio
1252 3199 1382 3263 eosdem

273 3306 348 3369 sine
362 3324 458 3368 causa
472 3310 731 3387 prosequuntur;
755 3324 842 3367 nunc
855 3302 917 3367 hoc
932 3302 1050 3367 illudve
1062 3300 1124 3367 sibi
1135 3301 1298 3385 agendum
1308 3316 1381 3385 pm-

273 3414 413 3492 ponunt,
439 3428 514 3471 mox
538 3430 558 3471 a
581 3406 743 3491 proposito
762 3404 909 3470 resiliunt
934 3414 970 3471 et
989 3403 1076 3489 quod
1096 3426 1172 3469 cnm
1195 3426 1233 3469 eo
1254 3412 1380 3489 pugnat

274 3510 521 3595 aggrediuntur,
540 3510 596 3575 sed
619 3532 723 3594 neque
745 3509 806 3573 hoc
827 3517 997 3594 peragunt,
1012 3509 1181 3574 itaanimi
1201 3511 1381 3594 pendentes

273 3622 314 3679 ut
339 3635 507 3696 nunquam
533 3614 628 3678 liceat
652 3613 760 3697 quieta
785 3620 895 3677 mente
921 3612 1106 3678 consistere.
1153 3614 1313 3698 Quodque
1340 3616 1380 3680 de

275 3717 506 3801 superstitiosis
532 3717 644 3781 asserit
670 3718 789 3781 Orator
813 3716 991 3796 Romanus,
1021 3718 1088 3803 [De
1113 3718 1219 3783 Diva
1243 3720 1277 3784 ii.
1306 3722 1394 3805 ⁷2.]'

166 3906 168 3909 Ι
275 3818 397 3884 nostris
422 3818 511 3883 hisce
537 3818 781 3883 Melancholicis
805 3818 938 3901 pulchre
968 3820 1123 3903 quadrat:
1156 3821 1379 3906 “Perfugium

276 3922 404 3985 videtur
428 3921 574 3986 omnium
593 3920 741 3986 laborum
763 3928 796 3985 et
818 3922 1072 3987 sollicitudinum
1094 3944 1163 3987 esse
1186 3946 1328 4004 somnus,
1344 3935 1378 3990 at

277 4045 316 4086 ex
331 4044 369 4087 eo
384 4023 454 4106 ipso
468 4023 624 4107 plurimae
639 4044 735 4088 curae
749 4030 919 4115 metusque
930 4031 1110 4088 nascuntur
1118 4026 1151 4102 ;'’
1174 4025 1252 4089 dum
1264 4027 1379 4090 funera

278 4132 406 4189 tantum
422 4126 457 4189 in
475 4126 617 4205 somniis,
633 4134 666 4190 et
682 4126 875 4191 donatorum
897 4124 1074 4189 amicorum
1092 4125 1236 4205 umbrae,
1251 4148 1377 4208 reprae-

279 4234 456 4293 sentantur.
501 4228 555 4292 Ita
577 4234 645 4291 tam
674 4227 783 4291 auimo
812 4248 911 4311 quam
940 4246 1071 4308 corpore
1101 4228 1376 4304 excarnificantur,

281 4332 369 4413 quasi
383 4331 462 4396 haec
481 4332 548 4398 vita
570 4331 674 4395 omnis
689 4329 774 4411 ignis
797 4336 880 4393 esset
902 4327 1157 4411 expurgatorius,
1172 4329 1207 4391 in
1231 4351 1295 4411 quo
1311 4351 1381 4392 soe-1

279 4432 353 4511 lara,
377 4434 439 4498 alio
461 4433 498 4495 iu
522 4440 610 4497 statu
632 4436 825 4514 perpetrata,
845 4432 914 4514 jam
938 4430 1066 4493 luerent
1089 4435 1186 4511 atque
1200 4432 1376 4514 expiarent.

281 4533 393 4617 Neque
406 4535 468 4599 hoe
482 4540 611 4599 tantum
626 4532 777 4596 massaris
791 4531 907 4595 accidit
922 4537 955 4593 et
969 4530 1114 4612 firmatis,
1131 4552 1211 4615 qnos
1231 4533 1377 4612 dicimus,

283 4634 446 4701 sedetiam
465 4637 539 4715 illis,
555 4635 620 4719 qui,
636 4634 663 4699 si
683 4634 741 4697 hos
764 4632 864 4697 animi
878 4632 1019 4715 impetus
1041 4630 1189 4714 excipias,
1204 4636 1382 4719 prudentia

285 4818 323 4920 M:
339 4814 353 4836 ‘¹
360 4815 425 4923 Rarp
434 4812 617 4937 eppproverbio
628 4811 752 4859 ‹licebatur
762 4826 800 4859 res
811 4810 911 4875 quaevis
918 4824 981 4857 nora
993 4815 1017 4856 et
1027 4808 1128 4855 inventu
1137 4816 1257 4873 perrara.”
1268 4813 1380 4876 (Erasnri

322 4892 357 4935 og.
370 4892 428 4925 rr..
476 4911 481 4923 .
798 4911 801 4919 r
1296 4888 1299 4894 ’
1378 4892 1381 4897 ·

801 4956 858 5017 3a
