3825 5759
450 650 846 726 OBSERVATIONUM
869 661 1156 730 MEDIOARUM
1179 672 1212 728 V.
1231 677 1256 726 o.
1345 661 1411 727 22⁷

308 807 402 874 bant.
452 813 496 878 Et
522 818 760 898 quantumlibet
785 821 894 888 lateris
924 825 1015 891 dolor
1043 825 1240 910 punctorius,
1271 823 1412 909 spirandi
1449 832 1549 881 Tunes

311 909 491 994 difficultas,
508 917 594 982 color
608 919 744 986 detracti
759 925 935 1008 sanguinis,
950 929 1122 1012 etreliqua
1141 929 1235 1012 sigua
1247 925 1412 1012 pleuritidi
1425 898 1564 1013 ffliss,

309 1013 489 1098 familiaria,
501 1022 704 1088 essentialem
718 1026 879 1110 pleuresin
895 1030 1026 1096 subesse
1039 1032 1223 1110 innuerent,
1233 1052 1301 1094 non
1316 1029 1411 1093 aliam
1424 1051 1541 1099 Medendi

310 1124 422 1183 tamen
436 1122 587 1188 medendi
602 1128 792 1194 methodum
805 1134 979 1216 postulavit
992 1135 1046 1200 hic
1059 1135 1202 1214 morbus,
1218 1156 1315 1218 quam
1330 1153 1411 1216 quae
1423 1116 1553 1228 mnqthodus

309 1221 393 1285 febri
412 1223 509 1310 hujus
526 1225 778 1296 Constitutionis
794 1234 981 1317 quadrabat,
997 1237 1037 1302 ab
1058 1237 1115 1300 illa
1127 1258 1202 1301 vero
1224 1257 1306 1320 quae
1319 1255 1413 1298 verae
1424 1195 1558 1320 discedent

309 1326 476 1409 pleuritidi
505 1332 714 1398 conveniebat
750 1335 942 1402 abhorrebat
972 1339 1156 1418 admodum,
1186 1346 1224 1402 ut
1261 1359 1302 1403 ex
1328 1337 1414 1401 infra
1425 1310 1567 1422 ξξξζξῖζξζ

311 1428 455 1496 dicendis
484 1433 629 1516 liquebit.
674 1437 780 1519 Addo,
807 1440 902 1523 quod,
929 1462 1005 1506 eum
1029 1441 1185 1525 pleuritis,
1212 1441 1338 1524 quoties
1363 1447 1412 1504 est
1426 1438 1568 1513 quassas,

310 1530 443 1596 morbus
464 1534 645 1617 primarius,
665 1559 704 1604 eo
723 1539 913 1626 plerumque
935 1542 1014 1606 anni
1034 1548 1179 1624 tempore
1199 1542 1298 1606 soleat
1323 1543 1411 1604 inva-
1426 1502 1569 1630 wlff

311 1633 397 1714 dere,
424 1635 520 1718 quod,
545 1637 631 1704 inter
655 1661 710 1705 ver
739 1648 836 1727 atque
861 1651 1017 1708 aestatem
1041 1642 1219 1726 ambigens,
1244 1642 1412 1725 utriusque
1425 1630 1568 1742 affl?

312 1736 402 1820 quasi
425 1736 526 1803 fibula
548 1747 615 1822 est;
641 1742 694 1808 hic
719 1745 861 1825 morbus,
885 1746 990 1811 alieno
1011 1767 1142 1830 prorsus
1167 1745 1280 1829 sydere
1304 1752 1558 1823 natm,bat,10nge

310 1860 370 1922 pro
387 1847 603 1926 symptomata
624 1851 753 1911 tantum
775 1848 882 1928 febris,
903 1857 1002 1934 quae·
1015 1849 1070 1914 isti
1079 1870 1171 1914 anno
1191 1849 1321 1932 propria
1338 1849 1411 1928 fuit,
1425 1824 1526 1960 ξω

312 1941 478 2006 ducendus
494 1950 552 2023 est,
568 1951 664 2029 atque
679 1949 883 2015 accidentalis
894 1951 992 2016 tussis
1007 1951 1124 2016 sobole.
1425 1927 1557 2026 miridu-

360 2045 423 2130 [3.]
451 2047 499 2112 Ut
522 2047 564 2112 ad
588 2070 661 2114 eam
685 2053 874 2118 methodum
900 2055 962 2120 rite
986 2054 1168 2140 procedam,
1191 2075 1289 2139 quam
1314 2055 1412 2139 hujus
1424 2056 1562 2154 {ffig}

311 2151 390 2214 anni
404 2150 559 2216 'liusibus
581 2154 664 2236 (tum
682 2156 780 2220 etiam
803 2157 873 2222 istis
896 2180 979 2242 quae
1000 2159 1070 2222 aliis
1090 2159 1184 2222 aunis
1206 2157 1411 2240 eontingsmt,
1425 2170 1546 2218 basum

311 2251 407 2314 modo
422 2251 463 2316 ab
478 2251 593 2316 iisdem
607 2255 711 2320 causis
725 2261 922 2344 nuscanum)
934 2260 1044 2326 deberi
1058 2260 1185 2327 monuit
1196 2260 1394 2344 experientia
1401 2283 1411 2339 3
1423 2235 1544 2362 ἓξὲξ
1591 2237 1599 2252 ’

311 2352 634 2419 animadvertendum
657 2365 715 2436 est,
732 2360 858 2424 effluvio
878 2361 950 2440 ista,
974 2383 1056 2444 quae
1079 2384 1099 2428 a
1120 2361 1288 2444 sanguinis
1309 2381 1414 2424 massa
1428 2380 1558 2429 cosano.

310 2477 369 2540 per
383 2457 568 2522 insensilem
580 2461 861 2544 transpirationem
876 2462 1020 2548 ablegari
1033 2465 1148 2544 solent,
1163 2486 1184 2528 a
1196 2464 1315 2547 frigore
1329 2463 1413 2527 cutis

312 2558 470 2641 spiracula
484 2559 591 2624 subito
606 2562 816 2630 contrahente
830 2565 917 2630 intro
930 2567 1023 2646 verti,
1035 2574 1068 2631 et
1082 2567 1119 2630 in
1132 2567 1302 2651 pulmones
1316 2567 1413 2649 depo·

311 2661 357 2740 ni,
373 2682 453 2744 quos
467 2662 633 2743 irritando,
650 2664 776 2732 dussim
791 2690 866 2733 mox
881 2670 1033 2736 excitant.
1077 2671 1225 2754 Cumque
1242 2671 1303 2736 hoc
1316 2675 1411 2754 pacto
1425 2682 1511 2748 Tuan
1522 2699 1553 2732 ex

313 2764 521 2832 detineantur
540 2767 662 2834 calidae
676 2769 757 2835 istae
772 2779 804 2837 et
821 2773 1080 2838 recrementitiae
1101 2771 1268 2855 sanguinis
1283 2770 1410 2836 exhala-
1423 2746 1568 2862 fflff

312 2869 428 2948 tiones,
444 2891 508 2953 quo
522 2871 631 2935 minus
651 2873 805 2956 percutis
820 2897 914 2958 poros
936 2881 1063 2953 exeant,
1075 2873 1177 2943 febris
1193 2873 1229 2936 in
1244 2872 1411 2954 sanguinis
1424 2883 1512 2952 ruant
1522 2883 1547 2924 et

312 2993 419 3036 massa
440 2973 533 3038 faece
556 2974 759 3054 mensam
782 2975 839 3040 uu
859 2975 979 3040 senat
999 2974 1047 3038 ve
1067 2979 1162 3038 ana
1180 2982 1229 3037 ee
1250 2972 1413 3036 nanuum
1424 2941 1561 3054 {m

313 3073 404 3156 copia
417 3081 455 3137 ut
476 3074 645 3157 pulmones
663 3075 703 3141 iis
725 3075 928 3140 eliminandis
945 3075 1034 3140 haud
1056 3074 1226 3154 sufficiant,
1237 3073 1288 3138 vel
1309 3073 1413 3139 calore

314 3179 499 3260 adventitio,
515 3179 580 3244 sive
598 3167 823 3260 remediorum,
840 3181 905 3244 sive
919 3178 1096 3264 regiminis,
1110 3178 1200 3262 justo
1215 3176 1414 3256 calidiomm,

315 3282 406 3366 quasi
427 3282 552 3366 adjecto
574 3281 644 3348 oleo
665 3281 750 3364 ignis
772 3289 919 3367 augetur,
936 3289 969 3347 et
991 3281 1047 3366 qui
1068 3281 1104 3345 in
1118 3279 1234 3345 febrim
1252 3281 1322 3367 jam
1341 3280 1416 3365 plus

314 3389 391 3454 satis
405 3395 474 3453 erat
488 3386 644 3470 proclivis,
655 3385 690 3450 in
706 3385 841 3450 eandem
855 3407 1007 3470 praeceps
1022 3381 1140 3470 agitur.
1173 3384 1298 3449 Verum
1312 3384 1414 3448 enim·

313 3511 397 3570 sero,
414 3489 645 3574 qualiscunque
659 3488 757 3553 fuerit
771 3488 869 3553 febris
883 3488 1072 3554 stationaria
1086 3509 1168 3572 quae
1182 3487 1276 3553 illurn
1290 3509 1414 3552 annum
1428 3491 1499 3572 Nora
1508 3493 1570 3571 naec

313 3591 466 3671 funestat,
482 3597 579 3676 atque
600 3611 658 3675 per
678 3590 713 3655 id
734 3591 886 3675 temporis
908 3591 1103 3671 dominatur,
1119 3611 1202 3656 nova
1222 3592 1302 3658 haec
1315 3590 1414 3658 febris
1427 3559 1537 3672 ἓξζζω

315 3694 424 3758 statim
438 3694 474 3757 in
490 3694 559 3778 ejus
574 3713 693 3758 nomen
708 3713 744 3757 ac
763 3692 919 3756 familiam
930 3693 1112 3778 adoptatam,
1127 3693 1273 3779 ejusdem
1293 3693 1414 3778 ubique
1427 3689 1543 3800 ⁸9⁶2&

315 3794 410 3876 genio
431 3794 620 3876 obsequens,
635 3792 710 3857 licet
728 3798 944 3877 symptomata
959 3793 1116 3876 quaedam
1139 3793 1244 3858 adhuc
1265 3793 1413 3873 retineat,
1427 3768 1552 3880 ieiuniis

315 3897 455 3978 a'l'ussi,
472 3918 569 3980 quam
583 3895 698 3960 habuit
712 3903 889 3979 parentem,
905 3896 1090 3980 pendentia
1123 3898 1173 3960 Ac
1187 3897 1322 3980 proinde
1336 3897 1415 3960 satis
1427 3891 1556 3996 ffiffi

315 4008 440 4066 constat
455 4001 491 4064 in
506 4000 600 4064 thasi
620 3999 762 4083 qualibet
776 4020 816 4064 ex
832 3999 892 4063 hac
910 3998 1074 4086 προφάσει
1092 4006 1179 4078 nata,
1194 4021 1262 4064 non
1283 4007 1414 4063 tantmn
1427 4011 1510 4086 saep

314 4101 375 4185 ipsi
389 4101 511 4182 morbo,
528 4101 585 4166 sed
604 4109 637 4166 et
651 4099 743 4180 febri,
759 4123 840 4184 quae
855 4101 949 4165 'lusci
968 4101 1044 4166 huic
1057 4102 1260 4185 paratissima
1281 4103 1412 4182 secedit,
1425 4080 1520 4124 Μή

315 4205 548 4271 occurrendum
563 4225 642 4270 esse.

363 4308 425 4393 [4.]
446 4309 519 4373 Hac
528 4309 659 4374 iunixus
673 4307 752 4388 basi,
768 4308 807 4372 iis
823 4307 878 4392 qui
892 4328 999 4372 meam
1013 4305 1228 4391 implorabant
1243 4328 1337 4391 opem
1351 4307 1413 4372 hoc

313 4410 409 4474 modo
431 4431 615 4474 succurrere
637 4409 785 4476 conabar.
832 4408 869 4472 Si
887 4409 997 4473 'lbrssis
1011 4409 1157 4474 nondum
1172 4409 1300 4489 febrim,
1315 4417 1413 4494 atque
1424 4416 1511 4494 Τιιωιι

314 4511 377 4575 alia
394 4517 609 4596 symptomata
624 4533 704 4596 quae
719 4522 757 4576 ut
774 4509 951 4596 plurimum
970 4531 1005 4574 se
1023 4511 1199 4595 adjungere
1217 4512 1318 4578 solere
1332 4513 1413 4577 dixi-
1426 4484 1571 4596 ζὶῖἶιξξίζ,

315 4634 397 4693 mm,
413 4614 629 4694 accersiverat,
645 4615 722 4679 satis
741 4634 809 4678 esse
825 4611 1013 4693 arbitrabar,
1029 4634 1163 4697 aegrum
1181 4636 1202 4678 a
1216 4616 1366 4682 carnibus
1381 4625 1414 4681 et
1427 4611 1569 4669 earnem,

315 4713 491 4799 liquoribus
510 4717 687 4800 spirituosis
703 4717 947 4801 quibuscunque
961 4739 1070 4783 arcere
1078 4745 1088 4797 3
1110 4717 1262 4786 hortabar
1282 4721 1362 4787 item
1376 4731 1414 4788 ut
1427 4677 1551 4796 diffiido?

690 4857 701 4880 ⁸
717 4867 774 4912 qnae
785 4849 897 4913 antefati
909 4851 933 4899 in
945 4853 982 4900 ed.
995 4851 1042 4902 ¹76.
