3825 5759
563 1321 785 1371 AMPLISSIMO
803 1321 1098 1377 DOOTISSIMOQUE
1111 1324 1199 1374 VIRO

567 1479 794 1562 ROBllRl'
825 1483 1034 1580 BRADY,
1066 1485 1186 1583 M.D.‚

468 1665 654 1725 common
672 1667 1087 1727 omo-oouevrmuusm
1106 1671 1285 1736 cusroor,

355 1835 519 1889 NEC-NON
536 1839 651 1891 REGIO
670 1841 711 1891 IN
729 1840 916 1891 MEDICINA
934 1841 1033 1891 APUD
1051 1841 1393 1892 CANTABRIGIENSES

610 1982 791 2025 mousson}
806 1979 906 2024 tollen
920 1982 1145 2026 emmenum.

369 2171 430 2236 Mu
453 2181 550 2254 certe,
567 2175 629 2239 Vir
650 2174 904 2254 Humanissime,
924 2175 951 2240 si
973 2175 1052 2260 quid
1072 2176 1109 2240 iu
1127 2175 1314 2242 morborum
1333 2197 1425 2242 oure-

325 2273 414 2340 tioue
431 2278 604 2360 profecero,
620 2279 661 2343 ed
678 2300 775 2344 omne
794 2278 828 2342 id
846 2277 946 2342 euivio
964 2279 1155 2362 efflagitanti
1173 2280 1426 2364 impertiendum

324 2397 401 2461 prae
416 2382 559 2461 cauterio,
572 2382 628 2466 qui
643 2403 731 2446 nuuc
742 2389 820 2446 sunt
834 2381 992 2460 hominen,
1003 2382 1194 2446 facillimum
1208 2403 1277 2447 esee
1291 2383 1427 2448 omuino

324 2501 382 2563 pur
397 2490 464 2547 eet:
488 2484 515 2548 αι’
530 2485 618 2548 enim
633 2505 672 2550 eu
685 2491 816 2549 tuntum
835 2485 917 2549 mihi
930 2484 1138 2550 innotescunt
1149 2507 1231 2568 quae
1245 2492 1279 2549 et
1293 2485 1426 2569 reliquie

324 2586 524 2668 mortalibus,
543 2588 639 2672 (quod
662 2588 743 2653 mihi
765 2589 838 2674 pluo
858 2589 936 2653 sutis
956 2590 1106 2670 mnatre)
1123 2589 1214 2652 nullo
1233 2595 1328 2672 puoto
1345 2589 1427 2653 mihi

324 2687 466 2753 obfuerit
486 2691 661 2755 levidenoiu
681 2691 745 2756 istu
766 2699 800 2756 et
821 2711 840 2756 e
862 2691 965 2757 triviis
987 2691 1158 2774 desumpto
1179 2691 1348 2774 evulgem
1374 2691 1427 2755 oin

324 2797 434 2854 eutem
443 2801 608 2858 ueoecutuo
619 2795 680 2858 sim
695 2794 817 2878 uliquid
831 2793 917 2878 quod
932 2814 950 2858 e
965 2795 1015 2858 Re
1024 2793 1216 2871 Medieuoit,
1226 2801 1260 2857 et
1274 2793 1316 2857 ud
1330 2794 1425 2858 oerti·

324 2909 414 2956 orem
425 2893 610 2960 morborum
621 2895 809 2980 therupeiun
818 2895 925 2974 faeiat,
934 2916 1003 2959 nou
1013 2902 1082 2958 tum
1093 2895 1174 2959 mihi
1183 2895 1273 2959 leudi
1283 2895 1425 2977 dubitur,

324 3016 422 3078 quum
440 2995 511 3062 uliio
528 2997 659 3062 duretur
677 2997 885 3082 quibuslibet,
903 3019 941 3062 eu
957 2998 994 3061 in
1011 2997 1116 3061 luoem
1137 3017 1343 3081 expromero3
1366 2999 1425 3082 qui

323 3104 357 3163 et
371 3120 392 3163 u
404 3100 548 3184 podagra
557 3102 626 3186 jum
642 3101 683 3166 ub
698 3101 792 3166 annis
806 3101 879 3186 plus
889 3100 1000 3164 minuo
1006 3099 1143 3183 triginta
1150 3109 1173 3180 ⁸,
1183 3108 1217 3165 et
1228 3101 1351 3165 oulculo
1365 3102 1424 3166 diu

323 3203 406 3268 mule
421 3203 590 3285 multetur,
605 3205 698 3269 iuoile
714 3225 841 3269 meeum
856 3211 972 3288 reputo
990 3225 1087 3288 quum
1102 3204 1185 3268 serio
1203 3204 1377 3288 gauderem
1395 3205 1424 3269 oi

323 3309 410 3392 quod
437 3308 519 3372 meis
551 3307 644 3372 melio
673 3308 819 3372 levamen
853 3307 990 3371 eliorum
1018 3306 1139 3371 iudicio
1170 3307 1272 3392 posuit
1305 3308 1423 3373 afferri.

328 3411 389 3494 [2.]
420 3411 505 3476 Cum
534 3417 644 3474 eutem
672 3410 873 3494 puuoimimie
906 3409 1023 3493 ingens
1056 3409 1139 3473 illud
1166 3410 1370 3494 privilegium
1403 3433 1426 3476 u

323 3513 416 3577 Duo
427 3513 560 3596 Optimo
571 3513 717 3577 Maximo
728 3511 933 3592 oonoedutur,
944 3521 983 3576 ut
997 3511 1127 3596 publioo
1137 3512 1305 3577 commodo
1315 3513 1377 3577 hue
1387 3513 1423 3578 in

322 3633 358 3679 re
377 3615 529 3680 inservire
549 3623 680 3699 queunt,
699 3615 801 3698 iisque
821 3622 951 3678 tautum
971 3614 1089 3699 quibus
1106 3635 1128 3679 e
1145 3615 1307 3680 “meliore
1324 3616 1422 3680 luto''

322 3739 420 3802 quum
438 3719 520 3782 milii
541 3723 562 3754 “
571 3718 664 3782 fiuxit
685 3717 871 3801 praecordia
884 3716 1013 3796 'litanl'
1039 3717 1170 3801 [Juveu.
1186 3719 1256 3783 Sol.
1270 3718 1333 3783 xiv.
1347 3718 1418 3803 34.]

321 3822 404 3886 votis
424 3820 587 3906 agendum
607 3827 665 3900 eut,
685 3821 772 3905 quod
790 3841 902 3904 reapse
922 3820 1074 3884 effectum
1093 3821 1169 3885 dure
1187 3842 1255 3886 nou
1275 3822 1353 3886 eutis
1372 3829 1423 3886 est

320 3925 447 4012 virium.
494 3924 627 4007 Semper
651 3924 740 3987 euim
765 3923 944 3988 existimavi
972 3924 1089 4007 (neque
1113 3923 1148 3987 id
1177 3925 1247 3989 uiue
1271 3925 1419 4008 ratione)

321 4028 451 4111 majoris
473 4047 542 4090 esse
566 4026 739 4106 felicitatis,
761 4033 882 4090 eertum
903 4026 955 4090 vel
979 4025 1131 4090 levissimi
1156 4027 1291 4110 ulioujuo
1316 4026 1422 4090 morbi

322 4129 505 4194 debellandi
519 4129 708 4194 methodum
727 4129 831 4212 aegris
849 4128 1041 4192 mortalibus
1059 4127 1245 4212 prodidisse,
1260 4149 1357 4211 quum
1371 4128 1422 4192 vel

325 4231 449 4294 Tantali
485 4231 582 4314 (quod
615 4232 730 4315 aiunt)
764 4231 816 4295 vel
852 4232 959 4330 Croesi
991 4231 1160 4295 theouuroo
1193 4231 1420 4294 uocumuluooe.

320 4333 501 4396 Feliciorem
525 4334 586 4398 hoo
610 4335 704 4398 illum
727 4333 803 4412 dixi,
827 4333 933 4397 dicam
957 4341 992 4397 et
1015 4333 1170 4396 meliorem
1190 4333 1421 4412 sapientiorem-

320 4456 397 4518 que:
422 4435 509 4519 quod
528 4437 616 4500 enim
630 4436 762 4500 uberius
776 4443 810 4500 et
825 4436 1001 4518 supientiae
1015 4444 1049 4499 et
1059 4435 1214 4499 bonitatis
1229 4454 1306 4498 ouue
1321 4435 1420 4518 speei-

319 4559 397 4602 men
420 4540 492 4623 quio
518 4547 624 4623 potest
647 4539 751 4617 edere,
775 4561 882 4622 quum,
905 4559 980 4602 oum
1004 4559 1039 4602 oe
1063 4561 1082 4601 e
1103 4537 1268 4601 communi
1294 4539 1420 4622 generis

319 4641 455 4707 humani
470 4653 590 4706 nutura
604 4641 747 4706 decisum
761 4641 1008 4719 animadvertat,
1020 4661 1058 4704 ea
1072 4659 1154 4723 quae
1168 4641 1301 4704 molitur
1311 4643 1420 4706 omniu

320 4745 361 4810 ud
374 4746 538 4831 publicum
554 4745 657 4828 magis
672 4744 818 4808 omnium
833 4743 1018 4821 utilitatem,
1034 4763 1131 4827 quum
1146 4743 1187 4807 ud
1202 4765 1293 4809 suum
1308 4745 1418 4829 ipsius,

710 4883 721 4908 ·
739 4873 776 4922 cu
793 4875 868 4920 uraca.
881 4873 900 4918 1.
913 4874 939 4932 55
955 4873 976 4930 1,
989 4873 1027 4922 to.
