3825 5759
551 669 772 735 EPISTOLA
796 671 824 736 1.
845 671 1173 736 RESPONSORIA.
1349 671 1414 734 303

312 831 533 916 phlebotomia
557 837 591 896 et
614 832 859 917 quibuscunque
877 833 947 896 aliis
966 833 1229 898 evacuationibus
1249 853 1414 917 exaspera·
1428 848 1568 898 neuneu·

311 942 403 998 retur
417 934 508 1014 illud,
525 940 623 1018 atque
638 955 733 1017 aeger
743 935 779 998 in
793 935 878 998 vitae
893 934 1066 1000 discrimen
1080 935 1311 1020 conjiceretur:
1327 935 1413 1019 quod
1427 929 1568 992 [ΑΨ-(Ξ

446 1037 452 1051 .
482 1037 488 1050 .
509 1037 515 1050 .
680 1037 687 1050 .
779 1037 785 1050 .
980 1038 987 1052 .
1426 1006 1540 1053 Eandem

312 1045 351 1102 ut
366 1059 492 1102 nemim
506 1044 662 1121 imponet,
678 1037 712 1101 rd
727 1045 888 1120 attingere
903 1037 999 1102 volui.
1425 1069 1569 1117 vendicabat

1424 1134 1537 1182 medmrdi

1424 1199 1568 1247 methodum

364 1242 446 1326 [65.]
474 1243 583 1326 Atque
603 1242 682 1306 baec
705 1249 792 1320 sunt,
814 1243 1055 1326 Spectatissime
1068 1244 1138 1322 Vir,
1155 1243 1286 1327 quaein
1300 1243 1351 1307 his
1366 1243 1412 1307 af·
1425 1280 1498 1328 quam
1505 1279 1573 1312 mor-

312 1344 450 1409 fcctibus
466 1345 505 1410 de
521 1345 636 1429 quibus
655 1345 809 1410 sciscitari
827 1345 932 1424 libuit,
949 1347 1060 1410 sedula
1077 1347 1297 1411 observatione
1310 1347 1414 1412 habeo
1425 1329 1543 1442 2¹1}ss

314 1454 477 1532 comperta
486 1474 496 1526 ς
520 1448 648 1531 quaesi
671 1455 728 1512 aut
750 1448 823 1512 'ribi
844 1449 1034 1532 placuerint,
1055 1455 1112 1513 ent
1133 1450 1313 1533 profuerint
1333 1450 1413 1530 aliis,
1426 1459 1475 1508 bas

312 1551 391 1615 mihi
413 1550 529 1614 cedent
552 1571 590 1614 ex
617 1549 716 1615 animi
739 1551 901 1615 sententia
912 1577 921 1628 3
948 1573 1001 1615 me
1025 1552 1150 1630 saltem,
1170 1573 1229 1634 pro
1253 1552 1414 1617 tenuitate

312 1674 394 1731 mea,
411 1653 557 1718 debitum
574 1653 662 1718 Tuae
678 1654 827 1718 Claritati
849 1654 1069 1720 observantiae
1088 1654 1251 1739 specimen
1265 1655 1415 1720 exhibere

312 1765 466 1822 conatum
481 1757 561 1821 mihi
575 1757 657 1823 serio
672 1757 867 1841 gratulabor.

851 1858 924 1922 Tibi
938 1879 1065 1942 semper
1080 1858 1327 1938 addictissimus,

971 1977 1076 2043 ΤΗΟ.
1101 1977 1370 2042 SYDENHAM.

378 2062 523 2128 [Londini¹¹,

346 2144 416 2194 Febr.
428 2147 450 2198 7.
464 2146 595 2211 loro-sc]

683 2259 694 2290 '¹
712 2263 813 2311 Londim'
825 2256 878 2326 ξω]
891 2276 938 2310 om.
951 2260 988 2309 ed.
999 2262 1048 2310 '85-
