3825 5759
491 568 557 633 610
807 567 1003 634 ΤΗΟΜᾹΕ
1029 564 1286 631 SYDENHAM

339 746 481 795 Tsnsus·
493 728 819 814 sacehariparticnlae
829 732 945 815 majori
952 731 1125 795 instillatas
1135 730 1383 814 permixtasque,
1393 728 1485 793 nihil
1499 746 1615 813 super-

347 826 476 926 sssslffl
492 831 634 897 bibendo
642 858 651 911 ;
673 833 724 897 vel
738 834 873 917 pilulam
887 854 906 897 c
919 832 1142 899 terebinthina
1161 855 1201 899 ex
1219 834 1326 897 insula
1341 834 1423 898 Chio
1439 854 1530 898 cum
1547 854 1615 895 sac-

494 935 596 999 charo
606 934 710 999 cando
724 936 914 1001 confectam.
947 936 1203 1019 opobalsamum
1216 958 1285 1001 non
1299 936 1552 1001 assumendum
1567 942 1618 999 est

494 1036 559 1099 nisi
577 1038 772 1119 praegressis
794 1038 1057 1103 evacuationibus
1077 1038 1204 1103 debitis.
1251 1038 1360 1121 Hujus
1373 1038 1445 1103 loco
1463 1038 1619 1101 electua-

494 1139 580 1203 rium
602 1160 621 1203 e
641 1138 788 1204 balsamo
808 1139 976 1219 Locatelli,
993 1140 1212 1225 glycyrrhiaae
1234 1140 1374 1224 pulvere,
1390 1140 1529 1204 semine
1546 1138 1620 1203 ani·

494 1242 531 1319 si,
548 1248 581 1305 et
595 1239 1065 1313 terebinthina-concinnatum
1084 1242 1203 1325 poterit
1219 1240 1383 1306 substitui.
1432 1242 1525 1305 Post
1543 1261 1621 1305 era·

495 1343 671 1423 ouationes,
683 1344 795 1408 sedulo
806 1344 991 1409 conandum
1001 1350 1051 1409 est
1062 1351 1100 1409 ut
1115 1344 1213 1409 tussis
1224 1344 1364 1424 sedetur,
1373 1363 1416 1408 ne
1427 1343 1622 1428 pulmones

492 1446 565 1529 jugi
584 1446 762 1529 agitatione
779 1447 972 1511 infirmiores
988 1446 1135 1513 evadant.
1181 1446 1258 1512 Huc
1279 1447 1357 1511 facit
1369 1468 1449 1531 prae
1464 1446 1622 1511 caeteris

497 1569 636 1633 syropus
646 1550 717 1635 jam
731 1549 894 1629 laudatus,
910 1549 967 1633 qui
981 1549 1042 1614 hac
1057 1548 1196 1613 formula
1209 1549 1310 1633 possit
1324 1550 1474 1634 usurpari
1487 1575 1554 1613 :—

496 1683 597 1749 [Form.
611 1685 687 1749 266]
724 1680 756 1750 R
777 1684 888 1738 Decocti
901 1682 1045 1737 Pectoralis
1056 1684 1151 1737 libram
1165 1700 1255 1748 unm,

779 1770 875 1840 Syrupi
888 1768 921 1822 de
934 1769 1070 1834 Meconio,

778 1856 874 1925 Syropi
886 1856 1052 1926 (lapillorum
1065 1856 1184 1920 Veneris,
1196 1872 1249 1909 ans
1260 1856 1354 1911 uncias
1366 1858 1449 1921 duss;

637 1943 735 2013 Capiat
746 1942 894 1995 cochlearia
906 1944 1024 2011 quinque
1036 1950 1075 1995 ter
1088 1943 1117 1995 in
1129 1942 1180 1995 dle.

501 2067 563 2150 [5.]
606 2065 884 2128 Medicamentum
915 2064 977 2129 hoc
1009 2065 1057 2129 ita
1090 2064 1275 2148 frequenter
1308 2066 1462 2130 haustum
1498 2074 1618 2132 catar-
1741 2070 1742 2073 ’

495 2172 591 2235 rhum
621 2172 657 2233 in
686 2170 855 2253 pulmones
881 2170 1087 2254 depluentem
1115 2171 1271 2254 paulatim
1297 2172 1398 2251 sistet,
1421 2194 1549 2257 eosque
1578 2174 1619 2236 in
1741 2158 1742 2185 ¹

495 2272 666 2357 pristinam
692 2269 814 2353 εὐεξίαν
837 2272 980 2351 reducet,
1003 2272 1066 2335 nisi
1088 2273 1281 2357 jampridem
1303 2296 1323 2337 a
1346 2274 1487 2339 naturali
1515 2281 1618 2339 statu

496 2376 636 2439 nimium
648 2374 849 2439 recesserint.
880 2374 1085 2440 Promovebit
1095 2374 1226 2461 insuper
1239 2376 1432 2461 purulentae
1446 2377 1616 2443 materiae

496 2479 533 2543 in
546 2478 661 2543 iisdem
676 2484 827 2562 aggestae
842 2479 1095 2543 concoctionem.
1739 2546 1740 2551 ,

345 2602 484 2666 aquitano.
547 2581 634 2667 [6.]Ῑι
656 2582 702 2646 At
716 2602 791 2645 vero
805 2580 998 2664 palmarium
1013 2580 1147 2665 hujusce
1162 2580 1266 2646 morbi
1279 2581 1475 2665 praesidium
1485 2589 1550 2662 est,
1569 2588 1612 2645 ut
1739 2582 1740 2601 ¹

344 2667 484 2782 ffi‘m‘ffidu'
498 2706 593 2769 aeger
608 2683 751 2768 quotidie
765 2704 848 2767 eqno
862 2683 1000 2747 vehatur
1007 2708 1017 2761 3
1041 2684 1141 2767 etqui
1155 2705 1189 2749 se
1203 2684 1280 2748 huic
1295 2684 1434 2767 corporis
1449 2684 1612 2749 exercitio

498 2786 679 2851 sanandum
693 2785 803 2865 tradit,
818 2784 916 2849 nullis
935 2785 1004 2868 jam
1027 2784 1151 2849 diaetae
1172 2784 1298 2869 legibus
1313 2786 1495 2865 adstrictus,
1510 2786 1612 2851 nullo
1739 2810 1740 2824 ¹

498 2889 569 2977 cibi⁸
583 2896 717 2973 potitare
739 2909 858 2972 genere
879 2887 1053 2971 privandus
1073 2894 1122 2953 est
1132 2913 1141 2967 ;
1174 2909 1249 2951 cum
1271 2888 1307 2951 in
1327 2888 1389 2952 hoc
1408 2910 1475 2953 uno
1494 2889 1610 2954 omnis

497 2992 545 3056 rei
565 2992 661 3055 cardo
678 2997 832 3055 vertatur.
879 2989 1082 3056 Quibusdam
1102 3010 1214 3055 eorum
1233 2990 1289 3073 qni
1308 3012 1348 3055 ex
1366 2990 1428 3055 hae
1447 2992 1609 3057 methodo
1741 3084 1742 3087 Ἴ

498 3094 698 3173 convaluere,
717 3100 827 3157 tumor
846 3092 882 3156 in
900 3092 983 3157 collo
1002 3098 1131 3157 exortia
1154 3099 1213 3172 est,
1232 3114 1300 3157 non
1317 3094 1458 3158 multum
1477 3114 1497 3158 a
1515 3114 1607 3159 scro-

498 3197 607 3281 phulis
622 3195 790 3261 abludens.

346 3316 477 3368 abrasis
548 3300 609 3384 [7.]
636 3300 696 3364 Est
713 3305 747 3365 et
765 3299 829 3363 alia
849 3297 946 3362 Tabia
966 3297 1095 3381 species,
1115 3320 1135 3362 a
1155 3298 1238 3362 trusi
1258 3306 1417 3383 prognata
1435 3300 1532 3383 longe
1553 3300 1603 3364 di-

344 3384 589 3495 ffiffipoverso
615 3401 693 3466 enni
717 3407 872 3484 tempore,
894 3399 990 3463 initio
1015 3399 1136 3465 sedicet
1162 3402 1303 3466 aestatis.
1350 3402 1440 3467 Haec
1465 3404 1604 3487 juvenes

345 3512 443 3559 mans
499 3522 651 3587 persaepe
672 3502 744 3565 illos
767 3502 890 3567 invadit
915 3502 984 3587 qui*
994 3502 1141 3567 debiliori
1163 3511 1241 3569 sunt
1261 3506 1401 3589 corporis
1422 3505 1548 3586 babitu,
1569 3514 1604 3571 et

347 3583 470 3641 lm*
500 3625 638 3687 qnorum
663 3604 802 3685 sangnis·
824 3604 990 3688 particulis
1020 3606 1131 3670 calidis
1160 3605 1350 3691 acribusque
1374 3608 1511 3673 refertus
1540 3617 1601 3675 est.

502 3703 703 3786 Sanguinem
724 3704 780 3767 isti
804 3725 823 3769 e
847 3704 1055 3787 pulmonibus
1077 3728 1135 3791 per
1159 3710 1275 3773 trissim
1301 3711 1477 3791 exantlaut,
1500 3712 1602 3777 nimio

500 3806 582 3871 meri
605 3812 687 3889 potu
715 3805 804 3888 prius
833 3806 1025 3871 excalefacti
1071 3810 1172 3893 Aegri
1198 3810 1340 3876 dolorem
1369 3811 1434 3876 sive
1460 3813 1601 3895 aegritu·

501 3908 611 3973 dinem
634 3908 797 3992 quandam
819 3908 855 3972 in
877 3909 1085 3993 pulmonibus
1107 3914 1354 3996 persentiscunt.
1400 3914 1493 3980 Quae
1516 3936 1601 4000 sym

500 4018 646 4097 ptomata
659 4011 723 4075 nisi
736 4018 864 4077 mature
878 4010 1028 4077 remediis
1043 4014 1254 4098 appropriatis
1269 4016 1602 4099 eliminentur,p1imo

500 4115 675 4195 scabrities,
691 4136 766 4180 mox
780 4122 814 4181 et
828 4114 921 4180 ulcus
939 4116 1073 4196 aceedit,
1088 4115 1176 4181 uude
1195 4138 1256 4201 pus
1274 4118 1456 4183 confectum
1471 4118 1601 4183 demum

500 4218 660 4303 expuitur.

349 4342 478 4393 culino.
549 4322 610 4406 [8.]
638 4320 736 4385 Dicta
748 4321 819 4405 jam
833 4320 929 4385 Tabia
944 4321 1064 4405 species
1079 4320 1335 4385 venae-sectione
1351 4330 1383 4385 et
1398 4320 1537 4385 catharsi
1551 4319 1608 4384 bis-

502 4424 687 4488 alternatim
707 4423 863 4507 repetitis,
884 4423 999 4487 saltem
1021 4422 1056 4486 in
1078 4423 1245 4507 principio,
1265 4422 1357 4487 facile
1379 4422 1542 4501 vincetur3
1573 4422 1601 4486 si

502 4525 609 4589 diaeta
627 4526 760 4609 insuper
778 4523 991 4607 refrigerante
1009 4530 1041 4588 et
1061 4524 1259 4590 incrassante
1278 4532 1391 4590 utatur
1408 4546 1512 4610 aeger,
1531 4532 1563 4590 et
1581 4546 1602 4588 a

500 4626 650 4691 carnibus
665 4629 701 4691 in
715 4627 853 4692 solidum
867 4627 1038 4691 abstineat.

792 4761 807 4789 ¹
826 4756 862 4803 Cf.
876 4771 929 4818 sup.
943 4771 962 4804 c.
977 4757 1015 4803 58.
1028 4758 1039 4813 5
1053 4756 1067 4804 9
1079 4774 1084 4809 ς
1108 4756 1183 4805 Trnct.
1198 4758 1217 4803 1.
1229 4757 1241 4815 ξ
1255 4758 1293 4805 38.
