3825 5759
719 656 870 721 OPERA
892 657 1059 725 OMNIA.
1388 662 1441 725 xix

401 826 449 866 taos
460 820 535 868 odbeo
545 826 620 867 restat
630 834 720 881 φησι,
731 822 869 883 nubemque
885 823 1000 871 notabit:
1017 837 1069 885 seq.-
1081 824 1124 871 atti
1138 829 1193 871 soto
1201 830 1256 885 post
1271 824 1334 872 nilis
1345 826 1439 872 mosis
1452 824 1586 875 Hieronis

396 903 643 962 praesideturooeasio
653 902 745 964 aliquid
757 905 832 951 adhue
848 902 991 966 odjiresdi.”
1004 905 1096 952 &seeo
1131 903 1246 954 Quetuor
1259 905 1368 954 eontinet
1378 904 1436 954 See·
1462 890 1581 938 Lllffl·

400 982 492 1031 πίοιμι
512 983 533 1031 1.
550 984 588 1031 m
606 984 720 1031 resset.
741 985 876 1039 conano,-
902 986 924 1035 a.
942 986 980 1033 ne
998 987 1193 1049 amomis...
1209 986 1295 1034 ram
1312 985 1439 1037 mam
1451 968 1593 1032 ..ln-

402 1064 584 1119 Comitastibuer
601 1065 624 1111 8.
642 1065 679 1113 De
690 1065 804 1113 febribus
813 1067 1038 1122 Intemittentibesr
1055 1073 1080 1115 et
1088 1069 1112 1115 4.
1122 1068 1159 1116 De
1174 1068 1282 1117 Veriolis.
1293 1066 1355 1133 [G.]

327 1156 348 1191 *
358 1156 438 1207 1666.
452 1156 538 1205 l2mo.
550 1151 752 1217 Amstelodami,
763 1152 836 1224 apud
848 1154 1032 1210 Gerbrandum
1044 1155 1176 1228 Sohagen.

400 1240 466 1288 Tit-2
486 1242 539 1288 llio.
551 1241 609 1303 Spd.
618 1241 693 1295 lietb.
707 1241 761 1289 Cur.
772 1242 842 1289 Febr.
854 1240 893 1303 do.
907 1239 1019 1305 [ll-m]

328 1322 438 1374 ⁴166&
451 1324 510 1374 tvo.
523 1319 647 1385 londini,
659 1320 784 1390 impensis
794 1320 822 1373 J.
836 1320 930 1387 Crook,
938 1320 1011 1392 apud
1021 1338 1101 1392 quem
1109 1331 1225 1378 veneunt
1235 1323 1265 1377 in
1277 1324 1334 1379 vico
1346 1333 1437 1380 sonato

368 1406 534 1463 Dect-tane
544 1424 625 1483 prope
636 1406 719 1460 Little
729 1407 860 1461 Brittoio.

400 1506 449 1555 Tit
459 1522 466 1553 s
485 1507 721 1571 nemuspatrium
731 1507 795 1555 died.
805 1506 872 1554 Doot.
880 1506 953 1554 lietb.
964 1507 1018 1558 Cur.
1028 1508 1095 1556 seer.
1102 1508 1141 1571 ipe.
1153 1510 1234 1559 Editio
1243 1512 1357 1571 Struma,
1363 1518 1439 1574 priori

399 1590 471 1636 srslto
485 1592 574 1637 auctior
592 1606 621 1637 ao
636 1590 795 1644 emendatior,-
811 1590 850 1637 ersi
866 1591 937 1637 etiam
951 1593 1048 1639 oeceses
1063 1592 1139 1640 secta
1156 1592 1244 1642 Quia
1261 1595 1290 1641 de
1306 1594 1377 1644 Perta
1392 1600 1439 1645 eise

399 1670 476 1718 Febrs
487 1671 651 1719 Pestilentiali.
663 1668 727 1733 [G]

326 1764 347 1797 ⁴*
357 1760 437 1812 1676.
455 1762 513 1811 8vo.
526 1756 651 1821 londini.
668 1758 738 1829 typis
751 1758 784 1811 A.
797 1758 839 1823 6.,
851 1758 979 1829 impensis
996 1758 1120 1814 Gualteri
1139 1760 1270 1831 Kettilby,
1281 1761 1317 1815 ad
1333 1763 1438 1834 insigne

369 1844 475 1916 Capitis
487 1844 654 1917 Episcopatu
665 1846 694 1899 in
707 1845 872 1900 Coemoterio
886 1845 922 1899 D.
935 1844 1022 1901 Pauli.

397 1940 460 1991 uis:
475 1943 648 1991 Observationes
658 1941 765 1991 Medicas
780 1944 844 1991 eirea
855 1942 988 1991 Morborum
1001 1944 1130 1993 Aeetam·
1145 1945 1276 1993 ffistsrion
1290 1952 1313 1993 et
1330 1948 1436 1996 Curatio·

396 2037 457 2070 ηοω.
476 2024 578 2071 Autbme
601 2025 686 2071 Tboma
707 2024 836 2085 Sponsam
856 2024 923 2071 MD.
967 2025 1046 2072 Cicero
1061 2027 1090 2073 ds
1106 2026 1165 2073 Nat.
1183 2027 1261 2074 Deos·
1274 2027 1435 2089 “Opinionuoe

397 2111 522 2151 manento
537 2105 598 2152 detes
610 2105 675 2151 dies:
693 2104 800 2152 Naturae
808 2104 904 2167 judicia
914 2106 1056 2166 coufirmat?
1091 2104 1182 2154 Prioris
1192 2106 1270 2155 libelli
1284 2106 1408 2157 sectiones
1419 2110 1434 2158 1.

397 2189 423 2232 et
433 2184 457 2233 11.
471 2182 629 2249 (quibusdam
637 2183 757 2245 resectis)
766 2184 870 2233 insertae
877 2192 935 2234 sunt
946 2186 997 2235 iere
1007 2186 1116 2250 inhujus
1127 2188 1184 2240 edit.
1194 2188 1331 2237 Sectionei.
1342 2206 1394 2255 esp.
1406 2194 1434 2249 ἡ

399 2266 462 2317 Seot
474 2267 508 2315 111.
518 2267 545 2315 in
560 2266 616 2325 ἰός
636 2265 699 2315 Seot.
709 2264 742 2314 iv.
754 2262 881 2330 (plurimis
889 2267 992 2315 mutatis
1002 2274 1028 2317 et
1038 2267 1157 2331 meotis.)
1168 2269 1196 2317 in
1205 2268 1242 2317 iii.
1256 2270 1283 2327 23
1300 2275 1326 2318 et
1336 2270 1399 2323 Soet.
1411 2288 1434 2323 r.

397 2348 425 2395 in
436 2347 460 2396 a.
472 2350 496 2395 ι.
507 2345 568 2411 [a]

330 2439 412 2491 1676.
436 2439 520 2492 l2mo.
540 2436 631 2505 (evol)
651 2437 831 2507 Argentorati,
849 2435 921 2507 apud
941 2436 1094 2491 Johannem
1115 2436 1280 2493 Friderioum
1306 2437 1391 2512 Spoor
1409 2451 1436 2496 et

368 2522 554 2579 Reinbardum
566 2521 746 2577 Weohlerum.
760 2522 897 2594 [Manget
909 2522 984 2577 Bibl.
998 2523 1098 2596 Sortpt.
1110 2524 1198 2596 Med]

329 2612 437 2663 *1688
452 2614 538 2664 l2mo.
552 2609 616 2679 (tiro
624 2606 650 2681 l)
664 2609 799 2675 Genetes,
811 2609 885 2681 apud
897 2610 1049 2665 Samuelem
1061 2611 1095 2666 de
1107 2611 1235 2667 Toumes.
1251 2611 1324 2685 [Η.]

328 2698 347 2733 *
357 2700 434 2751 1686.
446 2698 505 2750 tiro.
518 2696 642 2759 londini,
654 2698 723 2768 typis
734 2696 768 2751 lt
777 2696 823 2763 Ν,
835 2698 945 2767 impons.
958 2698 1050 2752 Gualt.
1064 2698 1195 2770 Kettilby‚
1207 2698 1258 2753 &a

397 2792 462 2841 Tite
481 2795 572 2843 otmo.
583 2794 648 2843 Mea
660 2794 699 2857 du.
732 2795 814 2843 Editio
830 2794 922 2845 Quarta
936 2797 967 2843 ab
981 2797 1086 2843 Auster«
1101 2798 1177 2845 astu
1190 2800 1240 2845 sivo
1249 2798 1400 2848 Emendatior
1411 2808 1434 2848 et

395 2873 495 2924 dectior
504 2878 603 2925 reddita.
615 2874 652 2939 (r.
665 2876 742 2938 Opera
754 2876 846 2933 omae,
855 2874 893 2922 ed.
907 2872 991 2935 1686.)
1004 2872 1065 2937 [G]

375 3071 529 3157 Princeps
540 3073 612 3139 Viri
623 3095 714 3159 opus,
728 3094 783 3139 sex
796 3071 1002 3139 sectionibus
1012 3071 1118 3138 febres
1129 3094 1242 3140 omnes
1256 3081 1290 3140 ot
1304 3077 1434 3143 morbos

330 3178 595 3245 inflammatorios
617 3200 692 3245 oum
707 3178 796 3245 febre
811 3178 1003 3265 oonjnnotos
1018 3178 1182 3260 eontinet3
1205 3179 1323 3246 deinde
1336 3204 1433 3267 peon-

330 3280 453 3345 liariter
467 3280 742 3347 constitutionem
761 3282 898 3366 primam
919 3281 960 3347 ab
978 3304 1066 3348 enno
1081 3282 1163 3349 1661
1180 3282 1224 3349 ad
1242 3284 1338 3365 1664,
1353 3286 1433 3353 alte·

329 3405 402 3448 ram
417 3406 578 3449 annornm
594 3386 677 3449 1665
695 3392 728 3450 et
744 3386 839 3465 1666,
859 3386 990 3451 tertiam
1012 3386 1053 3451 ab
1073 3407 1160 3452 anno
1178 3388 1264 3455 1667
1278 3389 1321 3454 ad
1336 3392 1432 3472 1669,

331 3494 480 3571 quartam
502 3486 543 3552 ab
564 3508 650 3553 anno
672 3488 757 3555 1669
780 3488 822 3553 ad
842 3488 927 3554 1672
947 3494 982 3554 et
1005 3490 1100 3571 1673,
1117 3490 1265 3575 quintam
1287 3493 1328 3558 ab
1346 3515 1433 3561 anno

331 3590 476 3661 ,167311
492 3591 588 3657 1675.
1197 3652 1201 3657 .

373 3692 417 3757 In
446 3693 649 3759 Praefatione
676 3694 710 3781 [p
736 3696 777 3761 17
803 3694 865 3778 sq.]
895 3693 936 3759 de
965 3694 1104 3761 Medicis
1130 3696 1285 3780 queritur,
1310 3698 1432 3786 quide

329 3794 434 3859 causis
449 3796 544 3861 certis
559 3804 591 3861 et
605 3795 758 3881 proximis
769 3796 811 3860 ad
821 3804 962 3863 remotes
973 3797 1160 3863 diaetetioas
1170 3806 1372 3865 recesserunt
1381 3801 1431 3865 in·

327 3897 505 3982 dagandes.
550 3899 634 3964 Inde
652 3898 692 3963 de
707 3898 834 3964 Morbis
848 3900 964 3965 Acutis
984 3901 1021 3965 in
1042 3901 1227 3967 universum
1247 3904 1283 3988 [i
1301 3904 1360 3987 l.]:
1376 3925 1431 3975 eos

327 4000 462 4067 omnino
487 4002 536 4086 (nt
556 4000 793 4086 Hippocrates)
818 4003 941 4067 Noster
959 4025 1018 4087 pro
1037 4004 1185 4071 Naturae
1207 4006 1430 4073 conaminibus

326 4104 437 4184 habet,
460 4105 657 4189 subigendae
679 4106 832 4170 materiae
853 4106 1020 4172 morbosae
1040 4115 1074 4173 et
1091 4110 1297 4193 expellendas
1316 4111 1430 4182 dicatis

333 4208 368 4293 [6
386 4208 446 4292 1.].
492 4208 576 4288 Turn
591 4208 632 4273 de
647 4208 805 4273 Febribus
824 4210 1018 4294 Epidemiois
1038 4210 1080 4294 [o.
1096 4212 1159 4295 2.],
1175 4234 1257 4296 quae
1270 4213 1428 4279 diximus:

325 4312 363 4375 in
378 4310 417 4375 iis
437 4311 560 4396 quoties
575 4332 660 4376 nova
679 4312 879 4401 constitutio
899 4312 961 4377 sibi
976 4312 1173 4392 occurrebat,
1191 4314 1429 4398 Sydenhamins

326 4414 470 4481 curando
499 4414 663 4495 absistere,
686 4416 835 4480 Naturae
864 4423 993 4494 nutum,
1018 4415 1198 4496 conamina,
1222 4418 1370 4503 juvantia
1394 4430 1428 4487 et

324 4618 388 4667 ques
399 4602 515 4652 Albertus
525 4604 555 4653 de
569 4604 655 4655 Helles
666 4620 692 4654 ee
705 4606 789 4669 ipsum
799 4620 855 4668 pos-
900 4605 1054 4662 Parisiorum,
1073 4604 1145 4656 litera
1166 4608 1240 4673 [L.];
1268 4612 1299 4660 iis
1324 4613 1429 4676 denique

323 4668 418 4717 sedisse
430 4669 510 4725 tradit,
529 4669 598 4717 litera
615 4668 691 4731 [H.];
709 4670 741 4716 iis
752 4684 856 4730 quarum
899 4686 1005 4734 quarum
1015 4669 1128 4719 notitiem
1144 4676 1308 4737 suppeditavit
1322 4676 1428 4725 Gniliel.

323 4732 513 4795 descriptionem
530 4750 561 4782 ex
577 4734 674 4797 proprie
692 4734 856 4785 observatione
900 4750 956 4811 snus
975 4733 1110 4790 Hamilton,
1128 4736 1281 4796 amnem,
1295 4739 1365 4786 Artis
1377 4739 1428 4786 Lo.

323 4796 418 4845 iactam
448 4798 563 4846 benevole
593 4795 784 4845 communicavit
812 4798 857 4847 Vir
926 4814 970 4849 eae
986 4798 1110 4845 Professor
1127 4800 1329 4864 Edinbnrgeneie,
1345 4800 1430 4852 literae

318 4859 457 4918 ,Eruditus
465 4862 495 4912 E.
505 4862 593 4918 Littrt,
601 4858 759 4925 Hippocratis
771 4858 858 4911 Editor
899 4816 1023 4925 lli-¹¹]-
