3825 5759
655 654 918 719 mortuus
941 654 970 717 Ι.
1298 650 1363 711 loe

373 820 471 874 Tamen
482 816 560 871 etiam
568 824 671 887 praeter
682 832 750 885 mern
761 811 939 866 occidualibus
949 811 1021 864 mom
1032 810 1149 863 invenire
1158 808 1222 861 colet
1232 808 1313 861 Deus.
1332 813 1365 861 10
1387 817 1430 867 De
1442 818 1511 867 1²00.

372 905 467 967 Quim's
478 903 604 957 untiaret
617 900 739 971 Podcpro
750 896 926 953 laborantium
1378 896 1518 963 Q

370 990 471 1045 Deluda'
484 999 508 1043 et
520 987 651 1058 ‹laidet-h

410 1076 481 1128 Talis
493 1074 562 1127 mim
574 1072 653 1144 lajas
664 1071 749 1125 morli
761 1080 857 1124 natura
868 1080 912 1124 eat.

307 1236 398 1322 [rt]
425 1236 474 1299 Ut
492 1233 592 1299 semel
612 1233 742 1297 finiam:
765 1231 938 1297 methodus
958 1253 1056 1316 qnam
1074 1231 1129 1296 hic
1147 1231 1241 1297 trado
1258 1234 1368 1317 duwe

248 1336 368 1420 μένων
384 1334 620 1420 praedictorum
645 1333 786 1398 examini
817 1333 988 1412 innititur3
1011 1354 1172 1417 quamque
1196 1355 1257 1417 ego
1279 1355 1369 1426 secu-

249 1450 316 1505 tus
338 1447 409 1503 tam
429 1438 466 1501 in
487 1438 557 1521 ipso
578 1458 640 1515 me,
660 1457 758 1520 quam
779 1436 816 1499 in
836 1435 916 1514 aliis,
936 1435 1042 1499 morbi
1062 1436 1209 1500 levamen
1229 1436 1367 1520 percepi.

252 1540 444 1624 Therapeia
458 1538 605 1603 radicalis
627 1544 661 1602 et
678 1558 907 1621 usquequaque
926 1537 1158 1621 perfectaque
1175 1538 1247 1622 quis
1268 1539 1369 1602 etiam
1381 1555 1516 1668 stiffi*

254 1666 278 1709 a
294 1642 440 1707 diathesi
455 1642 497 1705 ad
514 1641 603 1705 hunc
622 1639 773 1705 morbum
791 1639 875 1703 foret
889 1638 1054 1717 liberatus,
1070 1638 1176 1702 adhuc
1194 1639 1232 1701 in
1248 1638 1368 1702 Demo·
1380 1620 1461 1731 ἕξω
1471 1685 1497 1732 in

256 1745 339 1810 criti
365 1752 483 1827 puteo⁸
504 1742 594 1820 latet,
610 1748 708 1825 atque
726 1741 763 1805 in
784 1740 932 1804 Naturae
953 1740 1029 1803 mnu
1048 1740 1245 1818 reconditur,
1259 1740 1368 1805 nescio
1380 1748 1516 1797 Democriti

258 1844 398 1928 quaudo
420 1850 477 1909 aut
499 1866 519 1907 a
545 1842 661 1926 quibus
686 1842 723 1905 in
747 1842 854 1907 lucem
875 1842 1083 1907 extrahenda
1130 1844 1230 1926 Spem
1251 1842 1368 1907 nihilo,
1380 1813 1525 1939 gffilfft·

258 1946 377 2010 minus
410 1966 462 2008 me
495 1944 557 2008 hoc
586 1944 705 2026 scripto
736 1943 880 2007 humano
914 1944 1026 2027 generi
1058 1944 1221 2009 commodi
1249 1944 1369 2027 aliquid
1380 1956 1523 2068 pumex

260 2049 452 2127 contulisse,
477 2048 505 2113 si
526 2048 605 2111 istos
627 2048 773 2131 scopulos
798 2047 938 2113 fideliter
958 2047 1198 2137 indigitaverim
1223 2048 1266 2112 ad
1290 2070 1525 2133 quoavemffi

260 2159 338 2216 tum
364 2151 501 2234 ipsemet
529 2156 602 2213 tum
632 2148 686 2213 alii
714 2149 846 2233 plurimi
873 2150 1081 2233 naufragium
1105 2150 1250 2229 foeimllss,
1273 2134 1525 2248 atqueffiss‘du,

263 2255 401 2338 insuper
420 2253 576 2337 optimam
596 2272 678 2335 quae
699 2252 857 2317 hactenus
877 2252 1052 2319 innotescit
1071 2253 1260 2318 methodum
1279 2275 1371 2338 prae-
1383 2263 1528 2313 biuaunde

265 2358 526 2422 monstraverim.
571 2358 650 2423 Non
669 2356 720 2423 his
737 2359 862 2442 majora
879 2359 1052 2443 promitt03
1076 2362 1219 2444 quamvis
1236 2382 1257 2425 a
1274 2362 1373 2445 longa
1384 2327 1506 2454 iffi

267 2463 505 2546 cogitationum
534 2462 625 2541 serie,
652 2484 731 2546 quas
760 2462 837 2527 huic
861 2462 909 2526 rei
936 2463 1125 2546 impendere
1148 2470 1280 2528 tantum
1304 2486 1373 2529 non
1384 2456 1528 2506 ¹¹¹¹¹¹¹⁰i¹¹⁸fi

268 2586 344 2629 sum
359 2571 499 2643 coactus,
513 2564 650 2629 inducar
664 2564 794 2629 credere
809 2564 969 2649 ejusmodi
984 2564 1164 2629 remedium
1179 2566 1373 2649 quandoque
1385 2523 1515 2634 amisii}

268 2667 439 2730 inventum
463 2666 514 2729 iri.
560 2665 656 2731 Quod
682 2665 709 2727 si
737 2686 883 2748 unquam
909 2665 1071 2743 acciderit,
1092 2666 1255 2731 inscitiam
1280 2650 1527 2762 suamffiffi'm

271 2769 462 2853 dogmaticis
487 2766 701 2852 exprobrabit,
724 2774 821 2850 atque
846 2765 963 2831 exinde
987 2766 1123 2850 liquebit
1150 2788 1246 2849 quam
1271 2768 1371 2850 insig-
1384 2777 1529 2843 cignosm.

272 2872 366 2951 niter,
392 2879 461 2935 tam
490 2871 525 2933 iu
555 2868 781 2952 dignoscendis
810 2867 997 2931 morborum
1026 2868 1184 2946 essentiis,
1211 2890 1308 2951 quam
1336 2870 1373 2931 in
1386 2844 1527 2956 ffif³lss¹lllf⁸

273 2970 516 3037 medicamentis
531 2968 647 3053 quibus
662 2988 716 3033 eos
731 2968 976 3051 aggrediuntur,
991 2968 1241 3033 hallucinentur.
1272 2970 1374 3055 Cujus
1387 2972 1528 3024 caremi-

274 3074 321 3137 rei
335 3072 516 3155 exemplum
532 3069 608 3133 satis
622 3068 826 3133 luculentum
840 3068 998 3133 habemus
1009 3068 1045 3131 in
1058 3070 1240 3153 repertione
1255 3072 1374 3136 summi
1387 3051 1515 3151 3323.

276 3174 359 3239 illius
382 3174 424 3237 ad
449 3172 554 3237 febres
575 3170 830 3234 intermittentes
853 3170 1001 3253 specifici,
1028 3170 1165 3235 Corticis
1190 3173 1373 3238 Peruviani.
1386 3165 1526 3281 {23¹3

277 3274 339 3340 Per
360 3282 438 3358 quot
460 3275 529 3358 jam
553 3273 680 3337 saecula
701 3272 848 3337 homines
875 3272 994 3357 quique
1017 3274 1217 3339 solertissimi
1242 3276 1510 3360 ingenimmp

280 3384 485 3442 exercuerant
507 3376 543 3439 in
567 3374 797 3459 investigandis
819 3375 934 3439 hamum
957 3375 1097 3440 febrium
1122 3378 1236 3457 musis,
1258 3379 1375 3463 quibus
1387 3366 1525 3488 ffifffib

279 3479 388 3563 praxin
410 3477 544 3561 quilibet
564 3477 686 3561 aptavit
705 3476 848 3541 theoriae
872 3498 892 3541 a
912 3498 945 3541 se
965 3479 1164 3562 excogitatae
1181 3482 1303 3565 optime
1323 3504 1375 3546 re-
1387 3488 1527 3539 wintebu-

281 3580 506 3665 spondentem!
554 3579 725 3645 Quomodo
744 3600 819 3643 vero
841 3580 902 3643 hae
924 3580 1154 3646 medicationes
1172 3584 1376 3649 theoremata
1386 3556 1523 3667 ffiiw'

162 3680 164 3685 ’
281 3684 423 3749 valebant
445 3682 626 3760 defendere,
645 3703 685 3746 ex
703 3682 743 3745 iis
762 3689 889 3746 constat
910 3704 1049 3766 quorum
1070 3684 1176 3750 adhuc
1194 3708 1306 3751 recens
1325 3696 1374 3752 est
1386 3683 1524 3744 studim}

283 3786 440 3864 memoria,
459 3785 495 3847 in
515 3783 631 3867 quibus
650 3784 752 3847 varias
771 3784 1061 3850 intermittentium
1084 3787 1204 3870 species
1226 3789 1262 3852 in
1280 3791 1375 3853 variis
1387 3746 1530 3875 lilium

283 3888 465 3953 humoribus
482 3887 518 3949 in
533 3907 664 3970 corpore
682 3886 939 3951 redundantibus
957 3888 1160 3968 collocantes,
1175 3892 1375 3955 curationem
1387 3890 1513 3989 ἓξὲξ·

286 3991 323 4055 ad
337 3992 509 4055 humorum
525 3990 662 4054 istorum
680 3990 904 4055 alterationem
924 3997 1022 4073 atque
1039 3993 1280 4057 evacuationem
1299 3994 1375 4057 diri·

287 4114 353 4176 gere
374 4092 530 4157 solebant.
575 4092 622 4155 At
642 4114 740 4175 quam
760 4092 962 4175 inauspicato
982 4092 1018 4155 id
1039 4101 1186 4175 egerunt,
1207 4115 1318 4158 eorum
1340 4096 1376 4158 in

287 4196 331 4258 his
345 4196 549 4259 conaminum
564 4194 740 4273 frustratio,
755 4196 925 4277 praecipue
939 4215 1015 4257 vero
1031 4194 1129 4278 hujus
1144 4196 1280 4261 Corticis
1296 4220 1375 4261 usus

289 4296 408 4373 felicior,
431 4294 537 4378 palam
559 4296 701 4360 faciunt:
736 4296 828 4379 cujus
850 4316 910 4378 ope
932 4316 992 4358 nos
1014 4316 1102 4358 nunc
1124 4298 1278 4379 temporis
1303 4305 1375 4362 tum

290 4398 429 4461 humores
451 4398 636 4482 hujusmodi
658 4418 780 4475 omnes,
800 4404 873 4461 tum
894 4397 993 4460 etiam
1015 4396 1155 4460 diaetam
1177 4406 1211 4463 et
1229 4400 1376 4481 regimen

292 4500 502 4583 quodcunque,
518 4520 635 4584 susque
653 4500 755 4583 deque
770 4497 936 4576 habentes,
953 4518 989 4562 ac
1006 4498 1088 4561 nihil
1106 4499 1169 4563 nisi
1186 4501 1376 4567 methodum

320 4714 331 4752 t
345 4711 366 4755 ιἰι
375 4708 479 4755 Democr.
485 4706 567 4770 puteo]
579 4707 735 4755 Democritus
744 4706 806 4754 dixit
851 4720 902 4768 sup.
921 4706 997 4767 Epist.
1014 4706 1120 4766 despuas.
1131 4708 1166 4755 11.
1183 4709 1195 4767 l
1214 4709 1258 4763 3ος
1278 4711 1377 4759 Dioren.

278 4772 335 4829 ,¹¹in
350 4772 468 4835 profundo
490 4772 617 4819 veritatem
640 4788 692 4818 esse
711 4772 804 4818 demer-
851 4774 950 4831 Epictt
967 4771 1009 4824 173
1028 4770 1140 4818 Lactaut.
1156 4773 1235 4819 oea.
1253 4774 1331 4820 luem.
1343 4774 1377 4821 iii

295 4840 357 4883 sam.”
392 4836 457 4897 (Cic.
475 4838 548 4884 Acod.
569 4838 661 4887 Quaere
679 4836 693 4885 i.
714 4836 754 4895 12)
769 4835 806 4883 Cf.
851 4837 899 4891 28;
919 4834 991 4897 Diog-
1004 4834 1084 4883 La‘e'rt.
1100 4836 1146 4884 l'r't.
1159 4838 1244 4884 Philas.
1257 4837 1288 4885 ix.
1302 4840 1314 4897 l
1329 4838 1366 4887 ⁷2.
