3825 5759
533 677 833 744 DISSERTA'PIO
854 680 1164 747 EPISTULARIS.
1337 686 1403 749 399

299 841 471 906 reiteretur
491 838 545 903 hic
566 838 797 923 paregoricum,
817 841 923 907 lochis
943 843 991 908 its
1010 851 1160 927 potenter
1181 844 1283 923 sistet,
1305 852 1344 909 nt
1365 867 1404 910 ea
1433 861 1475 909 Dr
1487 862 1540 910 Ar-

301 945 391 1007 nulla
406 942 555 1025 deinceps
567 948 636 1005 arte
650 944 813 1025 provocari
829 952 960 1028 queant.
998 946 1141 1011 Verum⁸
1150 948 1312 1012 enimvero
1327 948 1354 1012 si
1369 955 1402 1013 et
1416 928 1557 1040 ffiffcffi‘

300 1049 361 1113 hoc
383 1047 491 1110 minus
514 1045 672 1123 succedat,
696 1046 877 1130 (interjecto
900 1048 1007 1133 aliquo
1027 1052 1181 1135 temporis
1202 1052 1316 1135 spatio,
1338 1062 1556 1143 quoffl

300 1152 450 1216 certiores
471 1150 570 1213 simus
590 1149 667 1232 quid
686 1149 773 1212 istud
792 1153 1009 1235 praestiterit)
1026 1154 1069 1218 ad
1087 1155 1324 1219 medicamenta
1341 1156 1402 1220 ite·
1415 1145 1450 1192 ⁰¹⁸
1461 1162 1489 1193 ⁸⁰
1502 1162 1554 1223 ⁹¹¹¹:
1658 1193 1662 1199 ·

300 1253 393 1317 rumb
409 1250 620 1333 ἐμμηναγωγά
634 1251 800 1335 hystoricis
814 1254 974 1335 permixta
986 1255 1189 1319 redeundum
1203 1264 1262 1336 est,
1277 1264 1311 1321 et
1326 1257 1402 1321 dein
1414 1225 1556 1323 pqeeqnapqqn

295 1356 342 1419 -ad
364 1355 521 1419 enematis
542 1375 582 1417 ex
602 1354 685 1416 lacte
707 1354 892 1419 saocharato
911 1356 1129 1441 injectionem.
1173 1360 1298 1424 Verum
1315 1352 1402 1443 quod
1414 1338 1492 1387 datm.

300 1457 341 1521 de
356 1458 427 1542 opio
443 1478 549 1539 supra,
564 1456 617 1519 hic
637 1455 677 1519 de
693 1456 849 1520 onomatis
866 1457 1041 1523 dicendum
1056 1467 1125 1523 est:
1147 1460 1212 1523 nisi
1230 1462 1319 1526 enim
1335 1463 1400 1546 pri·
1412 1426 1541 1556 RQ,

299 1583 354 1625 mo
373 1562 527 1645 injectum
548 1560 653 1623 lochis
674 1558 800 1637 educat,
818 1560 900 1623 nihil
920 1582 1049 1644 prorsus
1064 1583 1083 1625 a
1096 1562 1242 1645 pluribus
1261 1571 1310 1629 est
1330 1587 1399 1649 spe·
1413 1557 1522 1617 undum,

298 1664 438 1727 randum
448 1690 458 1742 ;
485 1684 560 1727 cum
579 1683 684 1725 unum
705 1661 856 1725 humores
877 1662 995 1725 leniter
1015 1662 1225 1743 sollicitando,
1240 1672 1279 1729 ut
1297 1666 1402 1729 fluant

298 1766 404 1830 lochia
418 1767 541 1830 efficere
555 1764 664 1847 possit,
679 1764 774 1848 plura
787 1786 861 1828 vero
876 1765 989 1829 eadem
1004 1766 1067 1829 alio
1081 1766 1252 1831 diradant.
1291 1769 1396 1853 [132]
1414 1780 1530 1856 sed-tem-

300 1870 362 1933 His
376 1870 485 1953 itaque
499 1868 646 1953 peractis,
661 1869 755 1952 (quae
766 1875 876 1933 tamen
890 1869 1003 1933 leviter
1017 1872 1182 1954 tangenda
1192 1873 1292 1955 sunt)
1306 1874 1400 1936 tutis-
1411 1859 1547 1970 fflff*

298 1974 415 2037 simum
431 1980 489 2051 est,
505 1978 538 2037 et
552 1972 720 2056 prudentis
735 1971 857 2035 Medici
872 1973 1023 2051 officium,
1039 1975 1192 2058 temporis
1212 1976 1402 2065 συμμαχίαν
1413 1983 1520 2035 prtem>

297 2076 484 2159 praestolari
492 2100 501 2153 3
525 2096 599 2139 cum
614 2074 741 2157 singulo
756 2095 880 2158 quoque
895 2074 947 2139 die
962 2076 1137 2141 curationis
1151 2079 1319 2161 negotium
1332 2102 1400 2143 ma·
1412 2037 1546 2169 lliffijem

299 2178 347 2260 gis
362 2178 527 2261 magisque
540 2184 631 2241 extra
645 2178 748 2241 oleam
756 2182 905 2260 ponatur,
919 2182 962 2255 et,
975 2178 1003 2241 si
1011 2200 1108 2261 aegra
1117 2178 1304 2248 vicesimum
1315 2181 1401 2246 diem
1415 2186 1494 2261 ²⁰⁰⁸?
1504 2201 1543 2234 res

298 2282 503 2365 superaverit,
526 2282 594 2365 jam
618 2280 686 2345 sere
711 2281 849 2345 invado
875 2288 934 2345 est.
979 2282 1112 2346 Etenim
1136 2305 1210 2348 oum
1234 2307 1254 2348 a
1276 2288 1399 2365 morbo,
1413 2248 1528 2364 iiidie

298 2385 440 2468 quisquis
454 2386 482 2449 is
496 2385 603 2464 fuerit,
611 2386 680 2469 jam
696 2384 888 2449 diuturniori
902 2386 1044 2451 foemina
1058 2387 1287 2473 aliquantisper
1300 2391 1399 2474 respi-
1414 2394 1555 2472 Stramenta

297 2489 422 2567 raverit,
432 2489 576 2573 viresque
587 2490 810 2572 quadantenus
821 2490 987 2572 receperit,
998 2512 1070 2554 eam
1081 2491 1271 2556 methodum
1281 2494 1400 2558 valebit
1412 2460 1542 2574 iiiii&

298 2592 381 2655 ferre
404 2613 485 2675 quae
505 2593 670 2676 aptissima
687 2592 848 2656 videbitur
866 2594 921 2657 isti
944 2596 1030 2658 malo
1052 2597 1292 2661 averruncando
1314 2598 1400 2681 quod
1413 2590 1541 2698 qqspinaci-

298 2716 318 2757 a
336 2694 515 2759 lochiorum
533 2694 755 2777 suppressione
775 2702 975 2772 accreverat3
998 2696 1126 2777 quando
1143 2698 1284 2762 remedia
1300 2699 1399 2763 obsti·
1412 2669 1543 2774 rmlbif'et

298 2799 406 2861 natins
431 2798 568 2880 ingesta,
585 2798 696 2881 primis
718 2819 760 2861 ne
785 2798 889 2861 hilum
910 2798 1182 2881 promoventibus,
1199 2808 1272 2864 tum
1293 2802 1399 2885 ipsum
1411 2782 1547 2907 fflssffu

297 2900 457 2978 morbum,
473 2906 545 2963 tum
560 2900 657 2963 etiam
672 2899 844 2983 spirituum
862 2898 1138 2983 pertrnbationem
1154 2922 1174 2964 a
1188 2922 1252 2984 qna
1267 2903 1399 2967 morbus
1414 2922 1456 2955 um
1467 2925 1522 2986 1¹⁰?-

297 3004 409 3081 oritur,
425 3022 542 3086 angere
557 3003 699 3085 possint:
723 3001 824 3085 qnodc
840 3000 950 3064 sedulo
965 2999 1198 3065 advertffldum
1212 3002 1318 3067 velim.
1411 2974 1528 3086 iffi?

347 3107 451 3191 [lau]
479 3108 595 3190 Nuper
614 3112 770 3183 matrona,
785 3110 854 3167 tam
875 3102 1038 3166 natalibus
1061 3124 1158 3186 qnam
1177 3104 1321 3169 moribus
1339 3105 1397 3170 ho·
1409 3108 1476 3194 sept
1499 3182 1506 3194 ι

298 3210 399 3273 uestis
424 3231 462 3274 ac
484 3209 602 3293 probis,
626 3230 679 3273 me
704 3208 766 3272 sibi
780 3206 948 3271 Medicum
969 3205 1117 3270 volebat:
1139 3206 1216 3271 huic
1238 3229 1277 3271 ex
1301 3210 1398 3274 modo
1412 3182 1529 3231 narona.

298 3312 385 3375 dicta
399 3313 564 3376 occasione
579 3312 689 3376 statim
704 3332 724 3375 a
736 3316 833 3395 partu
846 3308 1044 3392 paroxysmis
1060 3308 1241 3393 Hystericis
1255 3311 1398 3390 affectae,

298 3414 403 3477 lochis
417 3416 546 3498 penitus
562 3414 754 3478 defecerant.
800 3409 949 3479 Conabar
963 3409 1206 3476 medicamentis
1221 3435 1318 3497 supra
1330 3436 1399 3479 me·

298 3517 431 3579 moratis
460 3517 573 3582 eadem
602 3516 767 3599 proritare,
794 3520 828 3577 at
856 3512 993 3591 frustra3
1022 3514 1204 3579 Affectione
1227 3514 1400 3601 Hysterica

298 3617 535 3683 vehementiore
564 3640 694 3683 omnem
730 3637 824 3699 opem
860 3614 1018 3679 medicam
1054 3624 1235 3701 respuente.
1290 3620 1398 3700 Unde,

299 3743 373 3785 cum
395 3722 442 3785 ita
460 3722 589 3786 demum
610 3744 681 3786 eam
701 3722 819 3785 salvam
839 3719 907 3785 fore
929 3720 1147 3803 praeviderem
1166 3722 1194 3786 si
1213 3723 1296 3788 nihil
1309 3747 1398 3809 pror-

288 3847 353 3887 -sus
368 3824 507 3903 molirer,
523 3846 591 3890 rem
606 3844 736 3889 omnem
755 3824 913 3907 Tempori,
929 3822 1134 3887 Medicorum
1154 3825 1248 3890 facile
1262 3829 1398 3913 principi

299 3948 337 3990 ac
357 3926 546 4011 coryphaeo,
562 3926 827 3991 committendam
846 3926 966 3989 censui.
1014 3926 1086 3990 Hoc
1105 3948 1215 3991 meum
1229 3931 1398 3995 consilium

285 4084 286 4087 ,
299 4029 340 4092 ad
355 4029 441 4093 diem
455 4051 557 4114 usqne
572 4029 732 4093 decimum
747 4036 897 4113 quartum
912 4028 1033 4111 optime
1050 4029 1098 4092 illi
1119 4029 1214 4093 cessit
1222 4056 1232 4109 3
1256 4033 1398 4114 quotidie

299 4130 386 4195 euim
397 4131 485 4196 illum
500 4132 649 4210 invisens,
660 4132 750 4196 nullo
765 4130 816 4195 die
831 4152 903 4194 eam
917 4130 952 4193 in
966 4131 1075 4213 pejore
1089 4130 1169 4209 loco,
1185 4153 1281 4214 quam
1295 4134 1397 4217 pridie

299 4233 413 4311 fuerat,
434 4234 640 4317 deprehendi.
685 4236 764 4298 Post
782 4234 881 4311 hunc,
896 4232 1103 4296 mulierculae
1125 4233 1289 4297 adstantes
1306 4237 1397 4318 (quas

182 4380 187 4389 .
298 4334 455 4400 hactenus
471 4358 490 4400 a
504 4358 588 4401 noxa
608 4336 657 4399 illi
679 4338 738 4400 sub
762 4335 857 4399 officii
874 4334 978 4416 specie
997 4333 1165 4397 inferenda
1178 4357 1274 4418 aegre
1289 4357 1397 4400 arcue-

299 4440 391 4521 rsm,)
409 4439 562 4502 maritum
576 4437 796 4523 impellebant,
811 4443 849 4500 nt
867 4435 936 4498 sine
957 4456 1049 4498 mora
1070 4437 1263 4519 sangninem
1281 4458 1300 4501 e
1317 4439 1398 4521 pede

299 4540 406 4604 uxoris
429 4542 554 4608 extrahi
572 4548 717 4618 curaret;
741 4562 804 4623 quo
822 4538 918 4616 facto,
932 4539 1115 4621 paroxysmi
1136 4539 1299 4624 Hysterici
1319 4542 1399 4607 adeo

332 4730 343 4751 ⁵
363 4726 565 4789 Verum—spatie]
579 4730 676 4775 Hateri
690 4732 764 4775 minus
774 4743 825 4775 mc-
903 4720 914 4753 l’
931 4724 1227 4788 ltemm.··rtdeuudum]
1240 4730 1400 4776 deveniendum

300 4790 390 4845 cedant,
408 4788 540 4853 (interjecto
558 4797 665 4839 tororum
680 4795 757 4855 aliquo
772 4808 826 4853 spa·
871 4788 909 4837 ed.
922 4790 969 4835 '82

301 4852 352 4913 tta)
366 4854 402 4900 sd.
415 4856 462 4903 '82
904 4860 913 4884 ⁰
930 4850 1110 4915 quoa-velia]
1122 4868 1171 4901 om.
1184 4854 1221 4902 ed.
1233 4858 1280 4902 ’82
