3825 5759
491 646 536 709 44
797 646 992 712 'l'HOMAE
1017 647 1274 711 SYDENHAM

360 820 459 869 rursu
491 812 612 884 tamen,
628 808 866 891 quamprimum
887 810 1093 875 vomitorium
1110 809 1301 887 exhibueris,
1317 809 1506 893 plerumque
1524 830 1592 874 ces·

338 886 478 999 ACJJJJJK,
492 915 654 989 saturam3
688 910 863 976 dummodo
892 912 1029 977 emetioo
1056 912 1190 977 ferendo
1217 933 1310 995 pares
1345 912 1468 976 fnennt
1504 911 1594 995 aegri

357 1010 585 1092 'cl-taynus.
631 1012 765 1097 Saepius
799 1022 908 1079 autern
942 1016 1115 1094 observavi,
1145 1014 1314 1079 diarrhoea
1342 1016 1440 1079 semel
1468 1014 1593 1094 obortu,

337 1118 468 1215 {iffi
492 1114 729 1181 medicamenta
751 1117 987 1201 adstringentia
1005 1118 1056 1182 vel
1076 1118 1310 1183 nihilomnino
1326 1118 1376 1181 vel
1398 1140 1514 1201 parum
1537 1118 1595 1182 ad·

339 1232 454 1306 genubus
493 1218 627 1281 modum
652 1218 693 1283 ad
719 1220 853 1285 eandem
882 1221 1060 1286 sistendam
1085 1221 1239 1301 conferre,
1259 1222 1325 1287 sive
1347 1222 1435 1286 intro
1454 1228 1595 1305 sumpta,

339 1303 422 1409 25¹3?
433 1310 480 1343 ω’
494 1319 559 1383 sive
574 1320 713 1385 exterius
728 1322 896 1406 applicata

544 1422 627 1507 [la]
653 1424 835 1489 Emeticum
865 1426 959 1510 quale
988 1426 1107 1510 passim
1136 1448 1157 1490 a
1183 1448 1237 1491 me
1264 1426 1455 1511 propinatur
1481 1425 1595 1509 hujus-

494 1525 582 1590 modi
596 1526 662 1591 fere
677 1534 725 1592 est
736 1554 788 1593 :-

495 1652 595 1723 [Form.
611 1656 646 1725 l.]
683 1652 715 1737 R
745 1656 890 1711 infusionis
902 1656 981 1711 Croci
993 1654 1382 1720 Metallommdrachmassex,

741 1744 888 1814 Oxymellis
900 1743 1032 1807 Scillitioi,

741 1830 839 1902 Syrupi
852 1830 992 1884 Scabiosae
1004 1830 1161 1901 compositi,
1170 1846 1224 1883 ana
1234 1830 1413 1892 semunciam

636 1917 722 1971 Misce
733 1938 740 1981 ;
760 1918 808 1970 fiat
819 1918 962 1971 emeticum
973 1936 980 1979 ;

495 2028 581 2115 quod
601 2030 724 2095 hauriri
740 2028 839 2114 jubeo
857 2036 1002 2112 tempore
1019 2029 1249 2112 pomeridiano,
1264 2028 1390 2092 duabus
1411 2026 1499 2091 horis
1520 2034 1595 2111 post

494 2133 563 2197 leve
577 2131 759 2217 prandium.
803 2131 927 2195 Verum
943 2152 1006 2215 quo
1020 2130 1124 2195 tutius
1144 2153 1181 2195 ao
1200 2130 1324 2195 felicius
1338 2130 1471 2195 vomitio
1484 2128 1596 2193 subse·

344 2250 459 2327 Emeda
496 2242 612 2301 cutura
632 2234 791 2313 succedat,
811 2232 893 2297 illud
912 2233 1010 2298 etiam
1028 2233 1065 2297 in
1083 2234 1244 2299 mandatis
1265 2232 1416 2312 habetur,
1429 2239 1468 2297 ut
1482 2232 1596 2315 zytho·

342 2324 473 2443 ζῖξῗᾞξ·
497 2336 587 2421 galae
602 2335 703 2400 librae
718 2357 773 2400 sex
787 2337 837 2401 vel
857 2344 930 2401 octo
953 2337 1020 2401 sint
1043 2337 1080 2401 in
1101 2343 1264 2421 promptu,
1281 2336 1399 2420 quippe
1413 2335 1500 2419 quod
1512 2334 1597 2418 peri·

344 2443 484 2521 carpasia
497 2440 606 2506 culosa
620 2439 686 2504 sint
704 2439 768 2503 ista
786 2438 1023 2503 medicamenta
1036 2440 1100 2503 nisi
1113 2440 1239 2524 copiose
1254 2439 1421 2504 diluantur
1427 2465 1440 2518 5
1459 2438 1598 2521 ideoque

344 2509 486 2623 fimf&
498 2542 623 2628 quoties
651 2542 810 2607 vomuerit
832 2562 936 2625 aeger,
963 2550 1020 2607 ant
1042 2542 1150 2607 nivium
1171 2543 1402 2622 exoneraverit,
1420 2562 1440 2606 e
1460 2540 1599 2623 vestigio

499 2644 673 2709 sumendus
697 2646 759 2711 erit
787 2644 942 2710 haustus:
977 2669 1042 2731 quo
1069 2648 1166 2726 facto,
1186 2654 1220 2712 et
1241 2646 1353 2711 inania
1377 2646 1435 2710 illa
1454 2644 1597 2709 tormina

497 2757 738 2835 praecaventur,
753 2756 786 2815 et
801 2748 950 2815 vomendi
964 2757 1098 2815 conatus
1113 2750 1278 2835 auspicato
1290 2748 1480 2834 procedunt.

547 2851 629 2937 [la]
658 2853 761 2937 Saepe
789 2852 925 2917 miratus
951 2875 1033 2933 sum,
1056 2853 1135 2918 dum
1163 2854 1248 2918 forte
1275 2853 1445 2917 materiam
1473 2849 1598 2915 vomitu

498 2956 650 3040 rejectam
679 2954 852 3041 aliquando
886 2955 1010 3041 cririose
1042 2955 1294 3040 contemplabar,
1327 2975 1463 3038 eamque
1490 2973 1597 3037 neque

498 3059 582 3124 mole
596 3059 687 3123 valde
702 3058 917 3143 spectabilem,
933 3080 994 3123 nec
1007 3060 1113 3143 pravis
1130 3058 1340 3142 qualitatibus
1353 3058 1525 3140 insignem,
1540 3054 1598 3139 qui

497 3162 620 3227 laetum
642 3162 739 3226 fuerit
767 3168 806 3227 ut
832 3162 920 3243 aegri
938 3168 1070 3227 tautum
1094 3161 1262 3226 levaminis
1280 3160 1396 3225 exinde
1415 3160 1575 3225 senserint
1584 3184 1597 3237 ς

497 3284 614 3347 nempe
628 3264 751 3327 vomitu
769 3271 908 3348 peracto,
930 3286 1023 3329 saeva
1038 3265 1095 3329 illa
1111 3271 1328 3349 symptomata
1346 3264 1488 3346 (names,
1507 3260 1598 3326 verbi

499 3384 605 3443 causa,
620 3364 772 3443 anxietas,
782 3366 986 3450 jactationes,
996 3367 1132 3451 suspiria
1141 3368 1298 3445 luctuosa,
1309 3366 1440 3450 linguae
1450 3364 1597 3449 nigredo,

499 3468 573 3548 etc.)
597 3486 678 3549 quae
704 3473 737 3531 et
759 3468 844 3552 ipsos
868 3469 1098 3548 excruciarant,
1125 3476 1159 3534 et
1184 3470 1349 3535 adstantes
1371 3468 1597 3553 perterreface-

499 3575 585 3649 rant,
607 3568 749 3653 mitigari
771 3571 876 3637 solent
898 3592 936 3637 ac
958 3572 1046 3653 solvi,
1069 3573 1219 3658 quodque
1239 3572 1344 3639 morbi
1364 3572 1524 3655 reliquum
1546 3573 1595 3631 est

501 3670 640 3754 εὐθύμως
656 3672 794 3738 tolerari.

350 3790 401 3839 Ubi
412 3790 474 3839 indi-
549 3776 632 3861 [la]
660 3774 747 3840 Illud
761 3776 815 3841 hic
828 3776 890 3843 loci
904 3799 972 3843 non
991 3778 1208 3845 omittendum
1221 3780 1293 3859 erit,
1309 3779 1337 3844 si
1351 3776 1439 3862 aegri
1454 3773 1600 3841 conditio

348 3864 470 3981 ξξζζζᾳιζῆ
500 3884 675 3963 utrumque
700 3880 855 3945 auxilium
883 3881 1101 3965 postulaverit,
1124 3882 1428 3965 (venae-sectionem
1450 3878 1601 3962 intelligo

347 3996 488 4059 {tau-⁸5⁰·
502 3988 535 4046 et
554 3980 780 4066 vomitorium)
801 3990 910 4047 tutum
932 3985 1065 4049 omnino
1093 4006 1162 4051 esse
1183 3991 1223 4049 ut
1240 3985 1456 4051 venae-sectio
1472 3981 1600 4047 emetici

348 4054 491 4162 {impii}
503 4084 734 4151 exhibitionem
754 4086 924 4171 praecedat
932 4113 943 4165 3
966 4088 1044 4153 alias
1061 4088 1158 4168 enim,
1174 4088 1254 4153 dum
1268 4110 1345 4153 vasa
1362 4088 1521 4172 sanguine
1535 4085 1601 4149 dis-

348 4192 445 4291 Εἴθ’
502 4190 890 4274 tentarunt,pericuh1m
911 4190 1060 4256 imminet
1079 4212 1122 4255 ne
1141 4213 1181 4256 ex
1202 4191 1351 4257 violentis
1369 4191 1434 4254 illis
1450 4186 1602 4254 vomendi

502 4292 670 4357 conatibus
679 4294 729 4358 vel
742 4300 936 4379 rumpantur
949 4316 1025 4360 vasa
1037 4294 1239 4377 pulmonum,
1247 4295 1299 4359 vel
1312 4292 1481 4359 cerebrum
1493 4291 1603 4357 laeda-

500 4402 564 4475 tur,
581 4398 682 4462 affuso
702 4419 776 4462 oum
790 4398 914 4484 impetu
933 4399 1091 4483 sanguine
1106 4406 1203 4482 atque
1217 4400 1328 4478 effuso,
1343 4398 1487 4483 adeoque
1506 4416 1604 4480 aeger

502 4499 668 4582 apoplexia
696 4509 859 4586 correptus
887 4508 1008 4585 pereat.
1068 4502 1169 4586 Cujus
1201 4502 1249 4566 rei
1278 4500 1423 4586 quamvis
1451 4498 1601 4564 historias

502 4601 624 4685 aliquot
653 4624 901 4667 commemorare
930 4606 1059 4690 possim,
1088 4604 1152 4670 illis
1181 4613 1293 4671 tamen
1317 4604 1371 4670 hic
1397 4601 1602 4687 supersedere

502 4702 605 4767 visum
635 4712 694 4781 est,
719 4704 881 4769 monuisse
910 4715 1081 4773 contentus
1107 4708 1248 4773 maxima
1271 4708 1332 4773 hac
1356 4708 1392 4771 in
1414 4727 1450 4771 ra
1476 4704 1603 4771 cautela

503 4806 661 4873 utendum
676 4826 757 4871 esse.
