3825 5759
528 675 827 741 DISSERTATIO
849 676 1157 740 EPISTOLARIS.
1325 675 1390 737 383

289 838 461 918 dictarum,
476 840 528 903 vel
550 859 662 904 earum
685 838 798 901 saltem
819 836 1147 922 aliquammultarum,
1162 858 1230 900 una
1248 836 1284 900 in
1305 835 1391 901 dolio
1421 853 1463 901 Da
1475 853 1528 902 Ar-

288 942 416 1006 inclusa
439 942 548 1005 fuerit.
607 940 756 1024 Denique
780 940 842 1004 hoc
862 940 948 1023 quod
970 939 1066 1003 innui
1087 939 1259 1023 diligenter
1280 938 1390 1003 adver·
1404 919 1545 1031 ffiffi'

288 1044 428 1108 tendum
442 1045 523 1123 volo,
540 1065 614 1108 cum
628 1064 695 1108 non
709 1064 826 1127 paucos
840 1042 982 1107 infantes
998 1049 1095 1126 atque
1109 1063 1225 1127 pucros
1236 1042 1390 1106 acathar·
1404 1054 1546 1137 W

287 1146 363 1210 ticis
378 1168 472 1229 saepe
486 1145 630 1230 repetitis
648 1146 740 1230 (quae
751 1146 833 1209 forte
847 1144 968 1209 ventris
982 1150 1092 1209 tumor
1110 1144 1322 1228 invitaverat)
1340 1143 1390 1208 in·
1401 1135 1541 1251 affixa

290 1255 467 1331 teremptos
481 1248 579 1313 fidsse
594 1248 670 1313 satis
685 1248 793 1311 sciam.
840 1247 905 1311 Sed
919 1247 999 1311 haec
1014 1247 1128 1312 obiter.
1402 1280 1521 1341 mpere-

342 1352 446 1435 [101.]
475 1352 510 1414 Si
533 1352 603 1435 quis
631 1351 794 1445 objecerit,
819 1331 1182 1434 limaturamehalybis,
1206 1349 1270 1414 nisi
1295 1371 1391 1434 aeger
1402 1331 1535 1460 ἓξὲξ·

291 1452 429 1517 subinde
453 1454 550 1519 firerit
575 1461 779 1538 expurgatus,
808 1454 845 1517 in
870 1452 1043 1517 visceribus
1068 1453 1258 1517 haerentem
1281 1453 1312 1516 ci
1335 1452 1391 1536 qui
1403 1466 1468 1507 sunt.

291 1556 298 1567 ,
568 1556 575 1569 ,
1116 1556 1123 1569 .
1335 1556 1342 1568 .
1369 1556 1376 1568 .
1404 1523 1542 1586 objectioni

289 1556 379 1619 illam
398 1556 592 1621 devoraverit
606 1576 722 1620 nocere
740 1578 851 1640 posse;
873 1555 1060 1639 respondeo,
1075 1577 1226 1639 primum,
1241 1576 1295 1619 me
1309 1556 1391 1619 mhrl
1403 1588 1537 1639 mmm,

289 1680 436 1743 unquam
450 1660 515 1724 tale
528 1660 564 1723 in
575 1681 736 1744 quoquam
748 1659 1015 1744 deprehendisse3
1038 1658 1164 1737 deinde,
1175 1660 1272 1742 longe
1282 1658 1389 1722 verisi-
1402 1652 1544 1766 gsssfflepu

288 1761 397 1824 milius
412 1782 489 1841 esse,
505 1762 641 1826 eandem
660 1784 755 1826 muco
774 1770 807 1827 et
826 1761 1075 1826 excrementitiis
1088 1762 1229 1845 partium
1249 1762 1389 1826 humori·
1402 1781 1534 1830 minaei-

288 1862 350 1927 bus
365 1864 541 1929 involutam
555 1886 711 1930 unacum
725 1866 794 1929 istis
809 1866 942 1929 tandem
956 1885 1087 1928 ornnem
1102 1863 1194 1943 elabi,
1210 1886 1308 1948 quam
1322 1886 1389 1929 me·
1401 1846 1543 1959 2³:33}

289 1965 479 2032 dicamentis
487 1969 700 2053 purgantibus
709 1970 913 2054 exagitatum,
924 1990 1005 2053 quac
1014 1969 1236 2034 adstrictiones
1244 1970 1389 2036 insolitas
1401 1983 1543 2038 purgentur.

290 2078 324 2135 et
338 2071 496 2136 viscerum
509 2073 667 2137 torsiones
682 2074 981 2157 contractionesque
996 2072 1156 2150 afferunt;
1180 2094 1245 2156 qua
1259 2072 1389 2156 quidem

290 2176 524 2258 compressione
546 2176 689 2261 chalybis
711 2176 894 2261 particulae,
910 2176 1068 2241 viseerum
1088 2175 1207 2239 tunicis
1221 2175 1388 2259 impactae,

290 2276 326 2340 in
340 2278 453 2342 iisdem
467 2279 608 2363 penitius
624 2279 719 2363 deligi
733 2285 879 2363 possunt.

339 2380 443 2464 [102]
471 2382 603 2447 Interea
620 2382 699 2446 dum
713 2382 845 2467 chalybs
868 2382 1120 2462 administrabis,
1138 2383 1192 2467 (ad
1206 2384 1389 2449 confortan-
1402 2406 1529 2469 Raurica

291 2481 370 2545 dum
384 2482 504 2548 scilicet
519 2484 711 2567 sanguinem
732 2491 766 2550 ct
786 2485 916 2569 spiritus
932 2485 1108 2568 animales)
1125 2487 1277 2566 remedia,
1292 2488 1390 2571 vulgo
1402 2469 1520 2584 ffiffifi

291 2584 378 2649 dicta
391 2588 555 2669 luy-sterion,
566 2588 602 2651 in
616 2610 713 2653 usum
728 2588 818 2672 quasi
832 2588 936 2653 obiter
949 2588 1128 2653 revocanda
1141 2597 1228 2669 sunt,
1240 2590 1337 2674 idque
1352 2612 1390 2655 eo
1403 2600 1481 2675 forma
1491 2614 1530 2648 aa

290 2687 386 2751 modo
401 2695 497 2773 atque
519 2711 557 2754 ea
578 2690 682 2755 forma
696 2712 778 2775 qnae
797 2691 935 2757 maxime
950 2692 1146 2756 conveniunt
1161 2693 1285 2775 aegris,
1308 2714 1390 2776 quae
1402 2664 1533 2791 ffidff'm'

292 2790 421 2873 quidem
432 2792 459 2854 si
473 2792 508 2855 in
518 2792 621 2859 forma
632 2793 733 2858 solida
742 2793 864 2857 fuerint
875 2794 1052 2877 deglutitae
1063 2795 1198 2859 aminus
1208 2794 1389 2875 fastidiosis,
1403 2801 1467 2842 ’πῖ

290 2893 455 2975 potentius
469 2894 566 2979 longe
581 2896 710 2980 spiritus
724 2896 760 2961 in
774 2896 876 2961 officio
888 2904 920 2961 et
931 2898 1001 2963 loco
1012 2919 1071 2962 suo
1085 2898 1283 2978 retinebunt,
1293 2920 1391 2983 quarn

292 2995 319 3058 si
341 2996 376 3059 in
396 2997 517 3081 liquida
537 3000 738 3080 hauriantur,
760 3001 822 3064 hoc
844 3008 902 3079 est,
926 3000 991 3065 sive
1013 3001 1154 3082 decocta,
1177 3002 1241 3066 sive
1264 3002 1390 3067 infusa:

292 3098 362 3181 ipsa
383 3101 469 3164 enim
492 3102 673 3167 substantia
691 3103 906 3167 ventriculum
928 3102 1050 3167 diutius
1070 3125 1181 3187 sapore
1204 3126 1262 3169 suo
1284 3103 1390 3185 afficit,

292 3208 325 3265 et
341 3223 455 3286 corpus
469 3204 571 3270 inficit
585 3206 736 3289 penitius.

341 3306 461 3392 [103.]ι
482 3308 525 3373 In
546 3331 681 3389 summa,
705 3309 955 3373 indicationibus
979 3332 1058 3394 quas
1081 3330 1179 3393 supra
1201 3309 1295 3393 attigi
1317 3309 1390 3374 uni-
1404 3326 1546 3386 Metiscus,

1404 3398 1429 3438 et
1440 3393 1544 3440 remedi·

292 3410 389 3475 versis
419 3413 648 3493 safisfactunrs,
678 3414 816 3499 paucula
840 3414 920 3478 haec
949 3421 983 3479 et
1007 3414 1152 3498 vulgaria
1176 3414 1392 3498 praescribere
1405 3456 1534 3505 omnifor-

292 3514 396 3593 sole03
420 3537 501 3599 quae
513 3516 589 3581 licet
605 3516 685 3581 nihil
706 3516 869 3599 magnifici
890 3538 968 3601 prae
984 3538 1017 3582 se
1032 3517 1149 3598 ferant,
1163 3524 1203 3581 nt
1216 3518 1393 3601 plurimum
1405 3520 1493 3569 mulae

291 3623 402 3681 tamen
416 3618 451 3682 id
465 3626 629 3702 praestant
644 3620 731 3704 quod
744 3619 826 3685 volo.

335 3720 490 3785 Mittatur
504 3721 634 3805 sanguis
649 3743 667 3787 e
681 3721 812 3787 brachio
827 3721 940 3788 dextro
955 3722 998 3787 ad
1010 3723 1123 3787 uncias
1137 3731 1220 3789 octo.

293 3846 395 3913 [Form.
409 3846 485 3911 73.]ΙΙ
505 3846 535 3929 R,
557 3848 1392 3919 GalbaniinTincturaCsstoreisolutieteoletidraehmastres,

556 3934 770 3990 Tacamahaccae
783 3934 922 3990 drachmas
934 3936 1015 4000 duus3

433 4020 495 4077 Fiat
506 4022 676 4093 emplastrum
689 4024 813 4076 umbilico
826 4022 1030 4077 admovendum.

295 4143 450 4227 Sequenti
464 4164 559 4208 mane
574 4142 778 4227 aggrediatur
791 4164 886 4207 usum
897 4142 1100 4225 sequentium
1114 4140 1287 4224 pilularum
1296 4167 1349 4207 :—

294 4276 395 4340 [Form.
408 4284 483 4351 74.]v
501 4276 533 4361 R
554 4278 700 4333 Pilulnrum
713 4278 873 4333 Cochiarum
886 4277 1022 4347 Majorum
1035 4278 1170 4349 serupidos
1182 4277 1257 4342 duos,

555 4366 673 4421 Castorei
686 4366 814 4435 pulverati
826 4380 911 4434 grana
923 4363 985 4428 dua,

556 4452 675 4507 Balsami
688 4451 828 4505 Pemviani
840 4458 931 4519 guttas
942 4457 1070 4518 quamam

434 4538 515 4594 Fiant
525 4540 623 4611 pilulae
634 4546 753 4613 quatuor,
764 4535 908 4607 capiendae
923 4535 989 4588 hora
1003 4535 1098 4604 qrdnte
1108 4535 1242 4588 manitius
1257 4535 1391 4607 superdoc-

432 4626 554 4679 miendo:
574 4631 726 4695 repetantur
742 4640 788 4695 per
803 4622 870 4675 duas
884 4620 928 4675 rel
943 4628 996 4673 tres
1011 4620 1078 4673 alies
1092 4620 1169 4683 vices,
1185 4618 1266 4690 idque
1281 4622 1392 4693 cingulis

433 4712 475 4765 vel
485 4712 593 4767 alternis
604 4710 712 4774 auroris,
724 4726 770 4781 pro
782 4710 883 4763 ratione
895 4706 991 4760 virium
1003 4713 1051 4759 aut
1062 4706 1228 4775 operationis.

327 4866 334 4892 ¹
353 4858 390 4907 Cf.
403 4860 503 4907 storeae.
517 4860 564 4906 lat.
576 4870 595 4904 c
610 4858 631 4903 l.
644 4858 655 4915 ἱ
669 4857 683 4902 3
696 4870 731 4917 sq.
793 4850 803 4873 ¹²
823 4854 861 4903 Cl.
874 4854 944 4901 form.
961 4852 1014 4899 128.
1075 4857 1086 4879 '
1104 4849 1143 4897 Ci-
1156 4850 1252 4902 sermm.
1266 4856 1321 4911 1³2,
1333 4856 1389 4904 229.
