3825 5759
518 640 584 703 412
833 632 1030 699 'I'HOMAE
1053 632 1314 698 SYDENHAM

374 810 417 862 na
429 810 498 861 ron·
518 812 575 877 pes
592 810 678 856 nnus
698 788 868 873 impersit,
883 796 1038 874 utrosque
1059 790 1156 854 simul
1175 790 1246 874 pari
1259 788 1463 854 vehementia
1482 788 1613 873 fatigat
1622 814 1636 867 ;

365 890 506 957 ΔΒΕ·-
518 892 576 958 aed
592 900 631 957 ut
652 892 827 976 plurimum
844 891 941 975 pedes
961 894 1137 957 successive
1158 893 1219 974 (uti
1240 891 1401 975 diximus)
1420 892 1633 975 aggreditur.

366 1012 508 1061 Dolomm-
519 996 696 1079 Postquam
716 1002 888 1077 utrumque
908 994 1024 1077 pedem
1038 994 1225 1072 exercuerit,
1241 995 1297 1077 qui
1311 1002 1492 1078 sequuntur
1504 1016 1631 1079 pamx-

364 1086 497 1190 §yffi
518 1098 602 1183 ysmi
632 1096 802 1161 abnormea
831 1102 918 1175 sunt,
940 1102 1013 1161 tum
1041 1096 1149 1179 quoad
1175 1103 1304 1179 tempus
1331 1096 1516 1175 invasionis,
1545 1102 1630 1159 tum

365 1206 406 1263 us,
419 1221 491 1254 mane
518 1200 617 1264 etiam
639 1198 744 1282 quoad
767 1198 991 1276 durationem
1012 1198 1075 1263 boc
1095 1206 1207 1262 tumen
1228 1198 1350 1281 ubique
1370 1206 1510 1277 semant,
1531 1197 1628 1281 quod

365 1410 405 1459 ux
418 1412 479 1459 serie
519 1404 599 1469 serie
613 1404 729 1469 horum
738 1404 1031 1485 pororyunulmum
1048 1404 1103 1485 (sit
1116 1402 1214 1467 verbo
1227 1403 1343 1485 venia)
1356 1410 1484 1467 constat
1498 1404 1625 1468 Parox·

363 1490 487 1587 ffiffl,
517 1528 628 1591 ysmua
648 1506 703 1590 qui
727 1506 845 1571 dicitur
869 1504 1044 1587 Podagrae,
1063 1505 1247 1569 diuturnior
1268 1504 1431 1569 breviorve
1449 1526 1510 1589 pro
1529 1507 1624 1588 aegri

362 1612 458 1653 ΝΜ*
518 1616 642 1675 aetate:
680 1629 785 1692 neque
807 1608 895 1672 enim
916 1606 1115 1671 censendum
1136 1614 1195 1685 ost,
1220 1608 1345 1691 quoties
1368 1608 1440 1691 quis
1460 1629 1536 1671 cum
1556 1608 1624 1672 boc

364 1683 481 1783 mv*
517 1712 630 1779 morbo
656 1712 697 1777 ad
726 1732 853 1777 menses
879 1710 960 1775 duos
984 1710 1035 1773 vel
1059 1717 1126 1775 tres
1152 1711 1251 1775 fuerit
1276 1710 1488 1789 conflictatus,
1513 1732 1623 1775 unum

515 1814 609 1879 illum
619 1834 845 1899 paroxysmum
860 1812 968 1890 fuisse,
981 1810 1038 1875 sed
1052 1811 1167 1875 seriem
1177 1810 1284 1894 potius
1297 1818 1332 1874 et
1345 1818 1495 1875 catenam
1504 1831 1622 1894 parox-

515 1916 726 2001 ysmulorum
745 1935 881 1999 quorum
904 1912 1062 1997 posterior
1081 1912 1217 1997 quilibet
1235 1912 1341 1997 priore
1364 1919 1399 1977 et
1420 1912 1532 1977 mitior
1552 1913 1623 1977 fuit

516 2024 549 2083 et
571 2018 774 2097 contractior,
793 2015 896 2079 donec
916 2014 1061 2093 tandem,
1079 2015 1215 2079 materia
1234 2022 1388 2098 peccante
1408 2036 1539 2099 prorsus
1560 2014 1622 2079 ab·

364 2132 504 2184 ludimus
517 2126 655 2203 sumptu,
670 2138 765 2201 aeger
778 2117 948 2201 pristinam
963 2116 1142 2182 obtinuerit
1159 2117 1332 2182 sanitatem
1339 2143 1350 2197 ς
1372 2118 1461 2201 quod
1473 2118 1511 2181 in
1523 2138 1622 2201 vege·

361 2196 471 2312 lm„
516 2220 663 2299 tioribus,
679 2226 712 2285 ct
730 2219 769 2283 iis
785 2240 864 2303 quos
887 2218 1035 2302 Podsgra
1048 2219 1153 2283 rarius
1166 2218 1286 2298 invisit,
1301 2218 1415 2283 diebus
1429 2240 1524 2303 saepe
1538 2240 1621 2302 qua·

361 2278 471 2378 uniar.
514 2322 695 2387 morosum
717 2321 772 2399 fit;
795 2321 831 2384 in
853 2320 1044 2400 senioribus,
1062 2329 1161 2405 atque
1181 2322 1222 2385 in
1244 2343 1323 2405 quos
1344 2321 1472 2405 saepius
1492 2323 1619 2402 affluit,

515 2424 641 2490 duobus
670 2422 853 2503 mensibus,
886 2424 926 2487 iis
954 2444 1028 2487 vero
1057 2423 1114 2507 qui
1139 2424 1189 2488 vel
1217 2424 1311 2488 anuis
1335 2425 1387 2487 vel
1414 2424 1619 2490 diuturniore

515 2526 619 2592 morbi
641 2548 733 2592 mora
753 2526 918 2591 bactiores
940 2527 1011 2611 jam
1032 2534 1121 2605 sunt,
1145 2548 1213 2591 non
1233 2527 1323 2611 prius
1344 2526 1493 2591 valedicit
1518 2549 1617 2610 quam

362 2644 492 2696 Quomodo
516 2637 620 2695 aestas
634 2632 703 2715 jam
718 2629 858 2695 adultior
872 2650 944 2694 eam
958 2628 1128 2713 fugaverit.
1172 2629 1226 2693 Ad
1241 2629 1483 2713 quatuordecim
1496 2630 1615 2713 primm

362 2710 504 2823 :⁰¹¹⁸bsso,
516 2732 584 2797 dies
598 2733 695 2798 urina
707 2732 877 2798 coloratior
891 2738 950 2810 est,
966 2752 1048 2815 quae
1061 2738 1135 2815 post
1152 2731 1386 2815 separationem
1399 2732 1612 2796 rudimentum

361 2790 502 2899 affiatu,
515 2837 651 2902 rubrum
676 2844 709 2902 et
733 2836 824 2921 quasi
849 2834 989 2900 areuulis
1014 2834 1169 2898 refertum
1192 2834 1345 2917 deponit;
1376 2856 1437 2899 nec
1460 2855 1551 2918 aeger
1572 2841 1611 2899 ut

515 2940 692 3025 plurimum
713 2940 777 3005 nisi
798 2938 929 3025 tertiam
949 2937 1192 3023 potulentorum
1206 2958 1289 3021 quae
1303 2938 1476 3021 assumpsit
1489 2944 1613 3021 partem

361 3062 453 3121 alvum,
468 3066 493 3111 et
514 3062 573 3127 per
593 3042 729 3107 vesicam
750 3038 874 3118 reddit;
907 3040 997 3103 alvus
1019 3038 1099 3103 item
1124 3039 1166 3102 ad
1188 3038 1291 3104 dictos
1313 3041 1433 3125 primos
1456 3041 1524 3105 fere
1546 3040 1613 3106 dies

361 3128 696 3229 ⁸Pr²tit1¹1¹t00n⁸tipm
724 3150 783 3207 est.
827 3142 1002 3225 Appetitur
1030 3142 1212 3225 prostratio,
1238 3142 1326 3227 rigor
1349 3144 1451 3208 totius
1474 3142 1614 3227 corporis

516 3247 577 3311 sub
591 3266 764 3329 vesperam,
780 3243 922 3326 partium
937 3242 1036 3307 etiam
1050 3264 1118 3307 non
1137 3244 1325 3308 effectarum
1346 3246 1485 3328 gravitas
1498 3252 1532 3309 et
1545 3266 1612 3309 mo-

361 3356 503 3433 rrmtusin
516 3349 598 3413 leste
615 3346 763 3423 sensatio,
779 3344 944 3427 integrum
959 3366 1186 3429 paroxysmum
1199 3347 1405 3411 comitantur.
1451 3346 1613 3412 Receden·

361 3422 487 3548 ffiffl',
516 3458 583 3516 tem
600 3468 827 3534 paroxysmum
847 3446 966 3551 excipit
983 3448 1074 3530 pedis
1095 3448 1202 3513 affecti
1222 3450 1366 3533 pruritus
1379 3449 1432 3513 vix
1452 3450 1613 3529 ferendus,

361 3550 464 3625 desqua-
515 3553 654 3618 maxime
675 3550 761 3613 inter
783 3548 911 3631 digitos,
931 3548 1019 3613 unde
1041 3549 1195 3615 decidunt
1216 3552 1365 3633 furfiues,
1381 3561 1415 3616 et
1434 3552 1532 3636 pedes
1552 3554 1613 3637 ipsi

360 3620 443 3661 mano.
515 3654 606 3739 quasi
626 3652 666 3717 ab
684 3658 778 3735 epoto
792 3672 917 3715 veneno
934 3650 1195 3735 desquumantur.
1240 3654 1359 3719 Morbo
1376 3656 1447 3739 jam
1460 3654 1610 3735 discursu

362 3762 410 3839 1310
423 3764 500 3841 majp·
514 3756 602 3839 aegri
616 3760 688 3819 tum
703 3750 815 3835 εὐεξία,
830 3760 902 3816 tum
917 3754 1090 3837 appetitus,
1104 3754 1243 3821 redeunt
1260 3778 1318 3840 pro
1331 3766 1404 3822 rata
1417 3758 1536 3823 doloris
1549 3778 1608 3841 quo

361 3828 501 3941 ffoli‘ffl,
514 3857 673 3923 saeviebat
687 3876 896 3941 paroxysmus
910 3876 1015 3939 nuper
1028 3856 1166 3940 elapsus,
1180 3865 1214 3922 et
1232 3858 1269 3922 in
1283 3859 1394 3925 eadem
1407 3862 1609 3946 pruportione

358 3957 499 4033 pionpant
515 3966 640 4025 servata
666 3958 718 4023 vel
749 3958 945 4023 acceleratur
973 3958 1024 4022 vel
1047 3958 1195 4023 differtur
1217 3982 1355 4045 sequens
1382 3984 1609 4049 paroxysmus:

360 4028 485 4133 miili
513 4086 591 4130 nam
621 4062 648 4129 si
676 4062 730 4128 hic
758 4062 893 4127 ultimus
922 4082 1056 4144 aegrum
1083 4062 1221 4146 poesime
1252 4066 1447 4146 multaverit,
1477 4086 1610 4149 sequens

359 4148 482 4263 ἓξὲξ·
512 4190 721 4255 paroxysmus
749 4188 817 4233 non
849 4166 912 4231 nisi
941 4187 1029 4231 auno
1060 4166 1104 4231 ad
1130 4166 1217 4232 idem
1245 4176 1405 4253 punctum
1431 4176 1609 4237 revertente

359 4278 493 4340 proximus
511 4272 621 4337 denuo
636 4272 774 4337 accedet.

358 4356 482 4485 ἑξᾶζξζζ
562 4375 623 4461 [6.]
651 4375 760 4457 Atque
781 4370 843 4436 hoc
866 4392 900 4436 se
923 4370 1023 4437 habet
1046 4372 1142 4438 modo
1164 4373 1312 4458 Podagra
1335 4374 1492 4459 regularis
1514 4374 1609 4459 phae-

359 4486 489 4563 ‚tentqvel
512 4477 660 4543 nomenis
684 4474 833 4560 genuinis
854 4474 1055 4559 propriisque
1078 4498 1113 4541 se
1134 4476 1317 4542 osteudens.
1362 4478 1447 4542 Cum
1468 4500 1543 4543 vero
1561 4477 1610 4542 vel

356 4550 483 4663 ssljiffi
513 4578 554 4643 sb
569 4577 715 4643 indebita
731 4576 944 4641 medicatione
959 4578 1121 4657 turbatur,
1135 4578 1186 4643 vel
1199 4579 1242 4643 ob
1258 4580 1494 4645 diuturniorem
1507 4578 1610 4645 morbi

358 4678 500 4805 &23:222
512 4680 721 4767 pertinaciam
735 4682 874 4765 corporis
895 4681 1077 4747 substantia
1092 4682 1183 4765 qussi
1199 4682 1235 4747 in
1254 4684 1359 4749 morbi
1380 4684 1527 4750 fomitem
1540 4704 1608 4767 per·

357 4814 500 4923 &aaut
511 4784 656 4865 vertitm,
667 4804 772 4868 neque
785 4806 844 4870 par
855 4792 903 4851 est
914 4786 1045 4852 Natura
1057 4784 1163 4850 eidem
1173 4786 1327 4853 methodo
1341 4794 1496 4853 consueta
1508 4786 1608 4851 elimi-

400 4886 413 4919 e
