3825 5759
505 657 573 722 228
816 659 1011 724 ΤΗΟΜΑΕ
1035 657 1292 725 SYDENHAM

376 827 430 875 Τιιι
401 841 476 876 usas
506 815 665 882 exercitiis
681 825 827 883 uteretur
848 821 1031 900 moderatis,
1047 829 1080 884 et
1096 821 1258 885 frueretirr
1280 839 1359 883 aura
1371 813 1530 894 liberiore,
1545 817 1609 900 pti·

352 893 435 1004 ΛΕᾞ,
438 907 493 1007 εῗι
507 943 619 984 sanam
633 922 825 1037 pectoralem
840 924 1084 1006 refrigerantem
1101 923 1239 987 subinde
1255 922 1417 985 hauriens.
1464 921 1610 984 Sufficie-

353 1030 493 1108 ιιιιΤιῃι
506 1023 587 1086 bant
608 1023 762 1088 niniirum
783 1027 920 1109 paucula
941 1028 1020 1091 haee
1040 1035 1073 1090 et
1092 1027 1133 1090 ad
1152 1025 1280 1089 'lussim
1300 1023 1553 1108 perdomandam
1575 1031 1609 1088 et

351 1112 494 1236 ξζξῖἒηῗ,
507 1129 632 1208 febrim,
660 1131 783 1214 aliaque
809 1129 1034 1214 symptomata,
1058 1151 1140 1213 quae
1165 1129 1254 1192 illam
1279 1127 1425 1192 comitari
1451 1126 1608 1205 solebant,

352 1245 406 1294 tac
407 1241 493 1288 ureb·
467 1233 757 1314 ιι-ριιοιιιιιειιιιιε
781 1234 864 1298 sicut
887 1233 976 1298 enim
996 1232 1192 1296 abstinentia
1213 1253 1233 1294 a
1254 1229 1403 1294 carnibus
1425 1235 1459 1292 et
1478 1229 1609 1311 liquori-

352 1309 398 1351 Μ’
506 1336 569 1399 bus
584 1337 770 1452 spirituosis,
785 1343 857 1400 tum
876 1337 975 1400 etiam
996 1334 1257 1418 refrigerantium
1271 1355 1343 1413 usu,
1358 1332 1405 1396 ita
1424 1340 1610 1415 contempe-

507 1438 639 1504 rabatur
653 1439 783 1522 sanguis
794 1440 855 1501 ut'
846 1438 1048 1522 impressiom
1039 1436 1164 1501 febrili
1178 1436 1318 1520 ineptior
1332 1443 1415 1498 esset
1423 1461 1433 1513 3
1451 1435 1499 1497 ita
1509 1434 1608 1497 etiam

507 1541 649 1605 exercitii
669 1563 729 1624 ope
743 1541 864 1605 fervida
881 1541 937 1604 illa
952 1540 1119 1624 sanguinis
1141 1539 1275 1616 effluvio,
1291 1558 1382 1620 quae,
1400 1536 1524 1619 quoties
1538 1557 1609 1599 cor-

505 1648 592 1730 poris
603 1648 672 1730 pori
687 1670 708 1712 a
720 1648 889 1731 repentino
900 1648 1019 1730 frigore
1030 1645 1283 1723 occluderentur,
1294 1644 1382 1708 intro
1392 1652 1465 1707 acta
1478 1643 1608 1706 Tussirn

506 1749 700 1829 excitabant,
723 1751 774 1814 via
799 1749 860 1813 sibi
884 1749 1026 1813 naturali
1048 1770 1085 1812 ac
1111 1749 1251 1831 genuina
1276 1748 1469 1812 exhalabant
1493 1768 1606 1832 oppor-

505 1853 627 1931 tunius,
643 1861 675 1916 et
691 1875 765 1917 cum
778 1853 872 1917 bonis
888 1853 976 1936 aegri
989 1852 1086 1917 rebus
1101 1852 1315 1915 difflebantur.

380 1987 405 2018 ec
415 1987 466 2018 na.
552 1951 616 2042 [5.]
640 1955 767 2017 'l'ussim
783 1954 868 2037 quod
888 1954 1051 2037 spectabat
1066 1953 1250 2031 sedandam,
1265 1953 1355 2018 baud
1368 1953 1501 2018 vacabat
1522 1954 1606 2036 peri·

352 2037 398 2083 ⁰⁰¹
506 2057 578 2120 culo
593 2057 762 2120 narcoticis
778 2063 874 2140 atque
886 2057 1042 2140 anodynis
1056 2056 1145 2118 illam
1156 2055 1288 2138 aggredi
1296 2081 1305 2133 3
1328 2076 1389 2119 nec
1399 2055 1508 2118 minus
1522 2056 1606 2138 peri·

352 2185 368 2215 ιι
416 2159 738 2248 in·clitabat11r,si
764 2159 835 2244 quis
863 2159 1039 2242 liquoribus
1065 2158 1243 2242 spirituosis
1269 2159 1442 2242 calidisque
1467 2158 1606 2222 medica-

352 2249 424 2354 ‘zu’
438 2251 471 2282 η’
506 2261 625 2324 mentis
639 2261 725 2324 idem
736 2261 913 2339 moliretur,
925 2281 1010 2337 cum,
1021 2266 1158 2342 utroque
1172 2259 1269 2324 modo
1278 2261 1433 2325 inviscata
1443 2267 1540 2344 atque
1555 2261 1606 2324 in-

506 2364 622 2428 durata
635 2364 744 2428 Tussis
761 2363 906 2441 materia,
921 2362 1040 2426 halitus
1061 2361 1125 2439 isti,
1142 2362 1197 2445 qui
1212 2383 1232 2424 a
1251 2363 1407 2445 sauguine
1423 2361 1547 2446 placide
1569 2383 1607 2426 ac

506 2469 625 2532 sensim
639 2467 839 2532 discedentes
853 2464 1019 2529 tussiendo
1032 2465 1068 2526 in
1083 2485 1176 2527 auras
1190 2469 1425 2540 evanescerent,
1437 2463 1506 2546 jam
1517 2461 1608 2525 exitu

505 2579 633 2654 negato,
656 2571 691 2634 in
717 2571 838 2636 cruoris
867 2591 973 2634 massa
997 2569 1153 2653 praeclusi
1174 2568 1290 2633 febrim
1315 2567 1436 2631 ibidem
1465 2566 1604 2630 ciebant.

489 2675 614 2756 .Atque
628 2673 690 2736 hoc
712 2693 941 2755 saepenumero
960 2693 1026 2734 non
1045 2671 1155 2754 paucis
1170 2671 1298 2754 evulgo
1319 2668 1606 2734 inconsultioribus

506 2776 641 2859 pessime
660 2775 763 2854 cessit,
780 2777 844 2858 qui,
864 2796 938 2838 cum
961 2774 1077 2856 spiritu
1097 2773 1164 2836 vini
1182 2774 1324 2838 ustulato
1336 2772 1476 2856 ‘aliisque
1495 2771 1605 2836 calidis

503 2878 679 2961 liquoribus
691 2878 784 2941 'Ilissi
799 2877 921 2941 obicem
933 2897 1053 2960 ponere
1067 2875 1258 2954 niterentur,
1271 2877 1404 2939 affectus
1421 2875 1606 2958 pleuriticos

505 2990 537 3045 et
561 2981 858 3066 peripneumonicos
884 2979 1075 3058 invitabant,
1099 2985 1197 3063 atque
1224 2979 1340 3042 insana
1364 2979 1425 3042 hac
1449 2977 1606 3062 sapientia

504 3083 653 3146 morbum
668 3105 726 3147 sua
739 3091 857 3147 natura
869 3083 1065 3148 levissimum
1080 3091 1113 3148 et
1127 3083 1220 3162 facile
1240 3081 1416 3145 sanabilem
1430 3081 1467 3143 in
1479 3079 1605 3164 pericu·

351 3208 457 3255 necu-
504 3185 609 3248 losum
624 3207 661 3250 ac
679 3207 773 3269 saepe
791 3186 943 3249 lethalem
961 3185 1243 3250 transformabant.
1288 3185 1360 3248 Nec
1373 3183 1482 3246 minus
1501 3181 1605 3246 hallu·

350 3272 428 3384 ξιὲιξ,
386 3274 459 3320 ‘³²¹⁰‘
437 3289 482 3331 ²⁰⁸¹
506 3287 698 3350 sinebantur
715 3283 801 3369 (licet
819 3288 922 3370 magis
937 3309 1012 3351 cum
1026 3289 1151 3352 ratione
1169 3288 1310 3351 insanire
1324 3286 1531 3367 viderentur,)
1549 3285 1605 3368 qui

348 3415 365 3446 u
367 3336 472 3464 iliplla
458 3417 502 3450 ιιι
495 3391 682 3472 provocatis
712 3391 882 3454 sudoribus
910 3390 1016 3455 morbi
1044 3411 1172 3454 caruem
1198 3388 1411 3453 exterminare
1435 3385 1604 3463 volebant,

351 3471 397 3576 ξιξ,
400 3467 483 3606 gfff
507 3493 650 3575 quamvis
665 3493 752 3556 enim
774 3515 842 3557 non
857 3494 1060 3572 diffiteamur,
1076 3493 1208 3557 sudores
1231 3498 1346 3574 sponte
1359 3497 1603 3573 prorumpentes

352 3595 411 3642 Μ’]
380 3611 452 3651 ⁸⁸¹·111
505 3595 592 3658 haud
607 3616 678 3659 raro
693 3617 769 3678 prae
784 3597 917 3660 caeteris
932 3596 1177 3679 quibuscunque
1195 3593 1361 3709 praesidiis
1376 3613 1505 3656 causam
1519 3612 1604 3654 mor-

351 3669 467 3722 ψῃ
504 3698 631 3762 ιιιιιιιιιιι
654 3700 820 3782 expellere,
835 3699 937 3782 liquet
952 3707 1072 3778 tamen,
1087 3721 1157 3778 nos,
1174 3698 1278 3760 dum
1268 3719 1305 3760 m
1318 3696 1358 3759 iis
1378 3695 1603 3778 extorquendis

506 3825 626 3881 sumus,
656 3804 846 3887 sanguinem
883 3804 1066 3882 incendere,
1096 3811 1130 3867 et
1167 3823 1261 3885 quem
1298 3821 1422 3864 servare
1457 3800 1602 3864 volumus

505 3929 647 3990 aegrum,
661 3907 750 3970 letho
765 3907 841 3970 dare
855 3929 956 3990 posse.

553 4011 613 4094 [6.]
643 4011 845 4094 Quandoque
859 4031 943 4088 vero,
959 4031 1027 4074 non
1048 4016 1177 4073 tantum
1197 4007 1254 4071 ubi
1275 4008 1384 4071 minus
1403 4007 1467 4070 rite
1485 4009 1602 4069 tracta·

503 4123 593 4178 retur
608 4113 825 4197 morbusque
840 4113 960 4177 scilicet
976 4135 1072 4197 supra
1082 4112 1307 4195 descripsimus
1322 4111 1428 4184 modo,
1440 4109 1603 4174 sedetiam

503 4238 738 4301 nonnunquam
757 4239 816 4280 sua
837 4225 961 4302 sponte,
980 4217 1129 4300 (mamme
1151 4218 1186 4280 in
1201 4215 1436 4280 delicatioribus
1451 4235 1489 4278 ac
1502 4214 1604 4278 tenel-

503 4321 599 4404 lulis,)
618 4342 705 4385 nunc
724 4319 834 4384 statim
850 4319 889 4384 ab
913 4320 1016 4398 initio,
1032 4339 1120 4382 nunc
1134 4325 1206 4401 post
1221 4317 1307 4382 diem
1328 4336 1433 4378 unum
1448 4322 1504 4378 aut
1526 4315 1605 4378 alte·

504 4445 587 4501 rum,
603 4423 695 4486 'lbrssi
713 4423 956 4505 superveniebat
971 4423 1083 4486 caloris
1098 4443 1136 4485 ac
1155 4420 1281 4504 frigoris
1302 4416 1486 4482 vicissitudo
1509 4436 1605 4499 quae·

505 4526 589 4604 dam,
605 4527 726 4609 capitis,
745 4526 840 4604 dorsi,
856 4533 952 4609 atque
973 4533 1101 4589 artuum
1124 4524 1223 4602 dolor,
1239 4522 1280 4586 ad
1302 4521 1433 4584 sudores
1453 4539 1605 4583 nonnum

505 4647 601 4709 quam
623 4627 801 4709 propensio,
825 4635 923 4691 noctu
948 4627 1105 4705 maxime3
1132 4627 1225 4708 (quae
1247 4623 1356 4688 omnia
1376 4623 1497 4704 pariter
1518 4642 1605 4706 sym-

504 4735 648 4810 ptomata
659 4727 772 4790 febrim
784 4728 881 4812 hujus
893 4727 1142 4792 Constitutionis
1153 4727 1341 4809 plerumque
1352 4725 1571 4808 sequebantur
1579 4725 1605 4805 ι)

505 4827 619 4914 quibus
642 4849 734 4911 saepe
757 4828 994 4912 adjungebatur
1007 4830 1115 4892 lateris
1138 4829 1236 4908 dolor,
1253 4848 1486 4911 nonnunquam
1506 4827 1605 4889 etiam
