3825 5759
593 648 850 713 PROCESSUS
873 645 1079 713 INTEGRL
1323 650 1388 713 597

568 808 633 861 Vini
645 807 753 870 clareti,
765 824 818 861 ana
827 807 908 861 libras
919 806 1001 871 duas;
1417 822 1461 871 De,
1474 823 1528 871 Rp.

429 894 599 949 Macerentnr
607 895 635 947 in
654 894 707 947 olla
718 894 793 947 fictili
809 911 887 963 super
898 894 998 947 cineres
1015 892 1114 947 calidos
1131 893 1272 963 perbonas
1290 891 1389 947 duode-
1403 901 1543 969 Q

428 981 497 1044 cim,
520 978 615 1033 deinde
631 978 761 1033 ebulliant
777 978 812 1032 ad
828 978 995 1033 humiditatis
1007 980 1243 1048 consumptionem,
1256 988 1283 1033 et
1300 988 1390 1049 pones

428 1066 556 1129 coicntur,
568 1073 599 1119 ut
610 1065 658 1119 fiat
668 1065 855 1128 linimentum,
869 1082 922 1135 quo
935 1074 1025 1119 venter
1037 1074 1064 1119 et
1074 1064 1273 1135 hypoohondria
1284 1066 1390 1118 illinan-

428 1161 472 1205 tur
482 1170 562 1206 mane
577 1162 605 1205 et
615 1169 682 1217 sero,
694 1161 725 1205 ut
742 1152 822 1205 etiam
839 1161 867 1205 et
882 1160 954 1206 artus
965 1152 1015 1205 hoc
1026 1152 1098 1206 malo
1110 1152 1208 1217 affecti,
1221 1168 1267 1223 per
1279 1153 1389 1222 triginta

428 1238 470 1291 vel
481 1238 659 1309 quodraginta
670 1238 736 1303 dies,
747 1238 788 1291 vel
800 1238 883 1291 donec
895 1238 1065 1292 convaluerit.

290 1406 390 1468 [Forat
402 1409 479 1476 2³9]
515 1402 548 1486 R,
567 1406 738 1477 Singulorum
759 1405 966 1476 ingredientium
986 1408 1205 1477 praescriptorum
1226 1424 1279 1462 aua
1302 1408 1388 1461 mani·

429 1493 760 1649 Int'undnnturpfurliigi(ibuibi³
768 1533 914 1634 ’cerevisiae
932 1597 986 1633 non
1002 1580 1139 1651 lupulatae
1156 1582 1258 1653 congiis
1276 1589 1389 1651 quatuor

427 1682 474 1734 pro
485 1673 560 1735 potu.

332 1834 375 1897 In
396 1833 578 1898 tumoribus
599 1833 763 1898 infantum
779 1841 907 1899 ventres
936 1834 1167 1919 occupantibus
1189 1834 1230 1899 ab
1254 1854 1386 1898 evacua-

287 1934 431 1999 tionibus
452 1936 560 1999 nimiis
579 1936 837 2020 procedentibus,
853 1936 985 2020 sanguis
1003 1937 1171 2000 etviscera
1185 1936 1293 2000 herbis
1316 1957 1385 2000 cor·

288 2037 515 2103 roborantibus
536 2040 768 2119 confortentur,
783 2048 821 2103 ut
842 2039 878 2103 in
900 2039 1071 2105 Rachitide
1085 2038 1191 2118 Vera3
1214 2038 1278 2103 nisi
1300 2040 1385 2125 quod

289 2140 402 2206 arillae
415 2141 514 2206 etiam
527 2149 683 2227 utraeque
696 2142 909 2227 inungentur,
925 2149 959 2205 at
973 2164 1040 2207 non
1055 2148 1154 2206 artus.

716 2493 812 2557 CAP.
835 2492 962 2558 XLII.t

566 2677 617 2741 De
630 2678 778 2741 Febribns
792 2698 812 2740 o
826 2678 1010 2742 Dentitiooe
1024 2682 1110 2742 ortis.

337 2838 498 2902 Srrnrnus
510 2858 610 2903 cornu
625 2839 710 2903 cervi
724 2844 837 2921 guttae
852 2838 944 2917 duae,
956 2840 1006 2904 vel
1020 2846 1096 2919 tres,
1109 2838 1159 2904 vel
1170 2846 1317 2923 quatuor,
1329 2860 1388 2924 pro
1402 2870 1533 2921 eum„

292 2943 417 3006 ratione
434 2941 557 3021 aetatis,
572 2942 609 3005 in
630 2940 787 3005 cochleari
809 2962 875 3004 uno
896 2940 947 3004 vel
965 2940 1066 3004 altero
1088 2962 1189 3023 aquae
1208 2962 1388 3005 cerasorum

292 3046 469 3127 nigrorum,
484 3043 535 3107 vel
545 3043 661 3127 julapii
676 3042 808 3107 alterius
823 3042 1027 3126 appropriati,
1044 3042 1257 3107 exhibeantur
1275 3050 1391 3127 quarta

293 3167 419 3230 quaque
434 3146 511 3211 hora
528 3146 568 3211 ad
582 3146 666 3210 vices
681 3153 820 3230 quatuor
833 3146 883 3209 vel
898 3166 964 3209 sex.

705 3497 801 3565 CAP.
824 3500 975 3566 xmus

591 3686 641 3750 Dc
654 3689 751 3755 ihbrc
764 3690 895 3753 Hectica
908 3688 1091 3772 Infantiam.

340 3846 425 3913 Snus
447 3846 568 3932 insigni
590 3850 695 3914 calore
715 3850 884 3934 languent,
907 3869 982 3915 oum
1005 3848 1167 3936 appetitus
1191 3851 1371 3937 dejectione
1382 3874 1391 3932 ς

295 3959 385 4016 artus
400 3960 433 4016 et
447 3959 583 4017 truncus
597 3954 737 4037 corporis
752 3954 962 4018 emacientur.

338 4055 540 4120 Rhabarbari
554 4056 647 4121 incisi
661 4046 833 4120 drachmae
846 4057 929 4120 duae
942 4056 978 4119 in
992 4057 1142 4139 lagenam
1156 4055 1290 4121 vitream
1305 4078 1389 4121 oere-
1405 4088 1537 4135 cmm,

294 4155 392 4220 visiae
416 4158 524 4221 tenuis
552 4158 708 4223 librarum
738 4159 876 4223 duarum
905 4179 1055 4241 capacem
1084 4158 1305 4221 immittantur
1333 4179 1391 4241 pro

295 4266 376 4341 potu
390 4260 562 4323 ordinario.

339 4361 445 4443 Epoto
469 4361 531 4425 hoc
558 4361 692 4445 liquore,
719 4362 799 4426 aliae
827 4361 928 4426 hhrae
955 4360 1037 4426 duae
1067 4360 1170 4425 cidem
1196 4360 1392 4427 rhnbnrbaro

296 4462 611 4545 supereffundantur,
627 4463 669 4527 ad
682 4465 813 4528 tertiam
826 4466 939 4529 vicem.

341 4564 376 4627 Si
393 4585 467 4628 vero
487 4573 584 4648 potus
598 4566 630 4629 vi
643 4566 820 4630 cathartica
842 4566 1018 4631 saturstius
1040 4565 1292 4651 impraegnetur,
1308 4571 1391 4643 tum,

295 4666 379 4731 libra
391 4689 459 4731 una
472 4676 576 4751 epota,
593 4669 686 4733 alteri
701 4669 851 4734 cerevisia
865 4692 939 4734 mox
951 4668 1131 4753 adjiciatur.

361 4821 724 4885 incantamenta
957 4816 1326 4882 ”cr.Sebed.M0nu.1.tas.
