<?xml version="1.0" encoding="UTF-8"?>
<!DOCTYPE html PUBLIC "-//W3C//DTD XHTML 1.0 Transitional//EN"
    "http://www.w3.org/TR/xhtml1/DTD/xhtml1-transitional.dtd">
<html xmlns="http://www.w3.org/1999/xhtml" xml:lang="en" lang="en">
 <head>
  <title>
</title>
<meta http-equiv="Content-Type" content="text/html;charset=utf-8" />
  <meta name='ocr-system' content='tesseract 3.04.00' />
  <meta name='ocr-capabilities' content='ocr_page ocr_carea ocr_par ocr_line ocrx_word'/>
</head>
<body>
  <div class='ocr_page' id='page_1' title='image "./thomaesydenhamm00greegoog_0101.png"; bbox 0 0 3825 5759; ppageno 0'>
   <div class='ocr_carea' id='block_1_1' title="bbox 413 654 1359 724">
    <p class='ocr_par' dir='ltr' id='par_1_1' title="bbox 413 654 1359 724">
     <span class='ocr_line' id='line_1_1' title="bbox 413 654 1359 724; baseline -0.006 -1"><span class='ocrx_word' id='word_1_1' title='bbox 413 654 812 724; x_wconf 77' lang='lat' dir='ltr'><strong>OBSERVATIONUM</strong></span> <span class='ocrx_word' id='word_1_2' title='bbox 835 656 1123 722; x_wconf 85' lang='lat' dir='ltr'><strong>MEDICARUM</strong></span> <span class='ocrx_word' id='word_1_3' title='bbox 1145 666 1169 719; x_wconf 93' lang='lat' dir='ltr'><strong>I.</strong></span> <span class='ocrx_word' id='word_1_4' title='bbox 1187 671 1213 717; x_wconf 78' lang='grc'><strong>4.</strong></span> <span class='ocrx_word' id='word_1_5' title='bbox 1318 656 1359 718; x_wconf 83' lang='grc'><strong>65</strong></span> 
     </span>
    </p>
   </div>
   <div class='ocr_carea' id='block_1_2' title="bbox 305 819 1492 904">
    <p class='ocr_par' dir='ltr' id='par_1_2' title="bbox 305 819 1492 904">
     <span class='ocr_line' id='line_1_2' title="bbox 305 819 1492 904; baseline -0.002 -21"><span class='ocrx_word' id='word_1_6' title='bbox 305 819 391 904; x_wconf 91' lang='grc'><strong>[60.]</strong></span> <span class='ocrx_word' id='word_1_7' title='bbox 419 820 528 885; x_wconf 87' lang='lat' dir='ltr'><strong>Pauca</strong></span> <span class='ocrx_word' id='word_1_8' title='bbox 541 822 622 885; x_wconf 89' lang='lat' dir='ltr'><strong>haee</strong></span> <span class='ocrx_word' id='word_1_9' title='bbox 636 820 818 884; x_wconf 84' lang='lat' dir='ltr'><strong>universam</strong></span> <span class='ocrx_word' id='word_1_10' title='bbox 831 840 938 883; x_wconf 87' lang='lat' dir='ltr'><strong>meam</strong></span> <span class='ocrx_word' id='word_1_11' title='bbox 953 819 990 883; x_wconf 90' lang='lat' dir='ltr'><strong>iu</strong></span> <span class='ocrx_word' id='word_1_12' title='bbox 1009 820 1152 884; x_wconf 79' lang='lat' dir='ltr'><strong>mmando</strong></span> <span class='ocrx_word' id='word_1_13' title='bbox 1166 820 1228 883; x_wconf 93' lang='lat' dir='ltr'><strong>hoe</strong></span> <span class='ocrx_word' id='word_1_14' title='bbox 1242 819 1362 882; x_wconf 87' lang='lat' dir='ltr'><strong>affectu</strong></span> <span class='ocrx_word' id='word_1_15' title='bbox 1393 834 1492 882; x_wconf 72' lang='lat' dir='ltr'><strong>sesso</strong></span> 
     </span>
    </p>
   </div>
   <div class='ocr_carea' id='block_1_3' title="bbox 260 899 1513 1009">
    <p class='ocr_par' dir='ltr' id='par_1_3' title="bbox 260 899 1513 1009">
     <span class='ocr_line' id='line_1_3' title="bbox 260 899 1513 1009; baseline 0.001 -24"><span class='ocrx_word' id='word_1_16' title='bbox 260 923 451 987; x_wconf 86' lang='lat' dir='ltr'><strong>methodum</strong></span> <span class='ocrx_word' id='word_1_17' title='bbox 465 923 680 1000; x_wconf 83' lang='lat' dir='ltr'><strong>exhauriunt3</strong></span> <span class='ocrx_word' id='word_1_18' title='bbox 703 944 800 1005; x_wconf 89' lang='lat' dir='ltr'><strong>quam</strong></span> <span class='ocrx_word' id='word_1_19' title='bbox 815 944 835 985; x_wconf 92' lang='lat' dir='ltr'><strong>a</strong></span> <span class='ocrx_word' id='word_1_20' title='bbox 848 923 979 985; x_wconf 88' lang='lat' dir='ltr'><strong>nemine</strong></span> <span class='ocrx_word' id='word_1_21' title='bbox 990 923 1138 985; x_wconf 78' lang='lat' dir='ltr'><strong>eonstdto</strong></span> <span class='ocrx_word' id='word_1_22' title='bbox 1153 921 1194 985; x_wconf 95' lang='lat' dir='ltr'><strong>ob</strong></span> <span class='ocrx_word' id='word_1_23' title='bbox 1210 920 1361 1003; x_wconf 89' lang='lat' dir='ltr'><strong>simplici·</strong></span> <span class='ocrx_word' id='word_1_24' title='bbox 1374 899 1513 1009; x_wconf 47' lang='lat' dir='ltr'><strong>Affiffi„</strong></span> 
     </span>
    </p>
   </div>
   <div class='ocr_carea' id='block_1_4' title="bbox 155 1022 1496 2031">
    <p class='ocr_par' dir='ltr' id='par_1_4' title="bbox 155 1022 1496 1213">
     <span class='ocr_line' id='line_1_4' title="bbox 259 1022 1496 1109; baseline -0.006 -20"><span class='ocrx_word' id='word_1_25' title='bbox 259 1033 360 1089; x_wconf 89' lang='lat' dir='ltr'><strong>tatem</strong></span> <span class='ocrx_word' id='word_1_26' title='bbox 376 1046 478 1103; x_wconf 91' lang='lat' dir='ltr'><strong>suam,</strong></span> <span class='ocrx_word' id='word_1_27' title='bbox 489 1033 522 1088; x_wconf 90' lang='lat' dir='ltr'><strong>et</strong></span> <span class='ocrx_word' id='word_1_28' title='bbox 537 1024 761 1109; x_wconf 83' lang='lat' dir='ltr'>splendidioris</span> <span class='ocrx_word' id='word_1_29' title='bbox 777 1024 841 1087; x_wconf 89' lang='lat' dir='ltr'><strong>sive</strong></span> <span class='ocrx_word' id='word_1_30' title='bbox 853 1023 1024 1087; x_wconf 91' lang='lat' dir='ltr'><strong>verborum</strong></span> <span class='ocrx_word' id='word_1_31' title='bbox 1039 1022 1104 1087; x_wconf 83' lang='lat' dir='ltr'><strong>sive</strong></span> <span class='ocrx_word' id='word_1_32' title='bbox 1114 1025 1361 1109; x_wconf 76' lang='lat' dir='ltr'><strong>pharmacorum</strong></span> <span class='ocrx_word' id='word_1_33' title='bbox 1392 1028 1496 1075; x_wconf 72' lang='lat' dir='ltr'><strong>&#39;til-&#39;64¹</strong></span> 
     </span>
     <span class='ocr_line' id='line_1_5' title="bbox 155 1112 1051 1213; baseline -0.004 -21"><span class='ocrx_word' id='word_1_34' title='bbox 155 1112 156 1177; x_wconf 63' lang='grc' dir='ltr'>ἶ</span> <span class='ocrx_word' id='word_1_35' title='bbox 259 1134 433 1213; x_wconf 84' lang='lat' dir='ltr'><strong>apparatus</strong></span> <span class='ocrx_word' id='word_1_36' title='bbox 447 1128 619 1206; x_wconf 85' lang='lat' dir='ltr'><strong>defectum,</strong></span> <span class='ocrx_word' id='word_1_37' title='bbox 636 1134 844 1210; x_wconf 86' lang='lat' dir='ltr'><strong>aspernatum</strong></span> <span class='ocrx_word' id='word_1_38' title='bbox 858 1126 898 1188; x_wconf 89' lang='lat' dir='ltr'><strong>iri</strong></span> <span class='ocrx_word' id='word_1_39' title='bbox 914 1125 1051 1189; x_wconf 86' lang='lat' dir='ltr'><strong>confido.</strong></span> 
     </span>
    </p>

    <p class='ocr_par' dir='ltr' id='par_1_5' title="bbox 258 1228 1363 1807">
     <span class='ocr_line' id='line_1_6' title="bbox 303 1228 1363 1315; baseline -0.002 -22"><span class='ocrx_word' id='word_1_40' title='bbox 303 1232 362 1315; x_wconf 90' lang='grc'><strong>[61</strong></span> <span class='ocrx_word' id='word_1_41' title='bbox 368 1232 391 1315; x_wconf 93' lang='grc'><strong>.]</strong></span> <span class='ocrx_word' id='word_1_42' title='bbox 412 1233 521 1314; x_wconf 85' lang='lat' dir='ltr'><strong>Atque</strong></span> <span class='ocrx_word' id='word_1_43' title='bbox 534 1232 614 1295; x_wconf 88' lang='lat' dir='ltr'><strong>haee</strong></span> <span class='ocrx_word' id='word_1_44' title='bbox 630 1238 707 1293; x_wconf 91' lang='lat' dir='ltr'><strong>sunt</strong></span> <span class='ocrx_word' id='word_1_45' title='bbox 722 1230 777 1293; x_wconf 87' lang='lat' dir='ltr'><strong>illa</strong></span> <span class='ocrx_word' id='word_1_46' title='bbox 788 1236 1007 1313; x_wconf 80' lang='lat' dir='ltr'><strong>symptomata</strong></span> <span class='ocrx_word' id='word_1_47' title='bbox 1017 1249 1099 1310; x_wconf 88' lang='lat' dir='ltr'><strong>quae</strong></span> <span class='ocrx_word' id='word_1_48' title='bbox 1112 1230 1149 1292; x_wconf 91' lang='lat' dir='ltr'><strong>in</strong></span> <span class='ocrx_word' id='word_1_49' title='bbox 1163 1228 1267 1292; x_wconf 84' lang='lat' dir='ltr'><strong>Febre</strong></span> <span class='ocrx_word' id='word_1_50' title='bbox 1281 1228 1363 1291; x_wconf 72' lang='lat' dir='ltr'><strong>haeb</strong></span> 
     </span>
     <span class='ocr_line' id='line_1_7' title="bbox 258 1330 1362 1413; baseline -0.005 -15"><span class='ocrx_word' id='word_1_51' title='bbox 258 1353 428 1397; x_wconf 76' lang='lat' dir='ltr'><strong>occsurere</strong></span> <span class='ocrx_word' id='word_1_52' title='bbox 456 1335 570 1397; x_wconf 81' lang='lat' dir='ltr'><strong>solent.</strong></span> <span class='ocrx_word' id='word_1_53' title='bbox 619 1332 705 1395; x_wconf 86' lang='lat' dir='ltr'><strong>Sunt</strong></span> <span class='ocrx_word' id='word_1_54' title='bbox 741 1338 851 1395; x_wconf 87' lang='lat' dir='ltr'><strong>autem</strong></span> <span class='ocrx_word' id='word_1_55' title='bbox 888 1340 921 1395; x_wconf 88' lang='lat' dir='ltr'><strong>et</strong></span> <span class='ocrx_word' id='word_1_56' title='bbox 951 1331 1015 1395; x_wconf 88' lang='lat' dir='ltr'><strong>alia</strong></span> <span class='ocrx_word' id='word_1_57' title='bbox 1044 1332 1214 1413; x_wconf 85' lang='lat' dir='ltr'><strong>quaedam,</strong></span> <span class='ocrx_word' id='word_1_58' title='bbox 1244 1330 1362 1413; x_wconf 90' lang='lat' dir='ltr'><strong>quibus</strong></span> 
     </span>
     <span class='ocr_line' id='line_1_8' title="bbox 258 1432 1363 1517; baseline 0 -20"><span class='ocrx_word' id='word_1_59' title='bbox 258 1434 476 1499; x_wconf 77' lang='lat' dir='ltr'><strong>memorandis</strong></span> <span class='ocrx_word' id='word_1_60' title='bbox 499 1456 588 1499; x_wconf 90' lang='lat' dir='ltr'><strong>nunc</strong></span> <span class='ocrx_word' id='word_1_61' title='bbox 603 1433 881 1517; x_wconf 75' lang='lat' dir='ltr'><strong>supersedebimus</strong></span> <span class='ocrx_word' id='word_1_62' title='bbox 890 1459 900 1511; x_wconf 76' lang='lat'><em>3</em></span> <span class='ocrx_word' id='word_1_63' title='bbox 922 1433 1044 1517; x_wconf 89' lang='lat' dir='ltr'><strong>partim</strong></span> <span class='ocrx_word' id='word_1_64' title='bbox 1059 1434 1190 1515; x_wconf 90' lang='lat' dir='ltr'><strong>quidem</strong></span> <span class='ocrx_word' id='word_1_65' title='bbox 1209 1432 1363 1515; x_wconf 85' lang='lat' dir='ltr'><strong>quoniam</strong></span> 
     </span>
     <span class='ocr_line' id='line_1_9' title="bbox 259 1534 1363 1619; baseline -0.003 -19"><span class='ocrx_word' id='word_1_66' title='bbox 259 1556 296 1600; x_wconf 84' lang='lat' dir='ltr'><strong>ea</strong></span> <span class='ocrx_word' id='word_1_67' title='bbox 330 1537 465 1601; x_wconf 90' lang='lat' dir='ltr'><strong>minoris</strong></span> <span class='ocrx_word' id='word_1_68' title='bbox 493 1536 653 1602; x_wconf 90' lang='lat' dir='ltr'><strong>momenti</strong></span> <span class='ocrx_word' id='word_1_69' title='bbox 682 1544 768 1614; x_wconf 87' lang='lat' dir='ltr'><strong>sunt,</strong></span> <span class='ocrx_word' id='word_1_70' title='bbox 798 1536 916 1619; x_wconf 89' lang='lat' dir='ltr'><strong>partim</strong></span> <span class='ocrx_word' id='word_1_71' title='bbox 946 1555 1023 1599; x_wconf 87' lang='lat' dir='ltr'><strong>vero</strong></span> <span class='ocrx_word' id='word_1_72' title='bbox 1052 1536 1139 1616; x_wconf 91' lang='lat' dir='ltr'><strong>quod</strong></span> <span class='ocrx_word' id='word_1_73' title='bbox 1168 1534 1363 1617; x_wconf 83' lang='lat' dir='ltr'><strong>peculiarem</strong></span> 
     </span>
     <span class='ocr_line' id='line_1_10' title="bbox 258 1636 1362 1723; baseline -0.004 -20"><span class='ocrx_word' id='word_1_74' title='bbox 258 1641 386 1705; x_wconf 85' lang='lat' dir='ltr'><strong>nullam</strong></span> <span class='ocrx_word' id='word_1_75' title='bbox 400 1640 599 1705; x_wconf 89' lang='lat' dir='ltr'><strong>curationem</strong></span> <span class='ocrx_word' id='word_1_76' title='bbox 614 1640 788 1723; x_wconf 87' lang='lat' dir='ltr'><strong>postulent,</strong></span> <span class='ocrx_word' id='word_1_77' title='bbox 800 1638 901 1703; x_wconf 87' lang='lat' dir='ltr'><strong>Febre</strong></span> <span class='ocrx_word' id='word_1_78' title='bbox 915 1639 1004 1703; x_wconf 91' lang='lat' dir='ltr'><strong>enim</strong></span> <span class='ocrx_word' id='word_1_79' title='bbox 1017 1636 1080 1701; x_wconf 87' lang='lat' dir='ltr'><strong>rite</strong></span> <span class='ocrx_word' id='word_1_80' title='bbox 1094 1645 1234 1701; x_wconf 84' lang='lat' dir='ltr'><strong>tractata</strong></span> <span class='ocrx_word' id='word_1_81' title='bbox 1248 1644 1362 1718; x_wconf 88' lang='lat' dir='ltr'><strong>sponte</strong></span> 
     </span>
     <span class='ocr_line' id='line_1_11' title="bbox 259 1750 469 1807; baseline 0 -2"><span class='ocrx_word' id='word_1_82' title='bbox 259 1764 318 1807; x_wconf 88' lang='lat' dir='ltr'><strong>sua</strong></span> <span class='ocrx_word' id='word_1_83' title='bbox 333 1750 469 1805; x_wconf 86' lang='lat' dir='ltr'><strong>cessant.</strong></span> 
     </span>
    </p>

    <p class='ocr_par' dir='ltr' id='par_1_6' title="bbox 258 1839 1362 2031">
     <span class='ocr_line' id='line_1_12' title="bbox 301 1839 1362 1929; baseline -0.006 -21"><span class='ocrx_word' id='word_1_84' title='bbox 301 1846 354 1908; x_wconf 92' lang='lat' dir='ltr'><strong>De</strong></span> <span class='ocrx_word' id='word_1_85' title='bbox 366 1844 468 1908; x_wconf 84' lang='lat' dir='ltr'><strong>Febre</strong></span> <span class='ocrx_word' id='word_1_86' title='bbox 483 1842 650 1909; x_wconf 84' lang='lat' dir='ltr'><strong>Continuo</strong></span> <span class='ocrx_word' id='word_1_87' title='bbox 663 1842 760 1929; x_wconf 86' lang='lat' dir='ltr'><strong>hujus</strong></span> <span class='ocrx_word' id='word_1_88' title='bbox 775 1842 1017 1909; x_wconf 84' lang='lat' dir='ltr'><strong>constitutionis</strong></span> <span class='ocrx_word' id='word_1_89' title='bbox 1032 1862 1069 1905; x_wconf 87' lang='lat' dir='ltr'><strong>ac</strong></span> <span class='ocrx_word' id='word_1_90' title='bbox 1084 1841 1124 1905; x_wconf 89' lang='lat' dir='ltr'><strong>de</strong></span> <span class='ocrx_word' id='word_1_91' title='bbox 1139 1839 1362 1926; x_wconf 86' lang='lat' dir='ltr'><strong>symptomati-</strong></span> 
     </span>
     <span class='ocr_line' id='line_1_13' title="bbox 258 1946 605 2031; baseline -0.006 -20"><span class='ocrx_word' id='word_1_92' title='bbox 258 1947 320 2011; x_wconf 88' lang='lat' dir='ltr'><strong>bus</strong></span> <span class='ocrx_word' id='word_1_93' title='bbox 334 1948 405 2031; x_wconf 85' lang='lat' dir='ltr'><strong>ejus</strong></span> <span class='ocrx_word' id='word_1_94' title='bbox 420 1946 605 2011; x_wconf 76' lang='lat' dir='ltr'><strong>haetenus⁰.</strong></span> 
     </span>
    </p>
   </div>
   <div class='ocr_carea' id='block_1_5' title="bbox 291 2062 1361 2194">
    <p class='ocr_par' dir='ltr' id='par_1_7' title="bbox 291 2062 1361 2194">
     <span class='ocr_line' id='line_1_14' title="bbox 292 2062 1361 2130; baseline -0.003 -15"><span class='ocrx_word' id='word_1_95' title='bbox 292 2066 303 2097; x_wconf 63' lang='lat'><strong><em>⁸</em></strong></span> <span class='ocrx_word' id='word_1_96' title='bbox 318 2068 394 2115; x_wconf 78' lang='lat' dir='ltr'><strong>Fedre</strong></span> <span class='ocrx_word' id='word_1_97' title='bbox 404 2066 460 2130; x_wconf 80' lang='lat' dir='ltr'><strong>bec]</strong></span> <span class='ocrx_word' id='word_1_98' title='bbox 472 2068 586 2115; x_wconf 65' lang='lat' dir='ltr'><strong>Fennis:</strong></span> <span class='ocrx_word' id='word_1_99' title='bbox 596 2064 650 2113; x_wconf 82' lang='lat' dir='ltr'><strong>edd</strong></span> <span class='ocrx_word' id='word_1_100' title='bbox 663 2067 711 2124; x_wconf 79' lang='lat'><strong>&#39;66,</strong></span> <span class='ocrx_word' id='word_1_101' title='bbox 724 2068 771 2116; x_wconf 79' lang='lat'><strong>¹⁶⁸.</strong></span> <span class='ocrx_word' id='word_1_102' title='bbox 833 2067 977 2127; x_wconf 46' lang='lat' dir='ltr'><strong>(wasloio</strong></span> <span class='ocrx_word' id='word_1_103' title='bbox 987 2066 1025 2112; x_wconf 84' lang='lat' dir='ltr'><strong>ed.</strong></span> <span class='ocrx_word' id='word_1_104' title='bbox 1032 2065 1094 2125; x_wconf 82' lang='lat'><strong>&#39;68‚)</strong></span> <span class='ocrx_word' id='word_1_105' title='bbox 1105 2069 1180 2128; x_wconf 74' lang='lat' dir='ltr'><strong>igitar</strong></span> <span class='ocrx_word' id='word_1_106' title='bbox 1188 2068 1298 2113; x_wconf 67' lang='lat' dir='ltr'><strong>baem</strong></span> <span class='ocrx_word' id='word_1_107' title='bbox 1308 2062 1361 2112; x_wconf 82' lang='lat' dir='ltr'><strong>edd.</strong></span> 
     </span>
     <span class='ocr_line' id='line_1_15' title="bbox 291 2130 944 2194; baseline -0.003 -13"><span class='ocrx_word' id='word_1_108' title='bbox 291 2138 301 2162; x_wconf 76' lang='lat'>‘</span> <span class='ocrx_word' id='word_1_109' title='bbox 319 2134 509 2181; x_wconf 74' lang='lat' dir='ltr'><strong>DeFeireCont·</strong></span> <span class='ocrx_word' id='word_1_110' title='bbox 520 2130 573 2194; x_wconf 54' lang='lat' dir='ltr'><strong>dc]</strong></span> <span class='ocrx_word' id='word_1_111' title='bbox 584 2132 790 2194; x_wconf 74' lang='lat' dir='ltr'><strong>DeSysrptossatis</strong></span> <span class='ocrx_word' id='word_1_112' title='bbox 834 2132 883 2190; x_wconf 83' lang='lat'><strong>¹66,</strong></span> <span class='ocrx_word' id='word_1_113' title='bbox 897 2133 944 2179; x_wconf 69' lang='lat'><strong>³68.</strong></span> 
     </span>
    </p>
   </div>
   <div class='ocr_carea' id='block_1_6' title="bbox 417 2321 1212 2396">
    <p class='ocr_par' dir='ltr' id='par_1_8' title="bbox 417 2321 1212 2396">
     <span class='ocr_line' id='line_1_16' title="bbox 417 2321 1212 2396; baseline 0.001 -20"><span class='ocrx_word' id='word_1_114' title='bbox 417 2322 491 2383; x_wconf 72' lang='lat' dir='ltr'><strong>Quae</strong></span> <span class='ocrx_word' id='word_1_115' title='bbox 502 2332 646 2392; x_wconf 73' lang='lat' dir='ltr'><strong>sequautur</strong></span> <span class='ocrx_word' id='word_1_116' title='bbox 657 2340 687 2375; x_wconf 81' lang='lat' dir='ltr'><strong>ee</strong></span> <span class='ocrx_word' id='word_1_117' title='bbox 698 2331 759 2375; x_wconf 77' lang='lat' dir='ltr'><strong>esest</strong></span> <span class='ocrx_word' id='word_1_118' title='bbox 771 2322 802 2373; x_wconf 81' lang='lat' dir='ltr'><strong>de</strong></span> <span class='ocrx_word' id='word_1_119' title='bbox 813 2321 908 2391; x_wconf 74' lang='lat' dir='ltr'><strong>quitus</strong></span> <span class='ocrx_word' id='word_1_120' title='bbox 920 2324 981 2378; x_wconf 77' lang='lat' dir='ltr'><strong>dixi</strong></span> <span class='ocrx_word' id='word_1_121' title='bbox 993 2344 1050 2396; x_wconf 80' lang='lat' dir='ltr'><strong>sup.</strong></span> <span class='ocrx_word' id='word_1_122' title='bbox 1059 2343 1086 2392; x_wconf 85' lang='lat' dir='ltr'><strong>p.</strong></span> <span class='ocrx_word' id='word_1_123' title='bbox 1100 2330 1141 2379; x_wconf 78' lang='lat'><strong>56.</strong></span> <span class='ocrx_word' id='word_1_124' title='bbox 1154 2346 1181 2379; x_wconf 81' lang='lat' dir='ltr'><strong>n.</strong></span> <span class='ocrx_word' id='word_1_125' title='bbox 1190 2345 1212 2377; x_wconf 87' lang='lat' dir='ltr'><strong>e.</strong></span> 
     </span>
    </p>
   </div>
   <div class='ocr_carea' id='block_1_7' title="bbox 261 2414 1512 3568">
    <p class='ocr_par' dir='ltr' id='par_1_9' title="bbox 261 2414 1512 3568">
     <span class='ocr_line' id='line_1_17' title="bbox 299 2414 1362 2481; baseline 0.001 -13"><span class='ocrx_word' id='word_1_126' title='bbox 299 2418 398 2469; x_wconf 80' lang='lat' dir='ltr'><strong>“Quae</strong></span> <span class='ocrx_word' id='word_1_127' title='bbox 414 2414 552 2466; x_wconf 79' lang='lat' dir='ltr'><strong>hactenus‘¹</strong></span> <span class='ocrx_word' id='word_1_128' title='bbox 570 2418 685 2481; x_wconf 86' lang='lat' dir='ltr'><strong>proposui</strong></span> <span class='ocrx_word' id='word_1_129' title='bbox 701 2417 793 2464; x_wconf 81' lang='lat' dir='ltr'><strong>monita</strong></span> <span class='ocrx_word' id='word_1_130' title='bbox 831 2416 957 2467; x_wconf 84' lang='lat' dir='ltr'><strong>doetomm</strong></span> <span class='ocrx_word' id='word_1_131' title='bbox 979 2428 1081 2468; x_wconf 84' lang='lat' dir='ltr'><strong>conatus</strong></span> <span class='ocrx_word' id='word_1_132' title='bbox 1102 2429 1153 2470; x_wconf 87' lang='lat' dir='ltr'><strong>tam</strong></span> <span class='ocrx_word' id='word_1_133' title='bbox 1177 2422 1242 2469; x_wconf 90' lang='lat' dir='ltr'><strong>male</strong></span> <span class='ocrx_word' id='word_1_134' title='bbox 1267 2421 1362 2478; x_wconf 79' lang='lat' dir='ltr'><strong>cedam,</strong></span> 
     </span>
     <span class='ocr_line' id='line_1_18' title="bbox 262 2481 1361 2547; baseline 0.003 -18"><span class='ocrx_word' id='word_1_135' title='bbox 262 2483 427 2547; x_wconf 70' lang='lat' dir='ltr'><strong>therapeutica</strong></span> <span class='ocrx_word' id='word_1_136' title='bbox 447 2482 483 2530; x_wconf 91' lang='lat' dir='ltr'><strong>illi</strong></span> <span class='ocrx_word' id='word_1_137' title='bbox 502 2482 619 2529; x_wconf 81' lang='lat' dir='ltr'><strong>Febrium</strong></span> <span class='ocrx_word' id='word_1_138' title='bbox 639 2482 727 2544; x_wconf 84' lang='lat' dir='ltr'><strong>speciei</strong></span> <span class='ocrx_word' id='word_1_139' title='bbox 749 2496 792 2545; x_wconf 90' lang='lat' dir='ltr'><strong>pe-</strong></span> <span class='ocrx_word' id='word_1_140' title='bbox 831 2481 894 2529; x_wconf 86' lang='lat' dir='ltr'><strong>hanc</strong></span> <span class='ocrx_word' id='word_1_141' title='bbox 927 2486 1118 2534; x_wconf 77' lang='lat' dir='ltr'><strong>enumerandam</strong></span> <span class='ocrx_word' id='word_1_142' title='bbox 1152 2485 1361 2541; x_wconf 67' lang='lat' dir='ltr'><strong>existimaverim</strong></span> 
     </span>
     <span class='ocr_line' id='line_1_19' title="bbox 262 2546 1363 2611; baseline 0.002 -16"><span class='ocrx_word' id='word_1_143' title='bbox 262 2548 386 2595; x_wconf 85' lang='lat' dir='ltr'><strong>euliariter</strong></span> <span class='ocrx_word' id='word_1_144' title='bbox 411 2547 566 2602; x_wconf 76' lang='lat' dir='ltr'><strong>conveniunt,</strong></span> <span class='ocrx_word' id='word_1_145' title='bbox 592 2558 655 2608; x_wconf 85' lang='lat' dir='ltr'><strong>quae</strong></span> <span class='ocrx_word' id='word_1_146' title='bbox 682 2546 792 2592; x_wconf 87' lang='lat' dir='ltr'><strong>omnium</strong></span> <span class='ocrx_word' id='word_1_147' title='bbox 831 2547 896 2607; x_wconf 88' lang='lat' dir='ltr'><strong>quod</strong></span> <span class='ocrx_word' id='word_1_148' title='bbox 913 2549 1015 2611; x_wconf 87' lang='lat' dir='ltr'><strong>practici</strong></span> <span class='ocrx_word' id='word_1_149' title='bbox 1031 2551 1208 2598; x_wconf 81' lang='lat' dir='ltr'><strong>observationes</strong></span> <span class='ocrx_word' id='word_1_150' title='bbox 1224 2565 1363 2611; x_wconf 88' lang='lat' dir='ltr'><strong>suas,quas</strong></span> 
     </span>
     <span class='ocr_line' id='line_1_20' title="bbox 261 2609 1363 2677; baseline 0.002 -20"><span class='ocrx_word' id='word_1_151' title='bbox 261 2613 368 2659; x_wconf 85' lang='lat' dir='ltr'><strong>maxime</strong></span> <span class='ocrx_word' id='word_1_152' title='bbox 390 2610 545 2658; x_wconf 72' lang='lat' dir='ltr'><strong>familiariter</strong></span> <span class='ocrx_word' id='word_1_153' title='bbox 562 2624 591 2657; x_wconf 89' lang='lat' dir='ltr'><strong>ac</strong></span> <span class='ocrx_word' id='word_1_154' title='bbox 612 2609 792 2673; x_wconf 80' lang='lat' dir='ltr'><strong>generalissime</strong></span> <span class='ocrx_word' id='word_1_155' title='bbox 831 2618 861 2656; x_wconf 83' lang='lat' dir='ltr'><strong>ex</strong></span> <span class='ocrx_word' id='word_1_156' title='bbox 872 2610 952 2659; x_wconf 85' lang='lat' dir='ltr'><strong>iaeliei</strong></span> <span class='ocrx_word' id='word_1_157' title='bbox 967 2613 1040 2660; x_wconf 89' lang='lat' dir='ltr'><strong>unius</strong></span> <span class='ocrx_word' id='word_1_158' title='bbox 1056 2614 1196 2677; x_wconf 86' lang='lat' dir='ltr'><strong>pluriumve</strong></span> <span class='ocrx_word' id='word_1_159' title='bbox 1210 2614 1326 2661; x_wconf 81' lang='lat' dir='ltr'><strong>Febrium</strong></span> <span class='ocrx_word' id='word_1_160' title='bbox 1336 2615 1363 2660; x_wconf 89' lang='lat' dir='ltr'><strong>in</strong></span> 
     </span>
     <span class='ocr_line' id='line_1_21' title="bbox 263 2673 1363 2741; baseline 0 -18"><span class='ocrx_word' id='word_1_161' title='bbox 263 2676 380 2729; x_wconf 62' lang='lat' dir='ltr'><strong>securum</strong></span> <span class='ocrx_word' id='word_1_162' title='bbox 397 2682 577 2737; x_wconf 87' lang='lat' dir='ltr'><strong>praeterquam</strong></span> <span class='ocrx_word' id='word_1_163' title='bbox 591 2682 615 2721; x_wconf 86' lang='lat' dir='ltr'><strong>et</strong></span> <span class='ocrx_word' id='word_1_164' title='bbox 628 2674 688 2721; x_wconf 86' lang='lat' dir='ltr'><strong>alias</strong></span> <span class='ocrx_word' id='word_1_165' title='bbox 700 2674 793 2735; x_wconf 85' lang='lat' dir='ltr'><strong>speeies</strong></span> <span class='ocrx_word' id='word_1_166' title='bbox 830 2673 876 2721; x_wconf 86' lang='lat' dir='ltr'><strong>hae</strong></span> <span class='ocrx_word' id='word_1_167' title='bbox 890 2676 930 2721; x_wconf 84' lang='lat' dir='ltr'><strong>vel</strong></span> <span class='ocrx_word' id='word_1_168' title='bbox 947 2676 991 2723; x_wconf 88' lang='lat' dir='ltr'><strong>illa</strong></span> <span class='ocrx_word' id='word_1_169' title='bbox 1007 2678 1064 2724; x_wconf 89' lang='lat' dir='ltr'><strong>anni</strong></span> <span class='ocrx_word' id='word_1_170' title='bbox 1079 2685 1224 2741; x_wconf 70' lang='lat' dir='ltr'><strong>tempestate</strong></span> <span class='ocrx_word' id='word_1_171' title='bbox 1240 2677 1363 2724; x_wconf 77' lang='lat' dir='ltr'><strong>curatione</strong></span> 
     </span>
     <span class='ocr_line' id='line_1_22' title="bbox 264 2736 1363 2800; baseline 0.001 -15"><span class='ocrx_word' id='word_1_172' title='bbox 264 2739 402 2787; x_wconf 85' lang='lat' dir='ltr'><strong>discrimine</strong></span> <span class='ocrx_word' id='word_1_173' title='bbox 414 2752 463 2785; x_wconf 91' lang='lat' dir='ltr'><strong>non</strong></span> <span class='ocrx_word' id='word_1_174' title='bbox 475 2752 524 2786; x_wconf 89' lang='lat' dir='ltr'><strong>uno</strong></span> <span class='ocrx_word' id='word_1_175' title='bbox 539 2753 554 2784; x_wconf 87' lang='lat' dir='ltr'><strong>a</strong></span> <span class='ocrx_word' id='word_1_176' title='bbox 569 2752 594 2785; x_wconf 86' lang='lat' dir='ltr'><strong>se</strong></span> <span class='ocrx_word' id='word_1_177' title='bbox 611 2738 716 2785; x_wconf 80' lang='lat' dir='ltr'><strong>invicem</strong></span> <span class='ocrx_word' id='word_1_178' title='bbox 728 2736 791 2784; x_wconf 82' lang='lat' dir='ltr'><strong>vari·</strong></span> <span class='ocrx_word' id='word_1_179' title='bbox 830 2738 995 2797; x_wconf 83' lang='lat' dir='ltr'><strong>instimerunt,</strong></span> <span class='ocrx_word' id='word_1_180' title='bbox 1005 2740 1119 2788; x_wconf 82' lang='lat' dir='ltr'><strong>FebrIum</strong></span> <span class='ocrx_word' id='word_1_181' title='bbox 1127 2740 1363 2800; x_wconf 83' lang='lat' dir='ltr'><strong>omniuminquavis</strong></span> 
     </span>
     <span class='ocr_line' id='line_1_23' title="bbox 264 2801 1363 2866; baseline -0.001 -17"><span class='ocrx_word' id='word_1_182' title='bbox 264 2812 330 2851; x_wconf 88' lang='lat' dir='ltr'><strong>antes</strong></span> <span class='ocrx_word' id='word_1_183' title='bbox 348 2804 462 2850; x_wconf 88' lang='lat' dir='ltr'><strong>anomala</strong></span> <span class='ocrx_word' id='word_1_184' title='bbox 479 2801 654 2849; x_wconf 88' lang='lat' dir='ltr'><strong>nonnullorum</strong></span> <span class='ocrx_word' id='word_1_185' title='bbox 673 2814 791 2849; x_wconf 87' lang='lat' dir='ltr'><strong>annorum</strong></span> <span class='ocrx_word' id='word_1_186' title='bbox 830 2808 974 2865; x_wconf 80' lang='lat' dir='ltr'><strong>tempestate</strong></span> <span class='ocrx_word' id='word_1_187' title='bbox 995 2804 1034 2850; x_wconf 82' lang='lat' dir='ltr'><strong>vel</strong></span> <span class='ocrx_word' id='word_1_188' title='bbox 1057 2806 1144 2866; x_wconf 84' lang='lat' dir='ltr'><strong>quovis</strong></span> <span class='ocrx_word' id='word_1_189' title='bbox 1170 2816 1234 2851; x_wconf 86' lang='lat' dir='ltr'><strong>anuo</strong></span> <span class='ocrx_word' id='word_1_190' title='bbox 1255 2802 1363 2849; x_wconf 87' lang='lat' dir='ltr'><strong>medelae</strong></span> 
     </span>
     <span class='ocr_line' id='line_1_24' title="bbox 264 2866 1362 2929; baseline -0.002 -16"><span class='ocrx_word' id='word_1_191' title='bbox 264 2868 405 2915; x_wconf 88' lang='lat' dir='ltr'><strong>constitutio</strong></span> <span class='ocrx_word' id='word_1_192' title='bbox 426 2873 583 2929; x_wconf 71' lang='lat' dir='ltr'><strong>progeneratr</strong></span> <span class='ocrx_word' id='word_1_193' title='bbox 609 2880 670 2928; x_wconf 85' lang='lat' dir='ltr'><strong>quas</strong></span> <span class='ocrx_word' id='word_1_194' title='bbox 693 2866 792 2928; x_wconf 86' lang='lat' dir='ltr'><strong>quidem</strong></span> <span class='ocrx_word' id='word_1_195' title='bbox 831 2866 909 2913; x_wconf 89' lang='lat' dir='ltr'><strong>solent</strong></span> <span class='ocrx_word' id='word_1_196' title='bbox 930 2868 1126 2914; x_wconf 78' lang='lat' dir='ltr'><strong>accommodare:</strong></span> <span class='ocrx_word' id='word_1_197' title='bbox 1151 2867 1177 2913; x_wconf 90' lang='lat' dir='ltr'><strong>id</strong></span> <span class='ocrx_word' id='word_1_198' title='bbox 1199 2866 1265 2928; x_wconf 92' lang='lat' dir='ltr'><strong>quod</strong></span> <span class='ocrx_word' id='word_1_199' title='bbox 1286 2880 1362 2926; x_wconf 87' lang='lat' dir='ltr'><strong>aeque</strong></span> 
     </span>
     <span class='ocr_line' id='line_1_25' title="bbox 264 2927 1512 2999; baseline -0.003 -22"><span class='ocrx_word' id='word_1_200' title='bbox 264 2946 347 2979; x_wconf 88' lang='lat' dir='ltr'><strong>omnes</strong></span> <span class='ocrx_word' id='word_1_201' title='bbox 368 2932 442 2992; x_wconf 86' lang='lat' dir='ltr'><strong>juxta</strong></span> <span class='ocrx_word' id='word_1_202' title='bbox 469 2930 669 2993; x_wconf 74' lang='lat' dir='ltr'><strong>phaenomenen¹</strong></span> <span class='ocrx_word' id='word_1_203' title='bbox 692 2944 792 2977; x_wconf 86' lang='lat' dir='ltr'><strong>suorum</strong></span> <span class='ocrx_word' id='word_1_204' title='bbox 830 2928 995 2991; x_wconf 85' lang='lat' dir='ltr'><strong>periculosum</strong></span> <span class='ocrx_word' id='word_1_205' title='bbox 1004 2931 1096 2990; x_wconf 91' lang='lat' dir='ltr'><strong>judico,</strong></span> <span class='ocrx_word' id='word_1_206' title='bbox 1109 2944 1137 2976; x_wconf 87' lang='lat' dir='ltr'><strong>ae</strong></span> <span class='ocrx_word' id='word_1_207' title='bbox 1153 2930 1174 2976; x_wconf 88' lang='lat' dir='ltr'><strong>si</strong></span> <span class='ocrx_word' id='word_1_208' title='bbox 1189 2928 1303 2976; x_wconf 88' lang='lat' dir='ltr'><strong>Medicus</strong></span> <span class='ocrx_word' id='word_1_209' title='bbox 1325 2927 1361 2974; x_wconf 90' lang='lat' dir='ltr'><strong>di·</strong></span> <span class='ocrx_word' id='word_1_210' title='bbox 1374 2934 1512 2999; x_wconf 55' lang='lat' dir='ltr'><strong>tetum„</strong></span> 
     </span>
     <span class='ocr_line' id='line_1_26' title="bbox 263 2991 1473 3060; baseline -0.002 -21"><span class='ocrx_word' id='word_1_211' title='bbox 263 2996 405 3043; x_wconf 71' lang='lat' dir='ltr'><strong>sarietmem</strong></span> <span class='ocrx_word' id='word_1_212' title='bbox 420 2994 446 3041; x_wconf 90' lang='lat' dir='ltr'><strong>in</strong></span> <span class='ocrx_word' id='word_1_213' title='bbox 462 2994 552 3041; x_wconf 80' lang='lat' dir='ltr'><strong>classes</strong></span> <span class='ocrx_word' id='word_1_214' title='bbox 567 2994 792 3055; x_wconf 65' lang='lat' dir='ltr'><strong>redigereaccha·</strong></span> <span class='ocrx_word' id='word_1_215' title='bbox 831 3008 911 3040; x_wconf 83' lang='lat' dir='ltr'><strong>versas</strong></span> <span class='ocrx_word' id='word_1_216' title='bbox 940 3006 1067 3054; x_wconf 81' lang='lat' dir='ltr'><strong>aegrorum</strong></span> <span class='ocrx_word' id='word_1_217' title='bbox 1097 2993 1234 3054; x_wconf 82' lang='lat' dir='ltr'><strong>temperies,</strong></span> <span class='ocrx_word' id='word_1_218' title='bbox 1259 2991 1363 3051; x_wconf 75' lang='lat' dir='ltr'><strong>singulis</strong></span> <span class='ocrx_word' id='word_1_219' title='bbox 1376 3001 1473 3060; x_wconf 67' lang='lat'><strong>2521,</strong></span> 
     </span>
     <span class='ocr_line' id='line_1_27' title="bbox 262 3054 1363 3121; baseline -0.006 -14"><span class='ocrx_word' id='word_1_220' title='bbox 262 3069 366 3107; x_wconf 78' lang='lat' dir='ltr'><strong>meteres</strong></span> <span class='ocrx_word' id='word_1_221' title='bbox 396 3060 516 3121; x_wconf 82' lang='lat' dir='ltr'><strong>cujusque</strong></span> <span class='ocrx_word' id='word_1_222' title='bbox 544 3058 703 3120; x_wconf 89' lang='lat' dir='ltr'><strong>idiopathicos</strong></span> <span class='ocrx_word' id='word_1_223' title='bbox 731 3072 791 3105; x_wconf 90' lang='lat' dir='ltr'><strong>enu-</strong></span> <span class='ocrx_word' id='word_1_224' title='bbox 830 3057 973 3119; x_wconf 72' lang='lat' dir='ltr'><strong>peculiares,</strong></span> <span class='ocrx_word' id='word_1_225' title='bbox 990 3070 1040 3103; x_wconf 91' lang='lat' dir='ltr'><strong>non</strong></span> <span class='ocrx_word' id='word_1_226' title='bbox 1060 3057 1181 3119; x_wconf 85' lang='lat' dir='ltr'><strong>respiciat,</strong></span> <span class='ocrx_word' id='word_1_227' title='bbox 1199 3055 1241 3103; x_wconf 88' lang='lat' dir='ltr'><strong>sed</strong></span> <span class='ocrx_word' id='word_1_228' title='bbox 1261 3054 1363 3101; x_wconf 90' lang='lat' dir='ltr'><strong>eandem</strong></span> 
     </span>
     <span class='ocr_line' id='line_1_28' title="bbox 263 3116 1362 3183; baseline -0.004 -12"><span class='ocrx_word' id='word_1_229' title='bbox 263 3124 350 3181; x_wconf 86' lang='lat' dir='ltr'><strong>clears,</strong></span> <span class='ocrx_word' id='word_1_230' title='bbox 379 3138 424 3170; x_wconf 88' lang='lat' dir='ltr'><strong>uec</strong></span> <span class='ocrx_word' id='word_1_231' title='bbox 454 3136 502 3169; x_wconf 91' lang='lat' dir='ltr'><strong>non</strong></span> <span class='ocrx_word' id='word_1_232' title='bbox 530 3122 652 3183; x_wconf 81' lang='lat' dir='ltr'><strong>propriam</strong></span> <span class='ocrx_word' id='word_1_233' title='bbox 681 3122 793 3169; x_wconf 89' lang='lat' dir='ltr'><strong>medendi</strong></span> <span class='ocrx_word' id='word_1_234' title='bbox 831 3120 943 3169; x_wconf 87' lang='lat' dir='ltr'><strong>omnibus</strong></span> <span class='ocrx_word' id='word_1_235' title='bbox 963 3120 990 3167; x_wconf 91' lang='lat' dir='ltr'><strong>iu</strong></span> <span class='ocrx_word' id='word_1_236' title='bbox 1007 3120 1091 3168; x_wconf 87' lang='lat' dir='ltr'><strong>eodem</strong></span> <span class='ocrx_word' id='word_1_237' title='bbox 1111 3120 1195 3167; x_wconf 90' lang='lat' dir='ltr'><strong>morbo</strong></span> <span class='ocrx_word' id='word_1_238' title='bbox 1214 3116 1362 3167; x_wconf 85' lang='lat' dir='ltr'><strong>medicinam</strong></span> 
     </span>
     <span class='ocr_line' id='line_1_29' title="bbox 262 3184 1097 3249; baseline -0.001 -16"><span class='ocrx_word' id='word_1_239' title='bbox 262 3189 382 3235; x_wconf 88' lang='lat' dir='ltr'><strong>rationem</strong></span> <span class='ocrx_word' id='word_1_240' title='bbox 395 3186 496 3233; x_wconf 89' lang='lat' dir='ltr'><strong>cuilibet</strong></span> <span class='ocrx_word' id='word_1_241' title='bbox 511 3185 638 3247; x_wconf 77' lang='lat' dir='ltr'><strong>sigillatim</strong></span> <span class='ocrx_word' id='word_1_242' title='bbox 655 3200 792 3233; x_wconf 84' lang='lat' dir='ltr'><strong>accommo·</strong></span> <span class='ocrx_word' id='word_1_243' title='bbox 831 3186 968 3249; x_wconf 87' lang='lat' dir='ltr'><strong>promiscue</strong></span> <span class='ocrx_word' id='word_1_244' title='bbox 979 3184 1097 3233; x_wconf 79' lang='lat' dir='ltr'><strong>exhibeat.</strong></span> 
     </span>
     <span class='ocr_line' id='line_1_30' title="bbox 264 3246 1363 3307; baseline -0.003 -10"><span class='ocrx_word' id='word_1_245' title='bbox 264 3252 329 3307; x_wconf 87' lang='lat' dir='ltr'><strong>dare,</strong></span> <span class='ocrx_word' id='word_1_246' title='bbox 346 3258 375 3298; x_wconf 88' lang='lat' dir='ltr'><strong>ut</strong></span> <span class='ocrx_word' id='word_1_247' title='bbox 392 3264 430 3298; x_wconf 88' lang='lat' dir='ltr'><strong>res</strong></span> <span class='ocrx_word' id='word_1_248' title='bbox 446 3258 483 3297; x_wconf 89' lang='lat' dir='ltr'><strong>est</strong></span> <span class='ocrx_word' id='word_1_249' title='bbox 500 3250 573 3297; x_wconf 90' lang='lat' dir='ltr'><strong>multi</strong></span> <span class='ocrx_word' id='word_1_250' title='bbox 589 3250 632 3297; x_wconf 91' lang='lat' dir='ltr'><strong>otii</strong></span> <span class='ocrx_word' id='word_1_251' title='bbox 652 3264 680 3297; x_wconf 85' lang='lat' dir='ltr'><strong>ae</strong></span> <span class='ocrx_word' id='word_1_252' title='bbox 697 3264 793 3297; x_wconf 86' lang='lat' dir='ltr'><strong>summe</strong></span> <span class='ocrx_word' id='word_1_253' title='bbox 864 3253 879 3277; x_wconf 79' lang='lat'><strong>‘⁴</strong></span> <span class='ocrx_word' id='word_1_254' title='bbox 886 3250 1006 3307; x_wconf 89' lang='lat' dir='ltr'><strong>Primum,</strong></span> <span class='ocrx_word' id='word_1_255' title='bbox 1015 3255 1044 3297; x_wconf 92' lang='lat' dir='ltr'><strong>ut</strong></span> <span class='ocrx_word' id='word_1_256' title='bbox 1051 3250 1081 3297; x_wconf 90' lang='lat' dir='ltr'><strong>de</strong></span> <span class='ocrx_word' id='word_1_257' title='bbox 1090 3246 1240 3295; x_wconf 82' lang='lat' dir='ltr'><strong>variantibus</strong></span> <span class='ocrx_word' id='word_1_258' title='bbox 1248 3246 1363 3295; x_wconf 89' lang='lat' dir='ltr'><strong>medendi</strong></span> 
     </span>
     <span class='ocr_line' id='line_1_31' title="bbox 264 3312 1361 3375; baseline -0.002 -14"><span class='ocrx_word' id='word_1_259' title='bbox 264 3316 346 3371; x_wconf 86' lang='lat' dir='ltr'><strong>ardna,</strong></span> <span class='ocrx_word' id='word_1_260' title='bbox 358 3314 393 3361; x_wconf 89' lang='lat' dir='ltr'><strong>ita</strong></span> <span class='ocrx_word' id='word_1_261' title='bbox 407 3315 481 3362; x_wconf 84' lang='lat' dir='ltr'><strong>etiarn</strong></span> <span class='ocrx_word' id='word_1_262' title='bbox 499 3313 568 3373; x_wconf 91' lang='lat' dir='ltr'><strong>(eum</strong></span> <span class='ocrx_word' id='word_1_263' title='bbox 585 3314 654 3361; x_wconf 92' lang='lat' dir='ltr'><strong>nullo</strong></span> <span class='ocrx_word' id='word_1_264' title='bbox 670 3320 734 3361; x_wconf 78' lang='lat' dir='ltr'><strong>eerto</strong></span> <span class='ocrx_word' id='word_1_265' title='bbox 751 3326 794 3360; x_wconf 89' lang='lat' dir='ltr'><strong>an-</strong></span> <span class='ocrx_word' id='word_1_266' title='bbox 831 3314 973 3370; x_wconf 89' lang='lat' dir='ltr'><strong>rationibus,</strong></span> <span class='ocrx_word' id='word_1_267' title='bbox 986 3328 1048 3375; x_wconf 85' lang='lat' dir='ltr'><strong>quae</strong></span> <span class='ocrx_word' id='word_1_268' title='bbox 1061 3312 1211 3360; x_wconf 84' lang='lat' dir='ltr'><strong>diversamm</strong></span> <span class='ocrx_word' id='word_1_269' title='bbox 1227 3312 1284 3359; x_wconf 91' lang='lat' dir='ltr'><strong>anni</strong></span> <span class='ocrx_word' id='word_1_270' title='bbox 1298 3319 1361 3359; x_wconf 89' lang='lat' dir='ltr'><strong>tem-</strong></span> 
     </span>
     <span class='ocr_line' id='line_1_32' title="bbox 265 3376 1362 3441; baseline -0.002 -16"><span class='ocrx_word' id='word_1_271' title='bbox 265 3394 351 3427; x_wconf 87' lang='lat' dir='ltr'><strong>norum</strong></span> <span class='ocrx_word' id='word_1_272' title='bbox 362 3379 445 3426; x_wconf 86' lang='lat' dir='ltr'><strong>ordine</strong></span> <span class='ocrx_word' id='word_1_273' title='bbox 456 3378 601 3440; x_wconf 68' lang='lat' dir='ltr'><strong>emergant)</strong></span> <span class='ocrx_word' id='word_1_274' title='bbox 614 3378 749 3439; x_wconf 81' lang='lat' dir='ltr'><strong>adjustum</strong></span> <span class='ocrx_word' id='word_1_275' title='bbox 764 3378 794 3425; x_wconf 91' lang='lat' dir='ltr'><strong>de</strong></span> <span class='ocrx_word' id='word_1_276' title='bbox 831 3385 953 3441; x_wconf 74' lang='lat' dir='ltr'><strong>pestutum</strong></span> <span class='ocrx_word' id='word_1_277' title='bbox 972 3378 1091 3426; x_wconf 79' lang='lat' dir='ltr'><strong>Febribus</strong></span> <span class='ocrx_word' id='word_1_278' title='bbox 1110 3384 1169 3424; x_wconf 90' lang='lat' dir='ltr'><strong>sunt</strong></span> <span class='ocrx_word' id='word_1_279' title='bbox 1185 3376 1362 3433; x_wconf 83' lang='lat' dir='ltr'><strong>accommodae,</strong></span> 
     </span>
     <span class='ocr_line' id='line_1_33' title="bbox 264 3440 1363 3504; baseline -0.001 -15"><span class='ocrx_word' id='word_1_280' title='bbox 264 3443 350 3490; x_wconf 82' lang='lat' dir='ltr'><strong>iisdem</strong></span> <span class='ocrx_word' id='word_1_281' title='bbox 365 3442 559 3489; x_wconf 77' lang='lat' dir='ltr'><strong>observationum</strong></span> <span class='ocrx_word' id='word_1_282' title='bbox 577 3450 721 3504; x_wconf 88' lang='lat' dir='ltr'><strong>apparatum</strong></span> <span class='ocrx_word' id='word_1_283' title='bbox 735 3456 792 3489; x_wconf 88' lang='lat' dir='ltr'><strong>eon·</strong></span> <span class='ocrx_word' id='word_1_284' title='bbox 831 3440 962 3490; x_wconf 88' lang='lat' dir='ltr'><strong>disseram:</strong></span> <span class='ocrx_word' id='word_1_285' title='bbox 1042 3442 1167 3489; x_wconf 78' lang='lat' dir='ltr'><strong>ridendum</strong></span> <span class='ocrx_word' id='word_1_286' title='bbox 1183 3447 1228 3497; x_wconf 89' lang='lat' dir='ltr'><strong>est,</strong></span> <span class='ocrx_word' id='word_1_287' title='bbox 1240 3440 1299 3487; x_wconf 89' lang='lat' dir='ltr'><strong>lieet</strong></span> <span class='ocrx_word' id='word_1_288' title='bbox 1315 3441 1363 3489; x_wconf 91' lang='lat' dir='ltr'><strong>alia</strong></span> 
     </span>
     <span class='ocr_line' id='line_1_34' title="bbox 265 3504 1363 3568; baseline -0.001 -14"><span class='ocrx_word' id='word_1_289' title='bbox 265 3508 397 3568; x_wconf 76' lang='lat' dir='ltr'><strong>gerendum</strong></span> <span class='ocrx_word' id='word_1_290' title='bbox 412 3508 513 3554; x_wconf 78' lang='lat' dir='ltr'><strong>fortasse</strong></span> <span class='ocrx_word' id='word_1_291' title='bbox 528 3506 602 3553; x_wconf 88' lang='lat' dir='ltr'><strong>unius</strong></span> <span class='ocrx_word' id='word_1_292' title='bbox 619 3506 710 3554; x_wconf 86' lang='lat' dir='ltr'><strong>Medici</strong></span> <span class='ocrx_word' id='word_1_293' title='bbox 727 3512 793 3552; x_wconf 85' lang='lat' dir='ltr'><strong>aetas</strong></span> <span class='ocrx_word' id='word_1_294' title='bbox 831 3506 930 3553; x_wconf 84' lang='lat' dir='ltr'><strong>aliunde</strong></span> <span class='ocrx_word' id='word_1_295' title='bbox 942 3506 1005 3554; x_wconf 88' lang='lat' dir='ltr'><strong>inter</strong></span> <span class='ocrx_word' id='word_1_296' title='bbox 1035 3508 1103 3553; x_wconf 89' lang='lat' dir='ltr'><strong>ebres</strong></span> <span class='ocrx_word' id='word_1_297' title='bbox 1112 3504 1252 3552; x_wconf 85' lang='lat' dir='ltr'><strong>discrlndua</strong></span> <span class='ocrx_word' id='word_1_298' title='bbox 1264 3506 1363 3553; x_wconf 87' lang='lat' dir='ltr'><strong>concedi</strong></span> 
     </span>
    </p>
   </div>
   <div class='ocr_carea' id='block_1_8' title="bbox 265 3569 1362 3679">
    <p class='ocr_par' dir='ltr' id='par_1_10' title="bbox 265 3569 1362 3679">
     <span class='ocr_line' id='line_1_35' title="bbox 265 3569 1362 3679; baseline -0.001 -62"><span class='ocrx_word' id='word_1_299' title='bbox 265 3572 445 3619; x_wconf 79' lang='lat' dir='ltr'><strong>rixsuffecerit.</strong></span> <span class='ocrx_word' id='word_1_300' title='bbox 471 3570 545 3626; x_wconf 88' lang='lat' dir='ltr'><strong>Mihi,</strong></span> <span class='ocrx_word' id='word_1_301' title='bbox 555 3586 586 3617; x_wconf 86' lang='lat' dir='ltr'><strong>ex</strong></span> <span class='ocrx_word' id='word_1_302' title='bbox 597 3585 645 3632; x_wconf 85' lang='lat' dir='ltr'><strong>quo</strong></span> <span class='ocrx_word' id='word_1_303' title='bbox 657 3569 793 3617; x_wconf 89' lang='lat' dir='ltr'><strong>Medicinae</strong></span> <span class='ocrx_word' id='word_1_304' title='bbox 831 3571 930 3632; x_wconf 88' lang='lat' dir='ltr'><strong>possint,</strong></span> <span class='ocrx_word' id='word_1_305' title='bbox 942 3586 983 3618; x_wconf 88' lang='lat' dir='ltr'><strong>eas</strong></span> <span class='ocrx_word' id='word_1_306' title='bbox 994 3578 1075 3617; x_wconf 74' lang='lat' dir='ltr'><strong>tamem</strong></span> <span class='ocrx_word' id='word_1_307' title='bbox 1086 3570 1216 3679; x_wconf 76' lang='lat' dir='ltr'><strong>praecipue</strong></span> <span class='ocrx_word' id='word_1_308' title='bbox 1227 3569 1362 3616; x_wconf 86' lang='lat' dir='ltr'><strong>seeundum</strong></span> 
     </span>
    </p>
   </div>
   <div class='ocr_carea' id='block_1_9' title="bbox 264 3631 1501 4717">
    <p class='ocr_par' dir='ltr' id='par_1_11' title="bbox 265 3631 1363 3711">
     <span class='ocr_line' id='line_1_36' title="bbox 265 3631 1363 3711; baseline -0.003 -30"><span class='ocrx_word' id='word_1_309' title='bbox 265 3650 361 3709; x_wconf 76' lang='lat' dir='ltr'><strong>operam</strong></span> <span class='ocrx_word' id='word_1_310' title='bbox 380 3634 443 3691; x_wconf 88' lang='lat' dir='ltr'><strong>dedi,</strong></span> <span class='ocrx_word' id='word_1_311' title='bbox 461 3634 555 3710; x_wconf 87' lang='lat' dir='ltr'><strong>species</strong></span> <span class='ocrx_word' id='word_1_312' title='bbox 576 3634 728 3711; x_wconf 78' lang='lat' dir='ltr'><strong>ipsigniores,</strong></span> <span class='ocrx_word' id='word_1_313' title='bbox 748 3646 791 3679; x_wconf 87' lang='lat' dir='ltr'><strong>no·</strong></span> <span class='ocrx_word' id='word_1_314' title='bbox 831 3634 965 3695; x_wconf 87' lang='lat' dir='ltr'><strong>subjectam</strong></span> <span class='ocrx_word' id='word_1_315' title='bbox 973 3634 1109 3709; x_wconf 75' lang='lat' dir='ltr'><strong>materiam,</strong></span> <span class='ocrx_word' id='word_1_316' title='bbox 1117 3634 1158 3680; x_wconf 93' lang='lat' dir='ltr'><strong>cui</strong></span> <span class='ocrx_word' id='word_1_317' title='bbox 1187 3631 1363 3707; x_wconf 76' lang='lat' dir='ltr'><strong>ebrilisinhae·</strong></span> 
     </span>
    </p>

    <p class='ocr_par' dir='ltr' id='par_1_12' title="bbox 265 3698 1364 3821">
     <span class='ocr_line' id='line_1_37' title="bbox 265 3698 1364 3821; baseline -0.002 -12"><span class='ocrx_word' id='word_1_318' title='bbox 265 3699 364 3820; x_wconf 56' lang='lat' dir='ltr'><strong>tlt?</strong></span> <span class='ocrx_word' id='word_1_319' title='bbox 371 3700 792 3817; x_wconf 48' lang='lat' dir='ltr'><strong>„testemtested</strong></span> <span class='ocrx_word' id='word_1_320' title='bbox 831 3698 1364 3821; x_wconf 58' lang='lat' dir='ltr'><strong>‘iiiiiitllsiii‘iiifflill</strong></span> 
     </span>
    </p>

    <p class='ocr_par' dir='ltr' id='par_1_13' title="bbox 265 3824 1361 3888">
     <span class='ocr_line' id='line_1_38' title="bbox 265 3824 1361 3888; baseline -0.002 -16"><span class='ocrx_word' id='word_1_321' title='bbox 265 3827 346 3885; x_wconf 83' lang='lat' dir='ltr'><strong>alters,</strong></span> <span class='ocrx_word' id='word_1_322' title='bbox 359 3828 512 3875; x_wconf 89' lang='lat' dir='ltr'><strong>communior</strong></span> <span class='ocrx_word' id='word_1_323' title='bbox 526 3826 577 3882; x_wconf 85' lang='lat' dir='ltr'><strong>illa,</strong></span> <span class='ocrx_word' id='word_1_324' title='bbox 589 3826 619 3873; x_wconf 92' lang='lat' dir='ltr'><strong>de</strong></span> <span class='ocrx_word' id='word_1_325' title='bbox 630 3826 702 3887; x_wconf 86' lang='lat' dir='ltr'><strong>cujus</strong></span> <span class='ocrx_word' id='word_1_326' title='bbox 713 3824 794 3871; x_wconf 85' lang='lat' dir='ltr'><strong>indole</strong></span> <span class='ocrx_word' id='word_1_327' title='bbox 832 3825 960 3883; x_wconf 88' lang='lat' dir='ltr'><strong>diathesin,</strong></span> <span class='ocrx_word' id='word_1_328' title='bbox 971 3834 1043 3888; x_wconf 91' lang='lat' dir='ltr'><strong>prout</strong></span> <span class='ocrx_word' id='word_1_329' title='bbox 1053 3842 1081 3873; x_wconf 89' lang='lat' dir='ltr'><strong>ea</strong></span> <span class='ocrx_word' id='word_1_330' title='bbox 1095 3826 1126 3872; x_wconf 92' lang='lat' dir='ltr'><strong>ab</strong></span> <span class='ocrx_word' id='word_1_331' title='bbox 1137 3825 1183 3871; x_wconf 87' lang='lat' dir='ltr'><strong>hae</strong></span> <span class='ocrx_word' id='word_1_332' title='bbox 1193 3824 1233 3871; x_wconf 83' lang='lat' dir='ltr'><strong>vel</strong></span> <span class='ocrx_word' id='word_1_333' title='bbox 1244 3824 1288 3870; x_wconf 80' lang='lat' dir='ltr'><strong>illa</strong></span> <span class='ocrx_word' id='word_1_334' title='bbox 1302 3824 1361 3870; x_wconf 88' lang='lat' dir='ltr'><strong>anni</strong></span> 
     </span>
    </p>

    <p class='ocr_par' dir='ltr' id='par_1_14' title="bbox 265 3888 1362 3952">
     <span class='ocr_line' id='line_1_39' title="bbox 265 3888 1362 3952; baseline -0.005 -14"><span class='ocrx_word' id='word_1_335' title='bbox 265 3892 462 3938; x_wconf 70' lang='lat' dir='ltr'><strong>masticatione</strong></span> <span class='ocrx_word' id='word_1_336' title='bbox 469 3892 586 3938; x_wconf 86' lang='lat' dir='ltr'><strong>haetenus</strong></span> <span class='ocrx_word' id='word_1_337' title='bbox 592 3890 699 3952; x_wconf 79' lang='lat' dir='ltr'><strong>egimus;</strong></span> <span class='ocrx_word' id='word_1_338' title='bbox 711 3888 793 3946; x_wconf 86' lang='lat' dir='ltr'><strong>altera,</strong></span> <span class='ocrx_word' id='word_1_339' title='bbox 830 3895 974 3951; x_wconf 85' lang='lat' dir='ltr'><strong>tempestate</strong></span> <span class='ocrx_word' id='word_1_340' title='bbox 992 3890 1122 3944; x_wconf 86' lang='lat' dir='ltr'><strong>inducitur,</strong></span> <span class='ocrx_word' id='word_1_341' title='bbox 1139 3888 1269 3935; x_wconf 89' lang='lat' dir='ltr'><strong>discrimen</strong></span> <span class='ocrx_word' id='word_1_342' title='bbox 1287 3902 1362 3934; x_wconf 87' lang='lat' dir='ltr'><strong>snum</strong></span> 
     </span>
    </p>

    <p class='ocr_par' dir='ltr' id='par_1_15' title="bbox 266 3951 1362 4015">
     <span class='ocr_line' id='line_1_40' title="bbox 266 3951 1362 4015; baseline -0.006 -12"><span class='ocrx_word' id='word_1_343' title='bbox 266 3955 441 4015; x_wconf 80' lang='lat' dir='ltr'><strong>pestilentialis,</strong></span> <span class='ocrx_word' id='word_1_344' title='bbox 465 3955 494 4003; x_wconf 88' lang='lat' dir='ltr'><strong>de</strong></span> <span class='ocrx_word' id='word_1_345' title='bbox 518 3968 566 4015; x_wconf 89' lang='lat' dir='ltr'><strong>qua</strong></span> <span class='ocrx_word' id='word_1_346' title='bbox 587 3954 689 4001; x_wconf 82' lang='lat' dir='ltr'><strong>interius</strong></span> <span class='ocrx_word' id='word_1_347' title='bbox 711 3952 792 4013; x_wconf 87' lang='lat' dir='ltr'><strong>despi-</strong></span> <span class='ocrx_word' id='word_1_348' title='bbox 831 3954 945 4001; x_wconf 88' lang='lat' dir='ltr'><strong>nancisei.</strong></span> <span class='ocrx_word' id='word_1_349' title='bbox 965 3953 1100 4015; x_wconf 83' lang='lat' dir='ltr'><strong>anuippe</strong></span> <span class='ocrx_word' id='word_1_350' title='bbox 1110 3951 1213 3999; x_wconf 84' lang='lat' dir='ltr'><strong>Fcbrilis</strong></span> <span class='ocrx_word' id='word_1_351' title='bbox 1222 3951 1362 4007; x_wconf 87' lang='lat' dir='ltr'><strong>commotio,</strong></span> 
     </span>
    </p>

    <p class='ocr_par' dir='ltr' id='par_1_16' title="bbox 266 4014 1362 4143">
     <span class='ocr_line' id='line_1_41' title="bbox 266 4014 1361 4080; baseline -0.005 -16"><span class='ocrx_word' id='word_1_352' title='bbox 266 4018 378 4066; x_wconf 73' lang='lat' dir='ltr'><strong>dandum</strong></span> <span class='ocrx_word' id='word_1_353' title='bbox 389 4019 442 4067; x_wconf 90' lang='lat' dir='ltr'><strong>erit.</strong></span> <span class='ocrx_word' id='word_1_354' title='bbox 477 4017 554 4080; x_wconf 78' lang='lat' dir='ltr'><strong>[Sect.</strong></span> <span class='ocrx_word' id='word_1_355' title='bbox 565 4033 588 4065; x_wconf 83' lang='lat' dir='ltr'><strong>r.</strong></span> <span class='ocrx_word' id='word_1_356' title='bbox 600 4019 637 4065; x_wconf 89' lang='lat' dir='ltr'><strong>ed.</strong></span> <span class='ocrx_word' id='word_1_357' title='bbox 650 4014 713 4077; x_wconf 83' lang='lat'><strong>’68.]</strong></span> <span class='ocrx_word' id='word_1_358' title='bbox 831 4030 893 4079; x_wconf 85' lang='lat' dir='ltr'><strong>quae</strong></span> <span class='ocrx_word' id='word_1_359' title='bbox 910 4025 1017 4079; x_wconf 88' lang='lat' dir='ltr'><strong>tempore</strong></span> <span class='ocrx_word' id='word_1_360' title='bbox 1033 4030 1108 4063; x_wconf 82' lang='lat' dir='ltr'><strong>vento</strong></span> <span class='ocrx_word' id='word_1_361' title='bbox 1124 4015 1251 4075; x_wconf 72' lang='lat' dir='ltr'><strong>contingit,</strong></span> <span class='ocrx_word' id='word_1_362' title='bbox 1262 4016 1287 4060; x_wconf 92' lang='lat' dir='ltr'><strong>in</strong></span> <span class='ocrx_word' id='word_1_363' title='bbox 1305 4028 1361 4060; x_wconf 87' lang='lat' dir='ltr'><strong>san-</strong></span> 
     </span>
     <span class='ocr_line' id='line_1_42' title="bbox 298 4077 1362 4143; baseline -0.005 -13"><span class='ocrx_word' id='word_1_364' title='bbox 298 4084 452 4130; x_wconf 82' lang='lat' dir='ltr'><strong>“Caeterum</strong></span> <span class='ocrx_word' id='word_1_365' title='bbox 468 4082 494 4128; x_wconf 90' lang='lat' dir='ltr'><strong>in</strong></span> <span class='ocrx_word' id='word_1_366' title='bbox 510 4081 606 4128; x_wconf 86' lang='lat' dir='ltr'><strong>medela</strong></span> <span class='ocrx_word' id='word_1_367' title='bbox 620 4082 743 4135; x_wconf 84' lang='lat' dir='ltr'><strong>Febrlum,</strong></span> <span class='ocrx_word' id='word_1_368' title='bbox 754 4078 791 4126; x_wconf 84' lang='lat' dir='ltr'><strong>di·</strong></span> <span class='ocrx_word' id='word_1_369' title='bbox 830 4082 905 4143; x_wconf 76' lang='lat' dir='ltr'><strong>gulae</strong></span> <span class='ocrx_word' id='word_1_370' title='bbox 916 4082 1033 4136; x_wconf 86' lang='lat' dir='ltr'><strong>nascitur,</strong></span> <span class='ocrx_word' id='word_1_371' title='bbox 1044 4077 1160 4126; x_wconf 87' lang='lat' dir='ltr'><strong>omuibus</strong></span> <span class='ocrx_word' id='word_1_372' title='bbox 1175 4078 1227 4124; x_wconf 90' lang='lat' dir='ltr'><strong>suis</strong></span> <span class='ocrx_word' id='word_1_373' title='bbox 1237 4077 1362 4139; x_wconf 82' lang='lat' dir='ltr'><strong>spiritibus</strong></span> 
     </span>
    </p>

    <p class='ocr_par' dir='ltr' id='par_1_17' title="bbox 264 4140 1362 4208">
     <span class='ocr_line' id='line_1_43' title="bbox 264 4140 1362 4208; baseline -0.005 -17"><span class='ocrx_word' id='word_1_374' title='bbox 264 4146 374 4204; x_wconf 79' lang='lat' dir='ltr'><strong>versitas,</strong></span> <span class='ocrx_word' id='word_1_375' title='bbox 385 4160 449 4208; x_wconf 84' lang='lat' dir='ltr'><strong>quae</strong></span> <span class='ocrx_word' id='word_1_376' title='bbox 460 4158 491 4192; x_wconf 80' lang='lat' dir='ltr'><strong>ex</strong></span> <span class='ocrx_word' id='word_1_377' title='bbox 504 4145 669 4193; x_wconf 83' lang='lat' dir='ltr'><strong>differentibus</strong></span> <span class='ocrx_word' id='word_1_378' title='bbox 683 4144 792 4205; x_wconf 81' lang='lat' dir='ltr'><strong>ejusdem</strong></span> <span class='ocrx_word' id='word_1_379' title='bbox 831 4152 930 4207; x_wconf 78' lang='lat' dir='ltr'><strong>vegeto;</strong></span> <span class='ocrx_word' id='word_1_380' title='bbox 948 4142 1098 4191; x_wconf 82' lang='lat' dir='ltr'><strong>autumnalis</strong></span> <span class='ocrx_word' id='word_1_381' title='bbox 1109 4140 1199 4186; x_wconf 78' lang='lat' dir='ltr'><strong>veroin</strong></span> <span class='ocrx_word' id='word_1_382' title='bbox 1210 4140 1335 4200; x_wconf 70' lang='lat' dir='ltr'><strong>sanguim,</strong></span> <span class='ocrx_word' id='word_1_383' title='bbox 1347 4154 1362 4186; x_wconf 84' lang='lat' dir='ltr'><strong>a</strong></span> 
     </span>
    </p>

    <p class='ocr_par' dir='ltr' id='par_1_18' title="bbox 266 4202 1482 4273">
     <span class='ocr_line' id='line_1_44' title="bbox 266 4202 1482 4273; baseline -0.005 -18"><span class='ocrx_word' id='word_1_384' title='bbox 266 4210 323 4257; x_wconf 87' lang='lat' dir='ltr'><strong>suni</strong></span> <span class='ocrx_word' id='word_1_385' title='bbox 348 4210 541 4273; x_wconf 84' lang='lat' dir='ltr'><strong>tempestatibus,</strong></span> <span class='ocrx_word' id='word_1_386' title='bbox 564 4218 636 4271; x_wconf 81' lang='lat' dir='ltr'><strong>atque</strong></span> <span class='ocrx_word' id='word_1_387' title='bbox 660 4210 733 4257; x_wconf 87' lang='lat' dir='ltr'><strong>etiam</strong></span> <span class='ocrx_word' id='word_1_388' title='bbox 762 4222 793 4255; x_wconf 86' lang='lat' dir='ltr'><strong>ex</strong></span> <span class='ocrx_word' id='word_1_389' title='bbox 830 4222 985 4270; x_wconf 72' lang='lat' dir='ltr'><strong>praegressae</strong></span> <span class='ocrx_word' id='word_1_390' title='bbox 1000 4206 1101 4253; x_wconf 81' lang='lat' dir='ltr'><strong>aetatis’</strong></span> <span class='ocrx_word' id='word_1_391' title='bbox 1115 4202 1201 4257; x_wconf 84' lang='lat' dir='ltr'><strong>calore,</strong></span> <span class='ocrx_word' id='word_1_392' title='bbox 1218 4205 1320 4264; x_wconf 88' lang='lat' dir='ltr'><strong>ejusque</strong></span> <span class='ocrx_word' id='word_1_393' title='bbox 1336 4203 1482 4272; x_wconf 72' lang='lat' dir='ltr'><strong>vi&#39;oetats&#39;s]</strong></span> 
     </span>
    </p>

    <p class='ocr_par' dir='ltr' id='par_1_19' title="bbox 265 4266 1501 4333">
     <span class='ocr_line' id='line_1_45' title="bbox 265 4266 1501 4333; baseline -0.004 -15"><span class='ocrx_word' id='word_1_394' title='bbox 265 4274 337 4320; x_wconf 89' lang='lat' dir='ltr'><strong>unius</strong></span> <span class='ocrx_word' id='word_1_395' title='bbox 353 4274 412 4321; x_wconf 89' lang='lat' dir='ltr'><strong>anni</strong></span> <span class='ocrx_word' id='word_1_396' title='bbox 430 4274 460 4320; x_wconf 91' lang='lat' dir='ltr'><strong>ab</strong></span> <span class='ocrx_word' id='word_1_397' title='bbox 477 4273 524 4320; x_wconf 85' lang='lat' dir='ltr'><strong>alio</strong></span> <span class='ocrx_word' id='word_1_398' title='bbox 541 4272 680 4320; x_wconf 89' lang='lat' dir='ltr'><strong>discrimine</strong></span> <span class='ocrx_word' id='word_1_399' title='bbox 698 4271 791 4319; x_wconf 86' lang='lat' dir='ltr'><strong>subori-</strong></span> <span class='ocrx_word' id='word_1_400' title='bbox 830 4278 904 4333; x_wconf 88' lang='lat' dir='ltr'><strong>atque</strong></span> <span class='ocrx_word' id='word_1_401' title='bbox 914 4270 1040 4317; x_wconf 78' lang='lat' dir='ltr'><strong>effectibus</strong></span> <span class='ocrx_word' id='word_1_402' title='bbox 1053 4267 1084 4313; x_wconf 82' lang='lat' dir='ltr'><strong>ad</strong></span> <span class='ocrx_word' id='word_1_403' title='bbox 1100 4266 1241 4326; x_wconf 77' lang='lat' dir='ltr'><strong>pauperiem</strong></span> <span class='ocrx_word' id='word_1_404' title='bbox 1256 4266 1359 4313; x_wconf 77' lang='lat' dir='ltr'><strong>redacto.</strong></span> <span class='ocrx_word' id='word_1_405' title='bbox 1373 4274 1414 4321; x_wconf 75' lang='lat' dir='ltr'><strong>An</strong></span> <span class='ocrx_word' id='word_1_406' title='bbox 1425 4284 1501 4323; x_wconf 59' lang='lat' dir='ltr'><strong>agra.</strong></span> 
     </span>
    </p>

    <p class='ocr_par' dir='ltr' id='par_1_20' title="bbox 264 4328 1423 4399">
     <span class='ocr_line' id='line_1_46' title="bbox 264 4328 1423 4399; baseline -0.007 -15"><span class='ocrx_word' id='word_1_407' title='bbox 264 4342 312 4393; x_wconf 88' lang='lat' dir='ltr'><strong>tur,</strong></span> <span class='ocrx_word' id='word_1_408' title='bbox 330 4338 382 4398; x_wconf 90' lang='lat' dir='ltr'><strong>(me</strong></span> <span class='ocrx_word' id='word_1_409' title='bbox 401 4336 500 4399; x_wconf 86' lang='lat' dir='ltr'><strong>quidem</strong></span> <span class='ocrx_word' id='word_1_410' title='bbox 519 4337 622 4398; x_wconf 66' lang='lat' dir='ltr'><strong>iudice)</strong></span> <span class='ocrx_word' id='word_1_411' title='bbox 639 4352 688 4384; x_wconf 91' lang='lat' dir='ltr'><strong>non</strong></span> <span class='ocrx_word' id='word_1_412' title='bbox 710 4336 792 4382; x_wconf 86' lang='lat' dir='ltr'><strong>minus</strong></span> <span class='ocrx_word' id='word_1_413' title='bbox 831 4336 869 4383; x_wconf 82' lang='lat' dir='ltr'><strong>Ac</strong></span> <span class='ocrx_word' id='word_1_414' title='bbox 881 4342 953 4397; x_wconf 91' lang='lat' dir='ltr'><strong>prout</strong></span> <span class='ocrx_word' id='word_1_415' title='bbox 969 4332 1064 4384; x_wconf 84' lang='lat' dir='ltr'><strong>accidit,</strong></span> <span class='ocrx_word' id='word_1_416' title='bbox 1077 4328 1180 4374; x_wconf 78' lang='lat' dir='ltr'><strong>Febrem</strong></span> <span class='ocrx_word' id='word_1_417' title='bbox 1195 4343 1239 4390; x_wconf 89' lang='lat' dir='ltr'><strong>pro</strong></span> <span class='ocrx_word' id='word_1_418' title='bbox 1255 4328 1359 4377; x_wconf 81' lang='lat' dir='ltr'><strong>duarum</strong></span> <span class='ocrx_word' id='word_1_419' title='bbox 1373 4341 1423 4385; x_wconf 71' lang='lat' dir='ltr'><strong>tm</strong></span> 
     </span>
    </p>

    <p class='ocr_par' dir='ltr' id='par_1_21' title="bbox 264 4390 1360 4464">
     <span class='ocr_line' id='line_1_47' title="bbox 264 4390 1360 4464; baseline -0.007 -17"><span class='ocrx_word' id='word_1_420' title='bbox 264 4402 472 4449; x_wconf 83' lang='lat' dir='ltr'><strong>animadversione</strong></span> <span class='ocrx_word' id='word_1_421' title='bbox 498 4400 572 4462; x_wconf 76' lang='lat' dir='ltr'><strong>digna</strong></span> <span class='ocrx_word' id='word_1_422' title='bbox 599 4408 643 4459; x_wconf 88' lang='lat' dir='ltr'><strong>est,</strong></span> <span class='ocrx_word' id='word_1_423' title='bbox 668 4412 742 4463; x_wconf 88' lang='lat' dir='ltr'><strong>quam</strong></span> <span class='ocrx_word' id='word_1_424' title='bbox 764 4414 793 4445; x_wconf 89' lang='lat' dir='ltr'><strong>ea</strong></span> <span class='ocrx_word' id='word_1_425' title='bbox 830 4400 932 4445; x_wconf 77' lang='lat' dir='ltr'><strong>istamm</strong></span> <span class='ocrx_word' id='word_1_426' title='bbox 952 4398 1125 4464; x_wconf 76' lang='lat' dir='ltr'><strong>tempestatum</strong></span> <span class='ocrx_word' id='word_1_427' title='bbox 1139 4390 1237 4449; x_wconf 84' lang='lat' dir='ltr'><strong>vicinia,</strong></span> <span class='ocrx_word' id='word_1_428' title='bbox 1256 4391 1296 4439; x_wconf 78' lang='lat' dir='ltr'><strong>rel</strong></span> <span class='ocrx_word' id='word_1_429' title='bbox 1310 4392 1360 4439; x_wconf 85' lang='lat' dir='ltr'><strong>dis·</strong></span> 
     </span>
    </p>

    <p class='ocr_par' dir='ltr' id='par_1_22' title="bbox 265 4454 1361 4525">
     <span class='ocr_line' id='line_1_48' title="bbox 265 4454 1361 4525; baseline -0.006 -14"><span class='ocrx_word' id='word_1_430' title='bbox 265 4478 326 4525; x_wconf 86' lang='lat' dir='ltr'><strong>quae</strong></span> <span class='ocrx_word' id='word_1_431' title='bbox 353 4464 462 4511; x_wconf 87' lang='lat' dir='ltr'><strong>nascitur</strong></span> <span class='ocrx_word' id='word_1_432' title='bbox 487 4478 517 4510; x_wconf 84' lang='lat' dir='ltr'><strong>ex</strong></span> <span class='ocrx_word' id='word_1_433' title='bbox 541 4464 614 4511; x_wconf 85' lang='lat' dir='ltr'><strong>variis</strong></span> <span class='ocrx_word' id='word_1_434' title='bbox 640 4470 792 4525; x_wconf 81' lang='lat' dir='ltr'><strong>aegrotorum</strong></span> <span class='ocrx_word' id='word_1_435' title='bbox 830 4454 1248 4521; x_wconf 79' lang='lat' dir='ltr'><strong>tantia,sanguiuem1uvadere‚ita</strong></span> <span class='ocrx_word' id='word_1_436' title='bbox 1260 4457 1361 4505; x_wconf 84' lang='lat' dir='ltr'><strong>morbus</strong></span> 
     </span>
    </p>

    <p class='ocr_par' dir='ltr' id='par_1_23' title="bbox 264 4516 1361 4590">
     <span class='ocr_line' id='line_1_49' title="bbox 264 4516 1361 4590; baseline -0.004 -17"><span class='ocrx_word' id='word_1_437' title='bbox 264 4528 467 4590; x_wconf 79' lang='lat' dir='ltr'><strong>temperamentis</strong></span> <span class='ocrx_word' id='word_1_438' title='bbox 508 4526 544 4573; x_wconf 85' lang='lat' dir='ltr'><strong>Et</strong></span> <span class='ocrx_word' id='word_1_439' title='bbox 563 4542 620 4575; x_wconf 88' lang='lat' dir='ltr'><strong>sane</strong></span> <span class='ocrx_word' id='word_1_440' title='bbox 639 4528 703 4575; x_wconf 88' lang='lat' dir='ltr'><strong>inter</strong></span> <span class='ocrx_word' id='word_1_441' title='bbox 722 4540 790 4588; x_wconf 84' lang='lat' dir='ltr'><strong>prae·</strong></span> <span class='ocrx_word' id='word_1_442' title='bbox 831 4526 909 4587; x_wconf 74' lang='lat' dir='ltr'><strong>magis</strong></span> <span class='ocrx_word' id='word_1_443' title='bbox 922 4524 962 4571; x_wconf 88' lang='lat' dir='ltr'><strong>vel</strong></span> <span class='ocrx_word' id='word_1_444' title='bbox 976 4524 1059 4570; x_wconf 87' lang='lat' dir='ltr'><strong>miuus</strong></span> <span class='ocrx_word' id='word_1_445' title='bbox 1076 4517 1106 4563; x_wconf 84' lang='lat' dir='ltr'><strong>de</strong></span> <span class='ocrx_word' id='word_1_446' title='bbox 1121 4516 1319 4578; x_wconf 79' lang='lat' dir='ltr'><strong>fermentationis,</strong></span> <span class='ocrx_word' id='word_1_447' title='bbox 1331 4523 1361 4569; x_wconf 91' lang='lat' dir='ltr'><strong>ad</strong></span> 
     </span>
    </p>

    <p class='ocr_par' dir='ltr' id='par_1_24' title="bbox 264 4580 1359 4653">
     <span class='ocr_line' id='line_1_50' title="bbox 264 4580 1359 4653; baseline -0.005 -16"><span class='ocrx_word' id='word_1_448' title='bbox 264 4593 347 4653; x_wconf 79' lang='lat' dir='ltr'><strong>cipum</strong></span> <span class='ocrx_word' id='word_1_449' title='bbox 359 4606 453 4646; x_wconf 72' lang='lat' dir='ltr'><strong>musas,</strong></span> <span class='ocrx_word' id='word_1_450' title='bbox 463 4604 506 4637; x_wconf 89' lang='lat' dir='ltr'><strong>eur</strong></span> <span class='ocrx_word' id='word_1_451' title='bbox 518 4590 632 4639; x_wconf 77' lang='lat' dir='ltr'><strong>Febrium</strong></span> <span class='ocrx_word' id='word_1_452' title='bbox 644 4590 738 4638; x_wconf 89' lang='lat' dir='ltr'><strong>medela</strong></span> <span class='ocrx_word' id='word_1_453' title='bbox 749 4604 788 4635; x_wconf 87' lang='lat' dir='ltr'><strong>us·</strong></span> <span class='ocrx_word' id='word_1_454' title='bbox 832 4590 895 4637; x_wconf 89' lang='lat' dir='ltr'><strong>hane</strong></span> <span class='ocrx_word' id='word_1_455' title='bbox 906 4588 945 4635; x_wconf 81' lang='lat' dir='ltr'><strong>vel</strong></span> <span class='ocrx_word' id='word_1_456' title='bbox 959 4587 1029 4634; x_wconf 91' lang='lat' dir='ltr'><strong>illam</strong></span> <span class='ocrx_word' id='word_1_457' title='bbox 1043 4580 1192 4645; x_wconf 85' lang='lat' dir='ltr'><strong>pertinentis,</strong></span> <span class='ocrx_word' id='word_1_458' title='bbox 1203 4593 1290 4632; x_wconf 87' lang='lat' dir='ltr'><strong>natura</strong></span> <span class='ocrx_word' id='word_1_459' title='bbox 1304 4600 1359 4648; x_wconf 78' lang='lat' dir='ltr'><strong>pcr-</strong></span> 
     </span>
    </p>

    <p class='ocr_par' dir='ltr' id='par_1_25' title="bbox 264 4651 1363 4717">
     <span class='ocr_line' id='line_1_51' title="bbox 264 4651 1363 4717; baseline -0.005 -17"><span class='ocrx_word' id='word_1_460' title='bbox 264 4668 312 4717; x_wconf 82' lang='lat' dir='ltr'><strong>que</strong></span> <span class='ocrx_word' id='word_1_461' title='bbox 332 4655 392 4702; x_wconf 86' lang='lat' dir='ltr'><strong>adeo</strong></span> <span class='ocrx_word' id='word_1_462' title='bbox 410 4654 520 4711; x_wconf 86' lang='lat' dir='ltr'><strong>fluctuet,</strong></span> <span class='ocrx_word' id='word_1_463' title='bbox 540 4655 696 4717; x_wconf 85' lang='lat' dir='ltr'><strong>virorumque</strong></span> <span class='ocrx_word' id='word_1_464' title='bbox 718 4653 792 4700; x_wconf 86' lang='lat' dir='ltr'><strong>etiam</strong></span> <span class='ocrx_word' id='word_1_465' title='bbox 833 4654 923 4715; x_wconf 86' lang='lat' dir='ltr'><strong>tieipat.</strong></span> <span class='ocrx_word' id='word_1_466' title='bbox 959 4651 1035 4698; x_wconf 79' lang='lat' dir='ltr'><strong>Hisce</strong></span> <span class='ocrx_word' id='word_1_467' title='bbox 1050 4651 1211 4695; x_wconf 64' lang='lat' dir='ltr'><strong>consentanea</strong></span> <span class='ocrx_word' id='word_1_468' title='bbox 1223 4656 1288 4706; x_wconf 87' lang='lat' dir='ltr'><strong>sunt,</strong></span> <span class='ocrx_word' id='word_1_469' title='bbox 1300 4664 1363 4710; x_wconf 87' lang='lat' dir='ltr'><strong>quae</strong></span> 
     </span>
    </p>
   </div>
   <div class='ocr_carea' id='block_1_10' title="bbox 264 4757 1362 4891">
    <p class='ocr_par' dir='ltr' id='par_1_26' title="bbox 264 4757 1362 4891">
     <span class='ocr_line' id='line_1_52' title="bbox 297 4757 1362 4829; baseline -0.013 -10"><span class='ocrx_word' id='word_1_470' title='bbox 297 4768 309 4799; x_wconf 72' lang='lat'>⁶</span> <span class='ocrx_word' id='word_1_471' title='bbox 332 4770 396 4818; x_wconf 65' lang='lat' dir='ltr'><strong>Quae</strong></span> <span class='ocrx_word' id='word_1_472' title='bbox 406 4769 513 4814; x_wconf 78' lang='lat' dir='ltr'><strong>hacteuus</strong></span> <span class='ocrx_word' id='word_1_473' title='bbox 524 4766 576 4829; x_wconf 60' lang='lat' dir='ltr'><strong>dfe]</strong></span> <span class='ocrx_word' id='word_1_474' title='bbox 590 4770 674 4815; x_wconf 77' lang='lat' dir='ltr'><strong>Prasia</strong></span> <span class='ocrx_word' id='word_1_475' title='bbox 682 4770 790 4813; x_wconf 77' lang='lat' dir='ltr'><strong>hoelmus</strong></span> <span class='ocrx_word' id='word_1_476' title='bbox 833 4774 921 4828; x_wconf 67' lang='lat' dir='ltr'><strong>speclea</strong></span> <span class='ocrx_word' id='word_1_477' title='bbox 933 4770 957 4813; x_wconf 81' lang='lat' dir='ltr'><strong>in</strong></span> <span class='ocrx_word' id='word_1_478' title='bbox 967 4776 1066 4827; x_wconf 67' lang='lat' dir='ltr'><strong>generet</strong></span> <span class='ocrx_word' id='word_1_479' title='bbox 1082 4762 1108 4801; x_wconf 62' lang='grc' dir='ltr'><em>Μ</em></span> <span class='ocrx_word' id='word_1_480' title='bbox 1116 4757 1140 4800; x_wconf 65' lang='lat' dir='ltr'><strong>‘&#39;ss</strong></span> <span class='ocrx_word' id='word_1_481' title='bbox 1151 4763 1362 4816; x_wconf 62' lang='lat' dir='ltr'><strong>essecestriam,</strong></span> 
     </span>
     <span class='ocr_line' id='line_1_53' title="bbox 264 4817 1186 4891; baseline -0.005 -11"><span class='ocrx_word' id='word_1_482' title='bbox 264 4838 438 4879; x_wconf 71' lang='lat' dir='ltr'><strong>memorata</strong></span> <span class='ocrx_word' id='word_1_483' title='bbox 459 4833 546 4877; x_wconf 66' lang='lat' dir='ltr'><strong>omnim</strong></span> <span class='ocrx_word' id='word_1_484' title='bbox 562 4832 646 4879; x_wconf 65' lang='lat' dir='ltr'><strong>febres</strong></span> <span class='ocrx_word' id='word_1_485' title='bbox 667 4832 790 4877; x_wconf 78' lang='lat' dir='ltr'><strong>Continuus</strong></span> <span class='ocrx_word' id='word_1_486' title='bbox 834 4834 955 4879; x_wconf 79' lang='lat' dir='ltr'><strong>diuersitas</strong></span> <span class='ocrx_word' id='word_1_487' title='bbox 966 4843 1024 4891; x_wconf 77' lang='lat' dir='ltr'><strong>qaae</strong></span> <span class='ocrx_word' id='word_1_488' title='bbox 1036 4824 1076 4885; x_wconf 61' lang='lat'><strong>6⁶⁰·</strong></span> <span class='ocrx_word' id='word_1_489' title='bbox 1089 4817 1126 4865; x_wconf 63' lang='lat'><strong>“1-</strong></span> <span class='ocrx_word' id='word_1_490' title='bbox 1138 4820 1186 4870; x_wconf 69' lang='lat'><strong>’⁶⁶-</strong></span> 
     </span>
    </p>
   </div>
   <div class='ocr_carea' id='block_1_11' title="bbox 807 4930 829 4971">
    <p class='ocr_par' dir='ltr' id='par_1_27' title="bbox 807 4930 829 4971">
     <span class='ocr_line' id='line_1_54' title="bbox 807 4930 829 4971; baseline 0 0"><span class='ocrx_word' id='word_1_491' title='bbox 807 4930 829 4971; x_wconf 81' lang='lat' dir='ltr'><strong>lt</strong></span> 
     </span>
    </p>
   </div>
   <div class='ocr_carea' id='block_1_12' title="bbox 0 0 1922 5759">
    <p class='ocr_par' dir='ltr' id='par_1_28' title="bbox 0 0 1922 5759">
     <span class='ocr_line' id='line_1_55' title="bbox 0 0 1922 5759; baseline 0 0"><span class='ocrx_word' id='word_1_492' title='bbox 0 0 1922 5759; x_wconf 95' lang='lat' dir='ltr'><strong> </strong></span> 
     </span>
    </p>
   </div>
  </div>
 </body>
</html>
