3825 5759
532 651 574 713 10
838 647 1034 713 THOMAE
1059 645 1316 712 SYDENHAM

377 817 509 931 Epspppr
530 829 677 873 meorum
691 808 726 872 in
740 807 802 873 hoc
816 808 948 892 negotio
963 814 1139 873 conatuum
1151 805 1313 891 specimen
1327 804 1465 890 aliquale
1473 806 1509 871 in
1522 807 1631 872 lucem

379 918 516 961 -'—-'
531 910 618 975 dare.

578 1013 612 1096 [5
617 1012 639 1096 .]
662 1012 774 1077 Sentio
785 1019 894 1077 autem
905 1019 1035 1077 nostrae
1046 1013 1136 1076 Artis
1146 1013 1384 1075 incrementum
1397 1010 1434 1074 in
1444 1011 1495 1075 his
1510 1013 1630 1076 consis-

528 1121 607 1191 tere,
631 1122 670 1177 nt
692 1114 851 1178 habeatur
875 1115 980 1197 primo
1004 1114 1159 1192 Historia,
1184 1114 1249 1177 sive
1269 1113 1455 1177 morborum
1482 1114 1630 1178 omnium

530 1216 700 1299 descriptio
723 1216 830 1302 quoad
851 1218 920 1280 fieri
942 1224 1048 1300 potest
1068 1216 1220 1299 graphica
1245 1223 1278 1279 et
1297 1217 1472 1293 naturalis;
1503 1216 1629 1296 deinde,

530 1318 642 1381 Praais
663 1338 720 1381 seu
742 1317 920 1390 Methodus
942 1319 1027 1383 circe
1045 1319 1173 1386 eosdem
1196 1317 1319 1384 stabilis
1337 1338 1375 1387 ac
1394 1326 1628 1389 consummata.

531 1420 616 1483 Sane
640 1420 768 1484 morbos
790 1442 894 1485 crasse
917 1421 1090 1505 depingere
1108 1422 1185 1485 satis
1206 1420 1336 1483 obvium
1360 1427 1429 1499 est,
1452 1421 1543 1503 atqui
1562 1421 1628 1486 his-

527 1522 644 1585 toriam
674 1543 784 1587 eorum
814 1524 861 1587 ita
894 1524 1105 1602 conscribere,
1134 1530 1173 1586 ut
1202 1522 1339 1585 evitetur
1368 1542 1502 1585 censura
1530 1544 1628 1606 quam

527 1624 721 1689 clarissimus
740 1624 948 1691 Verulamins
974 1626 1010 1689 in
1038 1625 1212 1689 nonnullos
1241 1622 1398 1706 ejusmodi
1421 1623 1628 1707 promissores

526 1726 673 1807 vibravit,
696 1726 793 1810 longe
818 1728 948 1811 majoris
973 1732 1022 1790 est
1044 1726 1186 1809 negotii:
1211 1725 1323 1789 “Satis
1345 1724 1485 1789 scimus’'
1510 1726 1628 1809 (iuquit

512 1908 515 1915 1
526 1830 574 1893 vir
583 1830 824 1912 nobilissimus)
837 1829 975 1895 “haberi
985 1827 1164 1893 Historiam
1173 1828 1467 1907 Naturalem,mole
1477 1830 1626 1913 amplam,

524 1931 679 1995 varietate
708 1936 844 2013 gratam,
868 1930 1037 2015 diligentia
1065 1931 1192 2015 saepius
1221 1931 1397 1995 curiosam:
1429 1938 1575 1996 attamen
1599 1933 1628 1997 si

526 2034 597 2117 quis
619 2054 659 2099 ex
681 2053 719 2104 ea
739 2032 874 2111 fabulas,
902 2040 935 2097 et
957 2033 1131 2099 authorum
1152 2032 1331 2111 citationes,
1352 2039 1386 2097 et
1414 2033 1528 2099 inanes
1550 2055 1626 2099 con·

525 2134 705 2215 troversia,
725 2134 934 2218 philologiam
954 2136 1094 2218 denique
1119 2142 1153 2199 et
1174 2145 1365 2201 ornamenta
1381 2135 1511 2215 eximat,
1534 2138 1627 2219 (qnae

526 2234 568 2301 ad
582 2236 760 2319 convivales
774 2257 937 2301 sermones
956 2238 1189 2321 hominumque
1207 2237 1375 2302 doctorum
1388 2245 1500 2303 noctes
1519 2238 1626 2322 potius

526 2358 623 2420 quam
635 2337 676 2401 ad
687 2338 920 2406 instituendam
933 2340 1172 2423 Philosophiam
1182 2340 1309 2423 [sunt]⁸
1317 2341 1578 2423 accommodata)
1585 2342 1626 2406 ad

525 2439 574 2503 nil
587 2440 699 2521 magni
714 2460 765 2503 res
784 2440 916 2507 recidet.
962 2442 1076 2524 Longe
1094 2442 1238 2525 profecto
1258 2440 1349 2505 abest
1368 2441 1408 2505 ab
1424 2461 1463 2505 ea
1481 2443 1627 2516 Historia

526 2560 623 2623 quam
637 2540 747 2605 animo
764 2541 949 2613 metimur.”
965 2542 1515 2625 [Deser.Gloti1nsea.c.s.v01.xi.
1531 2566 1562 2626 p.
1573 2544 1621 2629 8.]

528 2640 683 2707 Similiter
702 2642 799 2727 etiam
820 2650 854 2709 et
877 2644 1064 2709 morborum
1084 2644 1266 2709 curationes
1286 2665 1346 2729 pro
1367 2665 1456 2709 more
1474 2646 1626 2711 facillime

524 2750 769 2831 proponuntur;
792 2746 883 2831 atqui
916 2747 979 2811 hoc
1008 2746 1056 2814 ita
1084 2752 1257 2830 praestare,
1284 2753 1322 2811 ut
1350 2746 1447 2811 rerba
1476 2748 1512 2811 in
1539 2748 1626 2816 faeta

525 2854 703 2935 transeant,
720 2854 817 2933 atque
837 2856 972 2915 eventus
990 2850 1154 2935 promissis
1171 2849 1395 2933 respondeant,
1415 2850 1518 2932 magis
1533 2850 1625 2918 ardui

525 2951 700 3018 moliminis
719 2952 768 3019 illi
783 2952 988 3037 judicabunt,
1009 2954 1065 3038 qui
1086 2953 1198 3019 vident
1219 2953 1333 3019 haberi
1351 2952 1438 3036 apud
1456 2952 1625 3035 scriptores

525 3054 682 3141 practices
699 3056 828 3123 morbos
851 3058 1041 3141 complures,
1057 3078 1137 3140 quos
1151 3076 1212 3120 nec
1226 3056 1274 3119 illi
1292 3056 1354 3138 ipsi
1373 3055 1550 3139 scriptores,
1565 3076 1625 3121 nec

526 3157 683 3241 quispiam
698 3156 856 3225 hactenus
871 3160 1070 3223 medicorum
1085 3177 1198 3222 sanare
1213 3157 1392 3221 valuerunt.

574 3258 635 3339 [6.]
664 3257 760 3321 Quod
775 3264 885 3323 autem
901 3263 1024 3340 spectat
1039 3257 1080 3319 ad
1096 3257 1276 3321 Historiam
1290 3258 1486 3336 morborum,
1506 3258 1536 3324 si
1553 3259 1625 3344 quis

524 3378 593 3421 rem
614 3357 770 3421 attentius
789 3358 977 3441 perpendat,
993 3356 1086 3418 facile
1105 3356 1226 3419 ridebit
1248 3356 1441 3423 scribentem
1459 3361 1501 3425 ad
1519 3362 1624 3427 multo

524 3458 617 3543 plura
646 3458 792 3523 animum
821 3456 938 3521 debere
968 3456 1142 3536 advertere,
1167 3479 1264 3541 quam
1293 3460 1390 3545 vulgo
1411 3463 1622 3529 existimatur.

526 3558 673 3643 Quorum
689 3581 791 3643 pauca
805 3560 885 3623 haec
899 3558 1199 3642 impraesentiarum
1214 3562 1375 3647 attingere
1389 3566 1560 3631 suffecerit.

574 3662 637 3747 [7.]
664 3662 782 3741 Primo,
799 3660 926 3745 expedit
941 3668 980 3724 ut
994 3660 1099 3726 morbi
1113 3683 1225 3726 omnes
1243 3664 1285 3728 sd
1300 3665 1448 3732 definitas
1463 3690 1501 3733 ac
1520 3674 1623 3734 certes

526 3764 646 3851 species
660 3770 859 3841 revocentur,
875 3764 988 3829 eadem
1006 3786 1136 3849 prorsus
1158 3766 1326 3848 diligentia
1340 3788 1378 3831 ac
1391 3768 1548 3857 ἀκριβείᾳ,
1560 3792 1624 3854 qua

524 3867 559 3931 id
573 3867 696 3931 sactum
710 3866 854 3945 videmus
870 3889 889 3931 a
902 3866 1061 3933 botanicis
1070 3869 1276 3953 scriptoribus
1287 3868 1323 3931 in
1337 3869 1403 3933 suis
1417 3872 1622 3954 phytologiis.

525 3969 654 4053 Quippe
667 3969 873 4053 reperiuntur
892 3970 1006 4049 morbi,
1022 3971 1078 4055 qni
1092 3972 1152 4035 sub
1172 3972 1285 4035 eodem
1300 3991 1418 4053 genere
1437 3993 1474 4033 ac
1488 3993 1623 4037 nomen·

524 4072 648 4157 elatura
666 4070 798 4153 redacti,
818 4092 856 4137 ae
873 4072 978 4155 quoad
995 4074 1153 4140 nonnulla
1173 4078 1390 4157 symptomata
1410 4071 1472 4135 sibi
1486 4071 1622 4135 invicem

523 4173 715 4253 consimiles,
731 4180 842 4257 tamen
857 4180 890 4241 et
910 4181 1028 4239 natura
1041 4175 1128 4240 inter
1142 4196 1176 4239 se
1191 4175 1330 4255 discreti,
1345 4174 1507 4240 diversum
1524 4172 1622 4237 etiam

522 4275 705 4356 medicandi
734 4276 867 4343 modum
895 4278 1071 4361 postulant.
1124 4278 1242 4341 Cardas'
1271 4276 1403 4363 quidem
1430 4296 1551 4341 nomen
1580 4275 1623 4343 ad

521 4377 629 4460 plures
644 4378 818 4443 herbamm
833 4380 953 4465 species
968 4378 1097 4445 extendi
1112 4401 1206 4445 nomo
1220 4381 1344 4461 nescit:
1369 4388 1403 4445 at
1417 4402 1492 4446 vero
1506 4400 1621 4465 parum

521 4486 670 4565 recusate
695 4479 791 4545 saciet
812 4480 861 4547 rei
882 4481 1048 4549 herbariae
1067 4482 1212 4567 scriptor,
1240 4484 1296 4566 qui
1319 4484 1503 4568 generalem
1525 4483 1622 4567 hujus

519 4579 649 4663 plantae
672 4581 918 4667 descriptionem
938 4586 1014 4671 (qua
1038 4584 1202 4651 sciliceta
1224 4587 1359 4653 caeteris
1385 4587 1538 4671 stirpibus
1558 4585 1621 4649 dis-

519 4685 651 4769 crepat)
668 4706 847 4769 proponere
871 4694 1053 4765 contentus,
1078 4688 1207 4772 propria
1230 4688 1363 4753 interim
1392 4696 1426 4752 et
1448 4688 1622 4771 peculiaria

766 4824 779 4851 ¹
797 4810 877 4875 [suat]
890 4812 930 4860 Sic
940 4812 993 4877 ipsc
1003 4814 1167 4874 Verulamium,
1178 4820 1224 4867 siat
1235 4815 1299 4867 mals
1312 4815 1370 4879 Syl.
