3825 5759
416 568 422 581 .
528 636 592 699 112
842 630 1038 695 ΤΗΟΜΑΕ
1062 624 1319 695 SYDENHAM

395 815 494 863 enirn
524 790 769 877 quibuscunque
792 791 970 875 praeceptis
991 790 1219 855 umbratilibus
1241 788 1476 873 anteponendo,
1491 772 1624 871 phlebo-

376 880 492 992 {limi
523 894 658 959 tomiam
674 894 821 958 similiter
836 892 1061 957 administrare
1072 914 1139 956 uon
1154 890 1308 955 dubitavi.

371 956 510 1055 Annibi
573 994 655 1079 [37.]
685 992 784 1059 Hunc
796 1000 905 1059 autem
915 995 1017 1058 ritum
1030 992 1245 1057 imminuendi
1253 992 1416 1057 liberalius
1431 990 1624 1074 sanguinem

369 1072 509 1151 Q
527 1096 592 1179 (cui
613 1096 712 1160 etiam
735 1096 881 1180 ptisanae
905 1116 942 1159 ae
965 1094 1090 1160 diaetae
1115 1094 1150 1158 id
1173 1116 1276 1177 genus
1300 1093 1520 1175 refrigerantis
1544 1114 1623 1155 usus

525 1198 678 1280 accessit)
705 1198 741 1261 in
763 1196 874 1261 multis
897 1196 1002 1281 aegris
1027 1198 1110 1263 miro
1121 1196 1279 1282 ,profectu
1302 1195 1497 1271 continuavi,
1521 1195 1623 1259 donec

523 1299 657 1363 tandem
670 1299 706 1363 in
722 1298 954 1365 nonnullorum
969 1300 1162 1364 tractatione
1176 1299 1270 1362 solito
1285 1306 1433 1361 sucbeseu
1448 1296 1623 1360 destitutru

523 1422 600 1485 prae
616 1401 813 1466 adstantium
828 1402 997 1485 protervia,
1014 1401 1070 1484 qui
1087 1399 1291 1484 praejudiciis
1304 1398 1456 1462 inanibus
1475 1399 1623 1481 occupati

524 1501 667 1567 debitam
704 1504 871 1587 sanguinis
901 1503 1117 1587 quantitatem
1154 1500 1273 1565 auferri
1308 1522 1376 1564 non
1405 1500 1621 1583 patiebantur,

371 1627 475 1691 Sangui·
527 1606 657 1689 (magno
672 1604 909 1688 aegrotantium
931 1606 1028 1684 malo,
1044 1604 1171 1687 quibus,
1188 1604 1301 1666 saltem
1320 1602 1399 1665 dum
1420 1601 1456 1664 in
1473 1602 1534 1665 hoc
1553 1623 1622 1667 car-

370 1692 464 1803 hl‘ffi'l‘
481 1756 499 1805 t·
524 1706 599 1771 dine
615 1708 748 1771 curandi
771 1728 885 1793 scopus
899 1714 1089 1785 versaretur,
1105 1705 1237 1787 sanguis
1254 1711 1311 1768 aut
1334 1703 1505 1767 sufficienti
1520 1726 1621 1786 quan-

369 1772 511 1883 {iiiiii
524 1809 618 1873 titate
634 1818 690 1873 aut
705 1831 773 1874 non
788 1810 921 1873 omnino
940 1808 1157 1873 detrahendus
1172 1808 1300 1889 fuerat)
1317 1806 1480 1889 insignem
1497 1805 1621 1869 obicem

368 1892 470 1996 :fflssss
524 1912 693 1976 conatibus
708 1912 787 1976 meis
810 1911 993 1996 oppositum
1014 1910 1118 1989 sensi;
1141 1932 1178 1974 ac
1200 1909 1334 1993 proinde
1353 1910 1453 1971 alium
1474 1930 1495 1971 a
1508 1928 1622 1973 venae·

369 2012 494 2123 getranen-
524 2014 665 2077 sectione
679 2014 755 2078 huic
774 2014 887 2078 morbo
909 2014 1098 2077 oecumendi
1118 2012 1251 2077 modum
1269 2010 1410 2095 reperiri,
1426 2030 1622 2094 magnopere

370 2091 453 2204 (ἔξω
465 2153 495 2201 ob
523 2136 563 2179 ex
576 2136 639 2178 usu
653 2116 801 2179 futurum
819 2114 971 2199 judicavi.
1022 2114 1104 2197 [38]
1124 2114 1325 2179 Nocumenti
1343 2114 1428 2197 quod
1448 2113 1622 2196 aliquando

368 2232 468 2265 causam
523 2217 635 2281 insons
654 2217 738 2294 dedi,
753 2238 821 2280 non
836 2238 875 2280 ex
897 2238 935 2280 eo
950 2217 1037 2300 quod
1057 2217 1248 2299 sangninem
1264 2216 1448 2295 ademerim,
1464 2216 1520 2279 sed
1535 2216 1622 2299 quod

368 2282 563 2393 piffiffi'ex
584 2326 659 2382 voto
685 2318 824 2382 eundem
851 2318 991 2382 adimere
1013 2318 1187 2401 impeditus
1212 2318 1339 2397 fuerim,
1363 2318 1545 2402 exemplum
1567 2318 1622 2383 hic

369 2410 400 2457 ‘¹⁰
412 2410 487 2457 Μ’·
524 2420 691 2484 adducam.
746 2422 889 2485 Vocatus
919 2420 960 2484 ad
986 2420 1139 2503 juvenem
1169 2421 1340 2503 quendam,
1365 2426 1621 2503 temperamento

368 2481 498 2585 iiidie
523 2523 701 2606 sanguineo
723 2544 760 2587 ac
781 2522 897 2586 habitu
911 2522 1064 2585 athletico
1078 2522 1270 2605 praeditum,
1287 2543 1384 2605 quem
1402 2522 1513 2586 Febris
1527 2523 1620 2586 vehe-

365 2602 478 2714 ffiffifff
523 2624 664 2689 mentior
686 2646 760 2689 eum
786 2624 948 2688 doloribus
970 2624 1084 2707 capitis
1105 2624 1318 2706 vertiginosis,
1340 2625 1464 2689 vomitu
1486 2625 1619 2704 enormi,

523 2727 657 2810 aliisque
678 2726 712 2789 id
735 2747 836 2811 genus
859 2726 1129 2810 symptomatibus
1154 2748 1174 2790 a
1194 2726 1295 2790 biduo
1318 2727 1523 2810 corripuerat,
1545 2748 1620 2790 cum

521 2831 650 2894 nullum
680 2830 790 2895 adesse
819 2830 955 2895 tumoris
986 2829 1118 2913 signum
1146 2828 1364 2912 interrogatus
1394 2828 1619 2913 responderet;

520 2932 632 2997 statim
647 2932 771 2997 liberali
786 2954 887 2997 manu
903 2932 1096 3015 sanguinem
1110 2932 1217 2995 emitti
1231 2930 1394 3014 imperavi,
1413 2932 1515 3015 (cujus
1530 2931 1621 2995 refri-

520 3034 624 3119 gerati
645 3036 827 3119 superficies
842 3034 1052 3119 purisormem
1071 3034 1314 3117 pleuriticomm
1329 3034 1521 3117 sanguinem
1540 3034 1620 3098 refe·

518 3136 634 3219 rebat)
665 3138 862 3220 praescripta
887 3138 987 3201 etiam
1010 3136 1139 3219 ptisana
1160 3157 1235 3200 eum
1260 3136 1396 3221 jusculis
1428 3159 1465 3201 ac
1489 3136 1620 3221 julapiis

519 3236 795 3319 refrigerantibus.
835 3238 867 3302 A
881 3238 1015 3302 meridie
1025 3260 1083 3322 pro
1098 3238 1318 3303 secundariae
1331 3260 1442 3323 parem
1454 3239 1620 3323 sanguinis

515 3338 678 3420 jacturam
701 3338 810 3416 subiit,
827 3359 891 3421 qua
912 3339 1012 3402 etiam
1033 3346 1188 3422 sequente
1211 3360 1326 3403 aurora
1347 3340 1495 3405 similiter
1519 3342 1619 3405 mulc-

520 3445 608 3502 tatus
630 3446 690 3502 est.
737 3438 805 3502 Sub
829 3439 926 3523 hujus
950 3448 1059 3505 autem
1081 3441 1146 3505 diei
1167 3443 1257 3506 exitu
1279 3463 1413 3525 aegrum
1435 3464 1546 3507 meum
1569 3442 1619 3507 in-

520 3538 635 3617 visens,
651 3560 727 3602 eum
746 3538 876 3623 quidem
897 3542 1002 3605 multo
1022 3543 1138 3607 melius
1157 3564 1192 3607 se
1213 3543 1342 3623 habere,
1357 3551 1391 3608 et
1410 3545 1620 3609 nihilominus

520 3641 640 3705 amicos
651 3642 721 3727 ejus
735 3642 886 3707 adversus
900 3644 1087 3709 ulteriorem
1096 3647 1387 3712 venae-sectionem
1401 3647 1517 3711 animis
1527 3649 1619 3712 rehe-

522 3748 649 3806 menter
663 3742 851 3822 obstinasse,
867 3744 1082 3829 deprehendo,
1097 3768 1194 3830 quam
1209 3756 1320 3813 tamen
1338 3770 1398 3832 ego
1418 3750 1524 3813 denuo
1539 3750 1621 3813 cele·

521 3843 680 3908 brundam
709 3865 777 3909 esse
803 3846 896 3910 enixe
919 3848 1082 3926 contendi,
1108 3870 1273 3933 superesse
1302 3852 1435 3915 alteram
1461 3850 1619 3915 duntaxat

520 3944 812 4011 venae-sectionem
836 3946 997 4026 dictitans,
1013 3970 1096 4031 quae
1117 3970 1250 4032 aegrum
1271 3952 1308 4015 in
1327 3952 1409 4015 sicco
1431 3950 1618 4028 collocaret3

521 4045 573 4109 sin
588 4054 702 4111 eontra
720 4047 783 4111 uiti
799 4056 981 4132 pergerent,
998 4051 1098 4113 satius
1117 4052 1216 4115 fuisse
1234 4060 1273 4117 ut
1287 4053 1377 4117 nullo
1398 4052 1531 4117 omnino
1546 4074 1618 4117 san·

522 4148 621 4233 guine
650 4148 794 4215 detracto
823 4151 947 4216 curatio
976 4174 1034 4237 per
1063 4153 1193 4218 sudores
1223 4156 1375 4220 instituta
1398 4156 1530 4235 fidsset3
1553 4176 1620 4219 uno

521 4252 628 4331 verbo,
644 4274 777 4336 aegmm
797 4262 885 4320 certo
900 4256 1019 4320 certitu
1037 4256 1258 4321 interiturum.
1303 4259 1511 4343 Praesagium
1526 4280 1620 4324 even·

522 4360 576 4417 tus
588 4356 808 4435 confirmavit3
831 4380 908 4422 nam
928 4357 1007 4422 dum
1022 4358 1101 4423 haec
1119 4359 1285 4424 altercatio
1304 4362 1352 4425 rei
1367 4362 1512 4445 agendae
1530 4382 1620 4427 ocea-

523 4454 647 4521 sionem
665 4459 866 4543 corrupisset,
882 4461 1027 4525 maculae
1049 4482 1228 4544 purpureae
1246 4464 1402 4545 postridie
1426 4472 1602 4547 eruperunt
1611 4488 1622 4541 ;

526 4556 693 4637 (nimirum
705 4562 858 4625 materiae
873 4564 1037 4645 peccantis
1050 4564 1204 4647 reliquiis,
1217 4586 1296 4647 quas
1310 4565 1465 4629 radicitus
1477 4564 1623 4629 evacuari

522 4656 674 4738 oportuit,
690 4678 764 4722 cum
774 4660 843 4743 jam
858 4684 989 4728 omnem
1004 4664 1168 4729 abscessus
1182 4688 1272 4750 spem
1291 4664 1510 4748 phlebotomia
1523 4666 1622 4730 toties

525 4758 663 4840 repetita
677 4758 872 4843 abstulisset,
888 4786 979 4831 mora
993 4788 1051 4832 sua
1064 4767 1247 4833 universam
1262 4768 1385 4833 cruoris
1398 4789 1537 4833 massam
1551 4787 1622 4851 per-
