3825 5759
507 682 885 750 OBSERVATIONES
908 682 1128 749 MEDICAE.
1327 684 1368 745 21

261 846 320 913 sed
342 846 426 911 meis
446 844 723 910 observationibus
745 845 912 910 adstruere
933 845 1051 923 fidem;
1074 844 1160 928 quod
1181 850 1220 908 ut
1240 842 1368 921 faciam,
1398 861 1495 911 Ριιιι.

261 949 412 1014 hectoris
426 946 618 1032 patientiam
633 946 778 1012 desidem
792 952 933 1025 taum,
948 966 1016 1011 non
1030 947 1181 1011 favorem.
1219 946 1285 1009 Bes
1298 944 1370 1027 ipsa
1382 926 1525 1004 Q

262 1052 390 1117 etenim
420 1050 509 1115 brevi
537 1049 697 1133 loquetur,
723 1070 767 1113 an
794 1049 933 1114 fideliter
961 1056 996 1113 et
1024 1050 1149 1113 sinemo
1177 1048 1287 1113 animo
1315 1047 1369 1111 bic

263 1155 399 1238 egerim,
415 1174 458 1218 an
472 1174 491 1219 e
506 1160 629 1230 contra,
644 1152 686 1217 ad
699 1153 803 1217 instar
817 1152 1052 1217 sceleratissimi
1071 1152 1212 1216 hominis
1225 1171 1370 1216 morum-

263 1277 327 1339 que
354 1254 697 1339 profligatissimcrunr,
721 1254 916 1319 homicidam
940 1276 994 1319 me
1018 1254 1234 1339 praestiterim
1258 1254 1310 1317 vel
1331 1253 1369 1317 in

263 1365 353 1423 aem
368 1356 525 1433 defossus.
567 1356 663 1427 Illam
676 1364 808 1421 tantum
822 1356 903 1421 mibi
916 1357 1044 1421 veniam
1058 1362 1143 1439 peto,
1159 1355 1245 1439 quod
1259 1354 1368 1418 minus

264 1466 418 1523 accurate
436 1480 533 1541 quarn
554 1478 782 1541 proposueram
803 1458 995 1523 Morborum
1011 1457 1190 1522 Historiam
1212 1477 1251 1521 ac
1266 1457 1367 1521 Cura-

263 1560 391 1624 tionem
426 1560 639 1642 descripsero:
677 1582 753 1624 cum
786 1582 854 1625 non
883 1568 952 1624 tam
981 1566 1102 1624 metam
1131 1560 1240 1641 figam,
1270 1580 1368 1641 quam

263 1662 393 1725 animos
406 1662 446 1724 iis
461 1660 589 1739 addam,
605 1662 661 1744 qui
678 1662 819 1727 feliciore
839 1662 972 1745 ingenio
990 1660 1129 1745 praediti
1146 1660 1188 1723 ad
1205 1660 1268 1723 hoc
1287 1681 1367 1742 opus

262 1763 402 1846 posthac
417 1782 450 1827 se
466 1764 646 1846 accingent,
662 1763 747 1847 quod
758 1764 828 1849 jam
843 1784 903 1847 ego
917 1762 1105 1847 imperfecte
1118 1760 1243 1856 molior.

313 1864 400 1949 [28.]
428 1864 542 1929 Unum
565 1864 670 1929 adhuc
694 1872 795 1930 restat
817 1866 858 1929 de
880 1886 944 1951 quo
966 1864 1146 1929 monendus
1168 1869 1218 1929 est
1240 1863 1366 1941 Lector,

263 1966 347 2030 mihi
366 1966 404 2029 in
425 1966 534 2031 animo
553 1988 621 2031 non
643 1986 711 2031 esse
731 1973 901 2051 sequentes
922 1968 1057 2051 paginas
1077 1964 1206 2031 infinito
1227 1964 1367 2048 particu-

263 2069 384 2133 larium
408 2067 668 2133 observationum
689 2091 826 2134 numero
851 2068 1045 2148 distendere,
1071 2068 1188 2153 quibus
1207 2066 1394 2132 Methodo

263 2170 388 2236 ibidem
403 2170 541 2235 traditae
562 2170 660 2235 fidem
680 2178 843 2249 astruam3
868 2171 1002 2253 (frustra
1019 2172 1108 2235 enim
1122 2176 1157 2235 et
1170 2190 1246 2234 cum
1260 2169 1367 2233 taedio

264 2272 413 2337 hectoris
434 2278 656 2356 repeterentur
678 2272 742 2337 ista
761 2273 959 2356 singulatim,
976 2295 1058 2357 quae
1076 2274 1113 2335 in
1131 2293 1273 2337 summas
1291 2292 1366 2335 oon-

263 2374 351 2438 trsxi
359 2375 382 2457 5)
407 2374 485 2439 satis
504 2380 614 2439 autem
635 2374 736 2439 habui
754 2374 795 2439 ad
815 2376 935 2441 calcem
950 2374 1181 2441 observationis
1194 2373 1367 2458 cujuslibet

265 2474 426 2559 merulis
451 2476 577 2559 (saltem
599 2497 681 2559 qnae
707 2476 748 2541 ad
770 2497 874 2541 annm
896 2498 1036 2561 nuperos
1057 2478 1202 2561 spectat)
1226 2476 1367 2559 partico-

264 2578 367 2643 larem
391 2577 444 2641 hic
461 2577 528 2641 illic
547 2577 728 2659 adnectere,
745 2600 809 2662 qna
822 2579 973 2643 Methodi
990 2579 1210 2662 praecedentis
1223 2575 1369 2642 medulla

264 2680 495 2745 contineretur.
543 2679 615 2745 Hoc
629 2680 760 2745 interim
775 2681 926 2765 spondeo,
936 2683 1061 2746 nnllam
1074 2704 1096 2746 a
1108 2702 1162 2745 me
1171 2679 1367 2745 Methodum

264 2782 450 2864 generalem
469 2782 567 2847 tuisse
589 2783 781 2867 eudgatam,
801 2804 884 2866 quae
906 2784 1104 2867 experientia
1125 2783 1279 2847 reiterata
1298 2802 1367 2845 non

264 2893 313 2950 cst
329 2884 474 2949 stabilita
488 2892 585 2967 atque
599 2886 797 2950 confirmata.

312 2987 399 3071 [29]
428 2986 493 3051 Sed
515 2993 548 3051 et
567 3008 623 3071 spe
644 2988 854 3052 bustrabitor
875 2988 931 3070 qui
949 2987 1118 3070 ingentem
1140 2984 1367 3061 remediorum,

265 3110 323 3153 seu
337 3089 560 3167 formularum,
576 3090 697 3173 sylvam
712 3090 765 3155 hic
780 3089 1004 3173 expectaverit,
1019 3109 1095 3153 cum
1109 3087 1233 3153 Medici
1243 3086 1367 3170 judicio

265 3192 483 3275 permittebar,
498 3199 537 3256 ut
551 3212 610 3275 pro
629 3213 664 3257 re
683 3200 762 3258 nata
775 3193 815 3257 iis
836 3198 949 3257 utatur
957 3218 968 3271 3
989 3191 1072 3255 mibi
1091 3190 1209 3255 sufficit
1221 3189 1367 3253 innuisse

266 3294 384 3376 quibus
398 3293 650 3358 indicationibus
664 3294 924 3359 satisfaciendum
940 3301 999 3373 est,
1014 3314 1078 3377 quo
1093 3293 1191 3358 etiam
1206 3292 1318 3358 ordine
1333 3300 1367 3357 et

266 3404 429 3481 tempore;
452 3396 574 3461 etenim
589 3396 625 3459 in
644 3418 683 3461 eo
702 3398 871 3480 praecipue
891 3404 956 3463 stat
977 3396 1143 3461 Medicina
1157 3396 1312 3475 Practica
1327 3406 1368 3460 ut

266 3498 425 3580 genuinas
439 3498 651 3563 indicationes
667 3500 821 3583 expiscari
834 3500 1007 3579 valeamus,
1022 3522 1090 3565 non
1103 3506 1143 3564 ut
1156 3500 1299 3564 remedia
1313 3520 1367 3563 ex-

267 3601 456 3683 cogitemus,
487 3600 603 3684 quibus
636 3601 699 3665 illis
729 3602 876 3666 satisfieri
905 3604 1024 3685 possit,
1058 3601 1145 3686 quod
1174 3604 1231 3685 qni
1258 3603 1368 3665 minus

267 3702 490 3781 observabant,
511 3704 686 3787 empericos
704 3704 801 3767 armis
816 3704 1006 3784 instituere,
1025 3705 1142 3789 quibus
1162 3704 1367 3769 Medicorum

267 3826 366 3889 opera
377 3804 500 3869 imitari
515 3812 645 3889 queant.

315 3906 399 3992 [θα]
427 3907 525 3973 Quod
539 3908 567 3971 si
581 3908 653 3991 quis
674 3908 828 3993 objecerit
849 3929 902 3973 me
923 3910 959 3973 in
978 3910 1139 3994 aliquibus
1153 3930 1222 3974 non
1235 3914 1367 3973 tantum

267 4009 576 4075 medicamentorum
585 4032 721 4095 pompae
735 4012 950 4091 renunciasse,
961 4012 1018 4077 sed
1032 4013 1211 4096 eainsuper
1224 4010 1368 4075 remedia

266 4110 468 4196 proposuisse
489 4134 572 4196 quse
592 4114 633 4177 ad
655 4114 824 4177 materiam
845 4114 1004 4179 medicam
1025 4115 1078 4178 via
1098 4115 1223 4197 possint
1244 4110 1366 4188 referri,

267 4214 347 4278 adeo
374 4220 452 4279 sunt
476 4214 634 4298 simplicia
662 4222 759 4299 atque
780 4217 1005 4293 inartificiosis,
1031 4212 1217 4295 vulgaribus
1235 4220 1366 4276 tantum

269 4314 416 4398 (opima)
442 4336 480 4380 ac
508 4316 630 4400 plebeis
659 4318 775 4382 animis
798 4318 859 4383 hac
883 4318 920 4381 in
942 4336 979 4380 re
1003 4314 1188 4398 displicebo.
1232 4314 1366 4376 Norunt

266 4416 354 4480 enim
377 4418 537 4500 sapientes
558 4418 646 4483 bona
668 4440 706 4483 ea
729 4440 798 4484 esse
817 4420 926 4483 omnia
940 4437 1023 4501 quae
1044 4423 1122 4481 sunt
1143 4416 1246 4494 utilia,
1268 4422 1365 4498 atque

268 4513 510 4601 Hippocratem,
528 4520 607 4585 dum
632 4522 758 4587 lollium
779 4542 875 4585 usum
899 4520 936 4583 in
960 4519 1025 4581 ileo
1049 4518 1193 4583 sanando
1215 4519 1366 4601 pmponit

272 4618 335 4701 [Dc
343 4620 448 4685 Mos-b.
459 4621 505 4685 iii.
516 4628 542 4686 t.
551 4622 585 4686 ii.
598 4645 629 4706 p.
639 4624 745 4706 305.]‚
757 4630 790 4687 et
801 4624 837 4686 in
848 4620 1055 4685 canoronibil
1063 4642 1193 4704 prorsus
1201 4618 1366 4703 agendum

267 4722 422 4806 praecipit
450 4724 548 4806 [Apa.
564 4725 604 4788 vi.
620 4728 673 4789 88.
694 4732 719 4789 t.
734 4725 780 4788 iii.
800 4747 831 4808 p.
852 4722 956 4805 754.],
986 4721 1095 4805 (atque
1120 4722 1278 4806 ejusmodi
1303 4720 1367 4783 alia

268 4843 349 4903 quae
368 4825 403 4889 in
426 4825 563 4907 singulis
585 4826 651 4891 fere
673 4827 806 4910 pagellis
828 4825 947 4909 scripta
969 4823 1146 4907 leguntur)
1171 4844 1238 4885 non
1257 4822 1367 4885 minus
