3825 5759
679 656 941 722 TRACTATUS
965 657 1013 721 Il.
1329 658 1394 722 473

294 822 393 887 etiam
409 818 649 885 corroborantia
670 818 808 883 subinde
829 819 998 899 exhibere3
1020 826 1141 900 tamen,
1157 839 1231 883 cum
1253 824 1323 884 tota
1343 838 1396 882 res
1425 830 1467 879 Da
1481 830 1536 878 Hs.

293 925 329 989 in
347 925 410 989 isto
433 924 538 988 solum
559 923 689 988 cardine
708 924 846 988 vertitur
866 934 905 990 ut
925 925 1057 1007 sanguis
1076 923 1311 1002 corroboretur,
1326 944 1395 987 om·
1436 909 1531 998 paors.

293 1032 373 1095 nino
386 1050 517 1093 necesse
532 1036 580 1092 est
594 1036 633 1092 ut
648 1050 668 1092 a
681 1028 865 1093 catharticis
881 1027 1110 1093 abstineamus.
1408 1058 1484 1115 pem,
1496 1014 1549 1098 ,us

342 1132 425 1218 [39]
453 1131 646 1196 Notandum
669 1138 718 1195 est
741 1138 861 1210 autem,
882 1152 1017 1214 aegrum
1039 1153 1106 1196 non
1129 1150 1255 1214 semper
1278 1129 1395 1208 sanan,
1408 1116 1516 1179 aaran.

294 1236 439 1321 quamvis
452 1234 584 1321 utrique
597 1233 790 1299 indicationi
809 1233 1067 1309 satisfecerimus,
1082 1232 1118 1296 id
1131 1240 1191 1312 est,
1206 1239 1278 1296 tum
1293 1254 1396 1316 aquae

293 1340 329 1403 in
351 1338 523 1403 abdomine
544 1344 715 1422 congestae
733 1336 866 1401 omnino
888 1336 1023 1401 eductae
1044 1336 1177 1414 fuerint,
1199 1342 1273 1400 tum
1297 1337 1397 1400 etiam

294 1440 514 1506 calefacientia
524 1447 558 1505 et
572 1440 812 1505 corroborantia
824 1446 938 1524 postea
952 1438 994 1503 ad
1008 1441 1263 1523 praecavendum
1277 1462 1397 1505 novum

294 1564 453 1629 aquarum
474 1550 667 1627 proventum
689 1542 811 1607 fuerint
832 1542 992 1607 exhibita:
1016 1543 1138 1607 etenim
1152 1564 1220 1607 non
1234 1564 1306 1608 raro
1321 1566 1397 1607 oon·
1517 1539 1520 1543 ’

294 1647 393 1730 tingit
407 1652 445 1711 ut
460 1645 596 1725 Ascites‚
613 1646 655 1710 ad
668 1645 788 1709 multos
803 1666 905 1709 annos
924 1644 1113 1728 perdruans,
1128 1644 1283 1709 diuturna
1300 1667 1399 1731 aqua-

294 1770 368 1813 ram
381 1748 418 1813 in
431 1748 553 1813 viscera
566 1747 775 1813 incubatione
790 1768 903 1813 eorum
923 1746 1137 1811 substantiam
1151 1748 1351 1831 perverterit,
1367 1755 1400 1812 ct

295 1852 386 1935 quasi
406 1851 641 1929 semi-coxerit3
664 1858 781 1916 ettam
802 1851 872 1934 ipsa
892 1850 1014 1915 viscera
1032 1872 1130 1935 quam
1151 1859 1258 1935 partes
1280 1852 1402 1916 vicinas

295 1952 473 2038 corruperit
497 1954 639 2037 penitus,
667 1953 838 2038 glandulas
861 1955 1154 2037 praeternatmales
1183 1962 1217 2019 et
1245 1956 1401 2021 vesiculas

296 2059 385 2124 sanie
406 2056 552 2141 turgidas
575 2077 744 2141 generans,
761 2063 795 2122 et
810 2057 919 2121 omnia
933 2056 1022 2121 intra
1036 2056 1216 2121 abdominis
1231 2058 1402 2123 caritatem

296 2168 451 2229 contenta
469 2161 506 2225 in
527 2158 760 2245 putrilaginem
783 2159 874 2245 quasi
896 2157 1060 2243 quandam
1074 2167 1263 2224 convertens
1273 2186 1286 2240 3
1306 2166 1402 2244 prout

296 2268 332 2331 iu
355 2286 469 2330 eorum
495 2263 702 2329 cadaveribus
728 2264 787 2350 qui
816 2263 857 2327 ab
881 2262 994 2327 Ascite
1016 2262 1196 2327 inveterato
1221 2270 1297 2328 sunt
1317 2264 1402 2329 inte-

296 2368 425 2451 rempti,
441 2366 541 2431 sectio
561 2366 723 2451 patefecit.
769 2366 908 2431 Morbus
930 2364 972 2429 ad
993 2365 1082 2430 hunc
1097 2367 1234 2450 gradum
1245 2368 1315 2451 jam
1329 2389 1402 2451 pro-
1415 2374 1558 2423 Morbum

298 2475 417 2547 vectus,
434 2468 512 2532 artis
527 2466 669 2532 subsidia
686 2470 857 2553 (quantum
871 2469 987 2552 video,)
1005 2471 1194 2536 contemnit.
1228 2471 1401 2535 Nihilomi-
1414 2454 1559 2567 gmon

297 2590 361 2634 nus
387 2568 510 2633 Medici
533 2575 592 2648 est,
618 2590 692 2633 cum
722 2577 810 2635 certo
834 2572 916 2635 scire
945 2580 1087 2655 nequeat
1113 2580 1272 2657 quantum
1296 2574 1551 2644 adhucPrqmmb

297 2694 401 2739 noxae
422 2670 597 2737 visceribus
618 2672 745 2737 illatum
764 2674 872 2753 fuerit,
888 2675 1089 2738 curationem
1111 2675 1201 2739 omni
1222 2696 1282 2759 ope
1296 2676 1402 2738 moliri
1415 2633 1557 2759 :diiig-

298 2776 449 2842 remediis
463 2782 532 2839 tam
550 2775 780 2839 evacuantibus
803 2796 900 2857 quam
922 2774 1203 2839 corroborantibus
1211 2801 1221 2854 3
1245 2782 1278 2839 et
1296 2796 1403 2859 neque
1415 2761 1459 2809 ¹¹³⁸

300 2880 408 2945 animo
422 2880 511 2964 ipsus
527 2878 650 2956 cadere,
666 2898 772 2963 neque
787 2898 884 2961 aegro
905 2882 943 2939 ut
966 2876 1061 2939 cedat
1076 2884 1188 2940 auctor
1202 2896 1280 2955 esse,
1296 2876 1402 2939 debet.
1416 2840 1554 2952 ssffilii'.

301 2981 364 3047 cui
377 2980 425 3045 rei
436 2979 477 3044 ob
492 2980 577 3043 hanc
591 2978 795 3061 potissimum
810 2999 940 3042 causam
952 2977 1060 3042 danda
1068 2986 1117 3042 est
1132 3000 1238 3062 opera,
1250 2978 1404 3061 quonism
1416 2970 1439 3017 ά
1449 2976 1493 3045 5⁸⁸,
1505 2984 1554 3016 '¹⁰¹¹

300 3088 336 3151 in
357 3084 527 3170 permultis
547 3082 725 3163 affectibus,
740 3082 846 3147 morbi
864 3082 978 3147 fomite
989 3084 1059 3167 jam
1080 3082 1210 3165 penitus
1228 3080 1402 3158 exantlato,
1415 3048 1550 3157 diram·

300 3190 431 3255 Natura
453 3190 547 3272 (quae
561 3194 672 3251 noctes
694 3193 791 3270 atque
813 3185 881 3250 dies
902 3187 1022 3251 nostris
1042 3186 1139 3251 rebus
1160 3186 1306 3269 invigilat
1328 3206 1403 3249 con-

302 3293 464 3375 sulitque)
496 3297 611 3377 sponte
640 3311 700 3355 sua
727 3291 848 3354 mirum
877 3290 913 3355 in
942 3291 1077 3356 modum
1105 3292 1311 3356 machinatur
1339 3312 1404 3377 quo
1417 3299 1535 3347 admor-

302 3418 436 3480 aegrum
466 3417 486 3460 a
514 3395 701 3479 perniciosis
730 3394 837 3460 morbi
864 3396 1009 3480 reliquiis
1039 3396 1166 3460 muniat
1195 3417 1233 3461 ac
1261 3402 1403 3460 tueatur.
1417 3364 1550 3491 {ffiffi

304 3500 523 3567 Quamobrem
552 3500 657 3565 omnis
686 3501 822 3580 Ascites,
853 3502 1092 3586 quantumlibet
1126 3503 1334 3582 inveteratus,
1372 3509 1405 3566 et
1417 3509 1460 3556 W
1470 3508 1541 3558 ⁰001>-

304 3602 543 3689 quantumlibet
562 3603 726 3669 funestam
741 3604 866 3669 cladem
880 3605 1055 3670 visceribus
1069 3606 1225 3685 intulerit,
1240 3604 1329 3669 haud
1343 3604 1406 3669 alio
1417 3567 1535 3686 {iii-F

304 3708 400 3774 modo
414 3707 547 3772 namuri
561 3714 667 3792 potest
683 3730 780 3794 quam
795 3709 823 3774 si
837 3732 926 3775 nunc
940 3712 1082 3794 primum
1096 3712 1284 3796 occoeperit.

353 3810 436 3897 [do]
464 3810 592 3895 Topica,
615 3812 680 3877 sive
701 3814 846 3881 remedia
867 3822 1010 3895 externa,
1029 3817 1199 3900 (quantum
1221 3837 1282 3899 ego
1300 3815 1407 3879 obser·
1420 3824 1549 3889 Topieain

304 3938 379 3981 vare
395 3916 510 4001 potui)
527 3915 611 3979 nihil
633 3917 800 4001 egregium
822 3917 858 3981 in
879 3918 941 3981 hoc
962 3917 1076 3981 morbo
1096 3917 1328 4001 praestiterunt
1346 3891 1552 4017 un-{flffiss

307 4038 414 4099 quam.
459 4018 510 4081 Ea
529 4018 639 4082 minus
659 4020 776 4083 saltem
798 4040 948 4099 nocuere,
965 4042 1047 4103 quae
1067 4020 1104 4083 in
1124 4020 1228 4083 forma
1242 4021 1307 4083 sive
1322 4026 1408 4082 cata·
1421 4020 1455 4094 ti?
1466 4019 1506 4065 vel
1516 4018 1548 4093 ,Ιί-

306 4118 471 4200 plasmatis
493 4118 557 4182 sive
579 4120 742 4185 linimenti
757 4120 922 4185 abdomini
936 4121 979 4184 ad
994 4130 1155 4185 tumorem
1173 4120 1408 4185 discudcndum
1418 4090 1560 4193 ffiffia

307 4219 429 4283 fuerint
462 4220 645 4301 applicata:
679 4242 790 4307 neque
819 4230 931 4285 tamen
959 4223 1061 4301 video,
1091 4244 1155 4306 quo
1183 4230 1278 4305 pacto
1308 4242 1409 4303 aquae
1421 4218 1483 4257 ⁰²⁰2

307 4321 432 4405 possint
447 4320 574 4385 discuti.
619 4322 744 4386 Verum
758 4330 792 4387 et
807 4323 869 4387 alia
883 4330 961 4387 sunt
976 4347 996 4388 a
1011 4325 1177 4389 nonnullis
1194 4324 1410 4389 remediorum
1423 4339 1556 4403 vagarent·

308 4423 380 4487 loeo
394 4422 600 4506 praescripta,
617 4445 699 4506 quae
713 4425 761 4487 ita
779 4446 847 4488 nou
867 4434 1014 4508 prosunt,
1029 4434 1068 4491 ut
1089 4428 1188 4492 etiam
1209 4428 1317 4493 obsint
1339 4428 1409 4512 plu·
1421 4406 1541 4517 {effi

309 4528 437 4591 rimum.
485 4526 682 4610 Hujusmodi
700 4533 777 4592 sunt
796 4535 967 4611 unguenta
987 4552 1005 4595 e
1022 4531 1205 4596 catharticis
1224 4531 1410 4596 fortioribus
1421 4535 1523 4583 nonnus

310 4630 466 4709 confecta,
497 4636 594 4714 atque
624 4628 789 4694 abdomini
818 4632 983 4712 adbibita3
1016 4634 1202 4700 vesicatoria
1229 4635 1309 4700 item
1338 4600 1549 4728 cru-ffiffi.

310 4734 400 4798 ribus
423 4740 457 4798 et
480 4732 568 4797 tibiis
594 4734 849 4819 superimposita,
872 4735 930 4801 ubi
952 4737 1036 4802 cutis
1056 4738 1093 4803 in
1115 4761 1269 4825 magnam
1292 4739 1410 4804 molem
1423 4730 1562 4851 dfflar

310 4836 409 4901 buerit
438 4842 599 4921 protensa,
631 4838 672 4901 ad
706 4860 805 4923 aquas
836 4840 957 4906 scilieet
993 4842 1055 4907 boc
1090 4851 1185 4928 pacto
1217 4843 1409 4909 educendas.
1421 4813 1485 4924 iun
1496 4865 1548 4907 tur-

312 4940 498 5027 Utrumque
519 4939 580 5006 hoc
603 4962 705 5025 genus
727 4942 950 5011 medicationis
973 4952 1022 5012 est
1044 4946 1279 5032 periculosum:
1303 4968 1375 5012 cum
1393 4923 1538 5009 ammi

1424 4996 1476 5038 unt.

831 5050 851 5111 3
869 5069 887 5111 r
