3825 5759
523 661 589 726 314
842 651 1039 720 ΤΗΟΜΑΕ
1063 645 1321 716 SYDENHAM

388 837 502 889 neuen
525 821 600 887 lieet
623 817 846 906 quedentenus
869 813 1050 892 subactum,
1073 832 1112 876 ex
1133 809 1293 876 levissima
1315 826 1442 892 qusque
1463 803 1653 871 occasione

372 905 516 984 Q
530 927 561 1008 (s
573 929 654 1008 potu
668 921 789 985 sufficet
802 918 915 997 nimie,
925 923 982 981 aut
997 915 1149 979 exercitio
1163 912 1307 997 quelibet
1320 909 1564 986 vehementiori,
1573 915 1652 971 ant

527 1025 625 1091 simili
644 1023 728 1106 elia)
746 1043 844 1086 nevas
861 1021 980 1086 excitat
994 1017 1185 1101 tragoedias,
1202 1015 1413 1080 Generrbeea
1432 1011 1650 1096 postliminio

528 1127 783 1205 recrudescente,
799 1125 827 1188 si
847 1144 965 1206 nempe
980 1143 1077 1205 aeger
1094 1120 1277 1185 catharseos
1298 1115 1480 1182 molestiam
1501 1113 1648 1196 defuge-

529 1232 583 1309 rit,
598 1229 745 1294 nondum
761 1227 920 1310 extirpato
933 1224 1089 1288 radicitus
1103 1221 1230 1286 morbo.

377 1335 445 1388 Quid
456 1333 499 1412 ‹15-
580 1331 662 1416 [15]
685 1330 720 1394 Si
734 1335 807 1414 post
821 1326 1009 1411 hujusmodi
1023 1325 1250 1409 purgationem
1262 1320 1473 1387 Genorrboea
1485 1317 1647 1383 nendum

376 1399 500 1512 ffiiffl
531 1433 634 1512 cedat,
651 1453 690 1496 ex
703 1453 765 1495 usu
779 1430 841 1495 erit
855 1431 926 1494 loeo
944 1428 1120 1512 pilularum
1137 1425 1334 1508 (maximein
1347 1424 1387 1486 iis
1403 1422 1460 1505 qui
1473 1421 1649 1484 difficilius
1758 1512 1759 1523 ἵ

376 1527 518 1629 P¹¹¹⁸²⁶⁰¹¹l
531 1536 735 1622 purgantem)
752 1532 918 1617 potentius
938 1529 1068 1614 aliquod
1081 1529 1355 1592 medicamentum
1377 1523 1514 1588 subinde
1533 1523 1647 1586 inter-

378 1607 428 1641 nou
441 1607 507 1640 (lem

378 1656 519 1705 riteonor-
533 1639 647 1716 calare,
678 1634 858 1720 cujusmodi
892 1640 941 1698 est
973 1632 1064 1715 potio
1093 1651 1240 1714 sequens,
1266 1648 1349 1721 quae
1377 1625 1476 1690 semel
1503 1630 1649 1687 tentum
1758 1620 1759 1639 ¹

379 1720 465 1770 ’Μ’
532 1739 651 1804 hausta
677 1737 781 1820 magis
810 1734 984 1820 aliquando
1011 1733 1090 1798 fecit
1119 1732 1161 1796 sd
1189 1727 1366 1795 sistendam
1392 1725 1648 1792 Generrheeam

534 1863 632 1927 quam
645 1839 771 1904 leniore
784 1836 963 1902 cathartica
976 1853 1208 1918 saepenumero
1221 1833 1350 1915 ingesta
1359 1855 1412 1894 :—

536 1997 638 2064 [Fcrm.
652 1993 727 2066 594¹
751 1991 782 2072 R
802 1991 1025 2048 Tamarinderum
1036 1992 1219 2056 semiunciam,

800 2079 934 2133 Foliorum
947 2079 1052 2132 Senuse
1065 2077 1203 2131 drachmas
1214 2074 1291 2140 duas,

800 2165 870 2219 Rbei
881 2164 1140 2236 sesquidrscbmem3

619 2324 625 2338 ·
676 2251 768 2322 coque
776 2249 923 2304 sufficiente
929 2251 1078 2320 quantitate
1086 2265 1186 2318 squac3
1201 2247 1335 2301 celaturae
1343 2244 1430 2299 unciis
1437 2244 1520 2298 tribua
1527 2242 1649 2301 dissolve

801 2335 930 2400 Maenas,
957 2397 961 2404 ¹

801 2420 897 2492 Sympi
910 2422 1041 2476 Rosam
1054 2419 1175 2485 Solutiri,
1186 2437 1239 2474 ana
1250 2421 1358 2474 unciam
1370 2435 1464 2482 mm,

802 2506 897 2578 Sympi
910 2505 943 2560 de
957 2505 1042 2577 Spina
1054 2506 1177 2570 Cervius,

802 2591 947 2648 Electusrii
959 2611 974 2647 e
987 2593 1073 2647 Sucee
1084 2591 1224 2657 Reasmm,
1236 2609 1289 2646 ana
1300 2589 1440 2646 drachmas
1453 2589 1535 2654 deas3

679 2681 781 2746 Misee3
799 2681 847 2736 fiat
857 2681 940 2752 petie.

538 2855 612 2936 Vel,
635 2849 814 2921 curatione¹
838 2849 964 2917 tardius
988 2850 1192 2936 procedente,
1218 2851 1314 2916 detur
1335 2849 1463 2916 tnrbith
1486 2847 1642 2912 minerale

540 2957 582 3023 sd
604 2977 705 3042 grans
722 2961 795 3021 oete
816 2961 947 3019 tantum
967 2953 1019 3018 bis
1040 2955 1092 3018 vel
1110 2961 1171 3033 ter,
1190 2953 1298 3038 (idque
1320 2952 1511 3037 interposite
1533 2949 1642 3014 debite

539 3058 694 3142 temperis
708 3056 822 3142 spatio,
837 3075 880 3120 ne
893 3055 978 3120 ferte
997 3055 1163 3120 oboriebrr
1176 3057 1390 3140 ptyalismuq)
1409 3054 1495 3139 qued
1512 3052 1642 3138 quidem

407 3173 412 3182 '
540 3159 720 3226 remedium
741 3159 778 3222 in
800 3157 994 3222 eradicanda
1013 3159 1223 3224 Gener-rhoea
1241 3160 1446 3244 pervicaciori
1466 3160 1559 3224 facile
1578 3159 1642 3243 pri·

540 3281 610 3324 maa
632 3259 706 3324 fert.
749 3255 833 3322 ‘del'K
851 3255 954 3322 bisin
973 3260 1155 3342 septimane
1170 3262 1290 3345 pilulae
1309 3270 1481 3347 sequentes
1500 3259 1643 3328 exhiberi

542 3365 697 3444 poterunt
707 3382 761 3422 :—
1087 3428 1089 3431 ,

545 3491 645 3558 [Ferre.
657 3489 728 3562 δίλ]Ι
754 3488 786 3570 R,
806 3490 953 3547 Pilularum
966 3511 1000 3548 ex
1013 3494 1126 3551 Duobus
1135 3497 1365 3565 semidraclrmsm,

808 3576 935 3634 Mercurii
949 3579 1045 3636 Dulcis
1056 3585 1208 3654 scrupulum
1221 3603 1317 3651 uuum,

808 3679 869 3716 curn
881 3666 1027 3722 sufficiente
1039 3671 1189 3738 quantitate
1201 3670 1391 3741 Opobalsami;

686 3745 768 3802 Fiant
778 3747 876 3818 pilulae
888 3759 1009 3820 quatuor,
1020 3754 1164 3810 sumendae
1175 3773 1278 3811 summe
1288 3774 1376 3812 mane.

552 3921 556 3928 ·
591 3901 676 3990 [16.]
704 3903 764 3968 Est
787 3909 896 3968 eutem
909 3903 968 3970 ubi
982 3929 1112 3993 aegere
1130 3909 1271 3976 estbersi
1290 3911 1377 3979 dicte
1391 3911 1488 3977 mode
1508 3905 1636 3993 repetita

407 4013 442 4109 το
545 4023 651 4090 usque
669 4001 749 4067 odeo
766 4002 926 4086 abherret,
941 4013 981 4072 ut
1002 4030 1045 4074 ne
1066 4020 1274 4096 conspectum
1289 4015 1429 4098 quidem,
1444 4016 1494 4079 vel
1516 4011 1638 4079 ederem

547 4107 662 4185 solum,
685 4105 902 4170 remediorum
927 4108 1011 4174 ferre
1034 4121 1140 4195 quest,
1184 4115 1245 4179 Est
1268 4116 1367 4180 etiam
1389 4115 1448 4180 ubi
1470 4135 1584 4198 cerpus
1603 4131 1640 4176 ex

548 4205 791 4296 ldwevyxpeer‘q
802 4209 941 4293 quadam
952 4212 999 4276 ita
1012 4215 1220 4296 pertinaciter
1230 4218 1445 4301 purgantibus
1455 4217 1640 4299 refragatur,

545 4321 585 4378 ut
601 4311 711 4377 debita
730 4313 892 4396 peccantis
913 4313 1059 4379 humeris
1075 4317 1238 4400 quantitas
1257 4326 1398 4402 nequest
1416 4317 1529 4396 educi3
1551 4323 1641 4398 atque

546 4413 604 4494 its,
621 4413 700 4477 dum
719 4413 896 4498 impensius
915 4415 951 4480 in
972 4416 1036 4482 boe
1053 4417 1219 4484 laberetur
1232 4421 1323 4486 nulle
1337 4442 1413 4486 eum
1427 4421 1547 4499 bactu
1562 4419 1641 4482 Lues

547 4514 683 4579 tandem
696 4512 833 4600 obrepit,
850 4537 931 4598 quae
945 4537 1001 4582 ees
1019 4520 1201 4603 saepissime
1221 4543 1333 4606 aegros
1349 4524 1496 4588 adoritur
1513 4539 1641 4606 querum

548 4633 684 4700 corpora
697 4616 882 4681 esther-ticis
896 4617 1013 4683 fortius
1027 4619 1199 4685 obsistunt.
1245 4622 1331 4686 Cum
1344 4624 1392 4687 ita
1406 4642 1442 4686 se
1455 4643 1508 4686 res
1521 4619 1641 4700 habeut,

581 4763 592 4797 ¹¹
611 4765 648 4815 Cl
655 4765 781 4824 sermmt,
790 4765 878 4825 aeut.
887 4767 1128 4827 101‚1oa,1ls‚212
1172 4772 1185 4808 ¹
1205 4771 1357 4836 Vel-ncne]
1368 4787 1417 4821 ern.
1428 4771 1466 4822 ed
1477 4774 1528 4821 '80-

583 4829 589 4861 ¹
606 4827 819 4892 ουτοι-μωρὰ]
831 4844 878 4878 em.
891 4831 927 4878 ed.
939 4833 987 4880 '80.
1173 4832 1179 4864 ¹
1197 4834 1236 4884 Cf.
1247 4835 1317 4885 ferm.
1330 4839 1387 4886 222.
