3825 5759
489 626 544 687 ·18
739 640 745 652 ·
810 621 1005 687 ΤΗΟΜΑΕ
1028 622 1288 687 SYDENHAM

369 799 470 848 ruma
499 808 563 869 que
584 784 744 863 morbum,
764 784 861 869 hujus
879 804 945 847 non
970 784 1167 863 dissimilem,
1191 784 1296 847 valeat
1319 788 1467 847 accurate
1487 782 1602 849 distin·

344 863 486 943 Q·
502 910 610 971 guere.
655 888 698 951 In
719 886 890 972 pleuritide
916 886 1015 968 (verbi
1038 886 1163 969 gratia)
1189 885 1246 949 diu
1262 892 1363 968 'atque
1382 886 1546 949 incassum
1568 906 1603 949 se

394 977 396 981 ’
501 989 652 1073 fatigabit
674 989 798 1072 aliquis,
814 1008 874 1052 nec
889 994 1001 1051 tamen
1022 995 1132 1051 mente
1154 994 1342 1071 assequetur
1360 1009 1491 1070 pravam
1512 988 1603 1051 illam

503 1092 608 1156 crasin
624 1096 657 1155 et
675 1090 760 1154 male
775 1089 1000 1153 cohaerentem
1021 1089 1187 1171 sanguinis
1207 1095 1381 1167 texturam,
1396 1110 1480 1173 quae
1498 1090 1604 1172 prima

503 1200 553 1257 est
574 1193 708 1277 hujusce
732 1192 810 1255 mali
836 1191 944 1272 origo;
969 1191 1113 1273 quivero
1135 1210 1266 1255 causam
1291 1212 1311 1253 a
1332 1211 1396 1273 qua
1416 1190 1604 1255 immediate

504 1295 692 1379 pmducitur
706 1301 792 1357 recte
807 1294 1002 1375 cognoverit,
1018 1300 1051 1357 et
1073 1293 1114 1357 ab
1130 1293 1200 1356 aliis
1214 1292 1336 1356 morbis
1359 1292 1604 1376 quibuscunque

504 1398 567 1461 rite
595 1396 699 1459 valeat
730 1395 937 1477 distinguere,
964 1408 1042 1458 non·
1058 1394 1167 1459 minus
1193 1401 1282 1458 certo
1311 1394 1446 1458 curandi
1471 1414 1603 1477 scopum

505 1499 654 1581 attinget,
670 1498 767 1562 etiam
782 1498 931 1579 neglecta
946 1497 1049 1561 otiosa
1062 1497 1126 1559 ista
1140 1503 1237 1579 atque
1252 1496 1362 1559 inutili
1376 1495 1603 1560 remotissima-

503 1621 577 1663 rum
591 1621 760 1663 causarum
774 1598 937 1681 indagine.
985 1598 1049 1661 Sed
1063 1598 1143 1661 haec
1158 1597 1200 1665 tis
1214 1596 1247 1661 ἐν
1260 1594 1398 1682 παρόδῳ.

552 1703 634 1787 [21]
662 1704 683 1766 J
684 1724 737 1765 arn
751 1722 826 1765 vero
841 1702 868 1764 si
883 1707 1017 1782 quaerat
1039 1700 1153 1782 aliquis
1165 1712 1219 1763 'an
1239 1700 1280 1763 ad
1295 1701 1462 1783 praedicta
1471 1700 1512 1763 in'
1522 1701 1604 1764 Arte

504 1804 633 1869 Medica
642 1804 822 1867 desiderata
836 1802 901 1865 duo
915 1802 1034 1884 (veram
1046 1801 1166 1865 scilicet
1181 1808 1215 1865 et
1230 1802 1405 1884 genuinam
1417 1801 1604 1865 morborum

504 1906 694 1982 Historiam,
710 1910 744 1967 et
766 1910 888 1967 certam
907 1904 1195 1987 confirmatamque
1210 1903 1368 1967 Medendi
1382 1903 1601 1985 Methodum',)

502 2030 571 2071 non
586 2006 684 2071 etiam
699 2006 829 2069 accedat
844 2004 978 2068 tertium
996 2004 1087 2081 illud,
1103 2004 1318 2068 remediorum
1337 2026 1453 2088 nempe
1475 2004 1604 2087 Specifi·

500 2126 615 2173 ¹corum
629 2107 792 2183 inventi03
816 2106 1046 2169 assentientem
1068 2126 1120 2168 me
1142 2106 1242 2169 habet
1257 2111 1290 2170 et
1304 2107 1340 2169 i'n
1354 2113 1429 2170 vota
1447 2106 1603 2169 festinan·

503 2218 581 2275 tem.
627 2209 698 2272 Etsi
720 2208 807 2272 enim
830 2207 1008 2271 Methodus
1030 2207 1182 2271 sanandis
1200 2208 1322 2272 morbis
1339 2208 1442 2272 acutis
1465 2208 1604 2273 maxime

503 2310 710 2376 accommoda
724 2309 804 2373 mihi
814 2309 971 2385 videatur,
986 2310 1114 2392 (quibus
1125 2309 1288 2392 exigendis
1304 2330 1379 2373 cum
1392 2310 1521 2373 Natura
1534 2310 1605 2393 ipsa

504 2421 629 2477 certum
652 2413 790 2495 aliquem
813 2412 1029 2476 evacuationis
1051 2411 1185 2475 modum
1209 2412 1370 2490 statuerit,
1394 2433 1604 2495 quaecunque

504 2515 683 2579 Methodus
698 2514 803 2578 eidem
818 2514 880 2577 fert
895 2534 989 2596 opem
1003 2513 1039 2576 in
1054 2513 1271 2596 promovenda
1284 2513 1371 2577 dicta
1386 2514 1603 2590 evacuatione,

505 2616 548 2681 ad
575 2615 681 2680 morbi
709 2616 909 2679 sanationem
938 2615 1312 2697 necessario'conferet,)
1345 2615 1523 2699 optandum
1553 2623 1603 2680 est

504 2725 616 2783 tamen
634 2724 672 2781 ut
694 2716 850 2781 beneficio
866 2716 1095 2800 Specificorum
1112 2716 1152 2800 (si
1175 2738 1257 2800 quae
1277 2718 1356 2780 talia
1374 2717 1512 2781 inveniri
1531 2737 1603 2800 pos-

505 2821 593 2903 sint)
611 2841 707 2903 aeger
720 2820 848 2884 rectiori
863 2819 979 2883 semita
1000 2819 1041 2883 ad
1060 2820 1232 2883 sanitatem
1247 2820 1425 2903 proficeret,
1447 2824 1481 2883 et
1506 2820 1605 2902 (quod

504 2922 634 3007 majoris
664 2922 769 2985 etiam
791 2920 948 2985 momenti
978 2923 1050 3004 est,)
1076 2928 1167 2987 extra
1196 2922 1299 2985 aleam
1328 2922 1605 3004 maloruquuae

504 3031 685 3109 sequuntur
707 3023 923 3087 aberrationes
945 3023 1085 3087 istasin
1107 3044 1186 3106 quas
1208 3044 1302 3106 saepe
1327 3024 1429 3088 invita
1452 3011 1605 3088 dilabitur

504 3127 633 3191 Natura
646 3126 681 3188 in
696 3125 801 3189 morbi
816 3146 912 3189 causa
927 3125 1124 3208 expellenda,
1138 3126 1186 3206 (ut
1201 3131 1239 3188 ut
1253 3130 1404 3207 potenter
1418 3132 1452 3189 et
1463 3124 1602 3189 docte'ei

504 3226 545 3290 ab
561 3228 730 3289 assistente
745 3226 875 3289 Medico
891 3226 1122 3307 subveniatur‚)
1140 3225 1239 3309 possit
1254 3226 1411 3289 collocari.

554 3326 636 3408 [22]
664 3326 788 3388 Verum
803 3327 890 3408 quod
905 3327 946 3389 ad
963 3327 1091 3391 morbos
1113 3328 1280 3391 chronicos
1300 3327 1461 3391 sanandos
1476 3328 1604 3404 attinet,

504 3429 580 3491 licet
595 3426 676 3499 nihil
693 3426 839 3490 dubitem
854 3428 1022 3491 ulteriores
1037 3428 1072 3490 in
1087 3428 1247 3492 medendo
1260 3429 1423 3512 profectus
1437 3428 1488 3492 vel
1504 3449 1523 3491 a
1537 3428 1605 3490 sola

505 3528 664 3593 Methodo
685 3549 777 3611 posse
804 3528 923 3611 sperari
945 3550 1042 3612 quam
1062 3531 1172 3612 quiin
1194 3530 1332 3612 primam
1351 3530 1461 3594 statim
1484 3529 1603 3610 cogita·

504 3630 628 3693 tionem
650 3630 817 3693 incurrant
826 3656 835 3707 i
859 3636 1004 3695 attamen
1024 3632 1097 3713 plus
1117 3632 1195 3696 satis
1210 3638 1338 3697 constat
1359 3632 1493 3695 deficere
1514 3630 1603 3692 illam

504 3732 540 3795 in
563 3731 729 3795 curatione
755 3731 978 3795 chronicorum
1003 3733 1124 3816 aliquot
1146 3734 1196 3797 vel
1218 3735 1357 3797 maxime
1380 3730 1604 3816 spectabilium

504 3834 591 3897 inter
605 3854 659 3897 eos
675 3832 791 3915 quibus
811 3833 956 3897 homines
972 3842 1131 3917 urgentur
1138 3862 1148 3914 3
1172 3836 1259 3918 quod
1275 3837 1317 3900 ob
1331 3837 1416 3899 hanc
1435 3834 1604 3917 praecipue

504 3955 635 3997 causam
650 3956 711 3997 usu
725 3933 823 4011 venit,
834 3934 909 4016 quia
924 3933 1044 3999 scilicet
1056 3936 1184 4000 Natura
1197 3938 1234 4000 in
1247 3936 1471 4022 hujuscemodi
1484 3934 1605 4000 morbis

504 4035 685 4101 nonhabet
702 4034 896 4101 Methodum
912 4042 981 4099 tam
1003 4038 1172 4118 efficacem,
1189 4062 1253 4124 qua
1274 4042 1444 4105 materiam
1462 4038 1604 4104 morbifi-

504 4160 576 4203 cam
602 4138 686 4203 foras
708 4137 823 4223 ejiciat,
851 4136 995 4221 (perinde
1018 4146 1114 4225 atque
1137 4142 1173 4205 in
1197 4142 1323 4225 acutia)
1350 4165 1414 4225 quo
1439 4164 1508 4220 nos,
1529 4162 1605 4205 cum

505 4242 618 4307 eadem
640 4262 756 4306 manus
775 4240 951 4323 jungentes
974 4249 1008 4307 at
1029 4242 1071 4307 ad
1093 4242 1240 4307 debitum
1262 4244 1438 4326 dirigentes
1461 4266 1604 4329 scopum,

505 4344 655 4409 morbum
685 4342 844 4408 debellare
869 4342 1041 4407 valcamus.
1097 4345 1140 4408 In
1166 4346 1325 4409 vincendo
1353 4346 1463 4429 itaque
1491 4346 1605 4409 morbo

507 4444 657 4509 chronico
666 4444 693 4507 is
703 4444 831 4509 demum
840 4444 914 4527 jure
924 4444 1102 4528 maritoque
1111 4445 1234 4511 Medici
1242 4468 1364 4511 nornen
1375 4447 1436 4511 sibi
1445 4447 1604 4523 vendicat,

507 4564 605 4628 penes
620 4564 714 4627 quem
731 4552 780 4609 est
802 4546 960 4629 ejusmodi
979 4547 1261 4628 medicamentum,
1282 4569 1347 4632 quo
1366 4547 1471 4611 morbi
1488 4548 1606 4628 speeies

507 4644 606 4729 possit
622 4644 761 4723 destrui,
785 4666 851 4711 uon
867 4648 921 4730 qui
936 4648 970 4712 id
984 4655 1114 4713 tanturm
1130 4651 1207 4733 agit,
1222 4657 1262 4713 ut
1281 4649 1426 4731 eprimis
1441 4646 1604 4710 secundis-

508 4769 570 4833 que
593 4748 801 4831 qualitatibus
823 4771 906 4815 nova
923 4750 1030 4833 aliqua
1051 4752 1284 4830 introducatur,
1301 4757 1335 4815 et
1353 4749 1468 4833 prioris
1491 4747 1604 4812 subeat
