3825 5759
496 677 541 740 xii
808 672 1004 741 ΤΗΟΜΑΕ
1029 676 1287 741 SYDENHAM

378 846 455 897 vm
499 836 541 901 ob
556 856 634 915 rem,
650 837 765 921 spretis
785 836 935 901 omnibus
950 858 1033 923 quae
1052 847 1133 904 tuno
1147 840 1302 924 temporis
1317 840 1470 956 vigebant
1490 863 1601 925 specu-

346 939 439 1002 spru
382 939 439 987 ἤι’
500 939 675 1007 lationibus
696 940 891 1019 theoreticis,
914 940 977 1006 hoo
996 962 1101 1006 unum
1131 942 1274 1021 curabat,
1297 951 1336 1007 ut
1358 944 1428 1008 sine
1448 966 1633 1028 praecon-⁴

345 1018 445 1116 iiiii,ua
389 1003 445 1051 ιιιιι
446 1003 477 1051 ιι
501 1044 603 1129 ceptis
617 1042 823 1127 opinionibus
838 1043 1001 1109 Naturam
1012 1052 1139 1110 attento
1153 1045 1262 1111 animo
1272 1046 1464 1127 observaret,
1476 1056 1510 1112 et
1525 1048 1603 1133 quid

345 1084 483 1255 {umqum
502 1167 540 1211 ea
561 1152 634 1211 tum
658 1146 699 1213 de
722 1146 910 1211 morborum
932 1152 1052 1211 natura
1076 1153 1149 1211 tum
1171 1146 1212 1211 de
1234 1146 1364 1212 illorum
1387 1148 1603 1212 curandorum

359 1262 489 1310 emelim
501 1249 628 1313 ratione
637 1248 767 1313 doceret
767 1248 961 1333 drhgenter
970 1256 1099 1313 notaret
1098 1270 1275 1333 ,suamque
1286 1250 1404 1334 agendi
1412 1251 1603 1315 methodum

347 1277 488 1439 ‘quaemus
502 1352 544 1417 ad
564 1374 601 1417 ea
619 1372 702 1436 quae
721 1358 907 1417 constanter
929 1352 1151 1418 observaverat
1173 1361 1389 1437 componeret.
1433 1353 1602 1432 Variolas',

347 1468 459 1519 νιιιιιιι
505 1455 605 1540 (verbi
620 1456 737 1539 caiisa)
753 1476 834 1539 quae
845 1462 922 1520 ante
935 1456 1145 1541 Sydenhamii
1156 1464 1302 1540 tempora
1313 1456 1488 1521 maximam
1496 1458 1603 1520 infan-

348 1532 422 1647 iioi'
418 1534 490 1645 Ἢ
502 1558 832 1642 tumadultorumque
840 1558 1011 1623 hommum
1020 1565 1162 1643 stragem
1171 1560 1265 1624 edere
1276 1558 1422 1624 solebant
1422 1561 1603 1642 ,-(cumMe

440 1661 566 1726 ¹edici
581 1682 620 1726 ex
635 1682 769 1726 erronea
779 1662 930 1745 opimone
949 1662 1011 1726 sihi
1024 1662 1182 1727 haberent
1195 1682 1393 1747 persuasum,
1408 1662 1497 1726 huno
1518 1684 1604 1727 mor-

347 1678 486 1839 Ξΐιιιιιιιιιιιιιι
501 1765 581 1831 bum
603 1788 642 1831 er
663 1766 824 1831 fermento
843 1764 984 1881 quodam
1006 1766 1158 1849 sangnini
1179 1767 1325 1831 omnium
1347 1766 1479 1831 omnino
1500 1766 1604 1831 homi-

349 1863 441 1905 Μ’*
442 1857 474 1913 ι’
468 1890 582 1933 num
592 1868 776 1933 inhaerenti
787 1888 943 1951 ongmem
959 1888 1085 1931 sumere
1085 1867 1268 1952 ,'qnodms1
1258 1868 1547 1948 calefacientibus
1559 1869 1605 1933 sic

502 1972 596 2036 dictis
619 1972 878 2052 oleaiphcrmocfs
899 1970 1059 2049 remediis,
1085 1971 1254 2056 caloreque
1278 1978 1412 2037 externo
1435 1980 1539 2051 aneto,
1563 1972 1605 2035 ad

503 2074 642 2158 corporis
664 2072 865 2157 superficiem
887 2073 1106 2157 protrudsuu,
1129 2082 1227 2159 atque
1249 2075 1311 2139 hoc
1335 2075 1432 2139 modo
1455 2076 1605 2139 extermi-

503 2185 609 2255 netur,
625 2184 682 2240 aut
697 2175 996 2259 praesentissimum
1009 2176 1094 2241 vitae
1113 2178 1295 2261 perieulum
1309 2177 1438 2256 infame,
1454 2185 1511 2241 aut
1526 2178 1605 2241 alios

503 2299 621 2362 eosque
644 2278 847 2362 gravissimos
869 2278 999 2343 morbos
1020 2279 1169 2358 excitare,
1192 2279 1331 2363 debeat)
1358 2278 1604 2365 Sydenhamius,

503 2382 666 2446 Naturam
678 2380 795 2445 ducem
809 2401 957 2465 sequens,
970 2381 1131 2446 contrario
1145 2382 1242 2447 modo
1250 2383 1430 2448 fehcissime
1445 2384 1604 2448 tractarit.

504 2485 589 2549 Cum
614 2484 701 2549 enim
728 2483 912 2567 saepissime
941 2484 1135 2565 observaret,
1161 2486 1303 2551 infantes
1331 2486 1413 2565 illos,
1436 2486 1493 2569 qui
1517 2486 1606 2551 omni

504 2588 622 2653 amilio
637 2587 761 2652 medico
776 2587 924 2651 destituti
939 2587 994 2652 illo
1009 2587 1123 2652 morbo
1135 2588 1275 2672 correpti
1290 2595 1393 2666 erant,
1405 2607 1606 2672 quorumque

504 2698 653 2777 parentes
668 2691 709 2757 ob
724 2698 949 2775 paupertatem
967 2691 1092 2776 hyemis
1110 2698 1256 2773 tempore
1277 2690 1543 2776 cubiculumque
1556 2691 1606 2755 in·

504 2795 610 2859 fantes
639 2794 877 2859 decumbebant
910 2794 1084 2859 calefacere
1112 2794 1201 2858 haud
1225 2799 1386 2878 poterant,
1408 2815 1476 2858 non
1502 2794 1606 2857 solum

504 2898 651 2964 Variolas
665 2898 800 2963 feliciter
822 2919 999 2983 superasse,
1016 2897 1074 2963 sed
1091 2904 1124 2962 et
1138 2904 1251 2982 postea
1264 2896 1450 2963 valetudine
1467 2898 1607 2961 maxime

505 3002 597 3066 firma
611 3024 686 3067 usos
700 3002 818 3081 fuisse3
840 3008 927 3065 recte
939 3000 1116 3085 judicabat,
1131 3001 1193 3066 hae
1207 3000 1267 3080 via,
1283 3022 1381 3085 quam
1395 3000 1525 3065 Natura
1537 3000 1608 3083 ipsa

503 3106 671 3189 perspicue
689 3104 871 3181 indicasset,
887 3103 1019 3168 Medico
1042 3104 1285 3168 consistendum
1306 3124 1376 3167 esse
1398 3104 1454 3186 qui
1468 3101 1608 3165 Variolis

505 3208 628 3290 optimo
643 3226 718 3271 cum
733 3226 882 3268 successu
896 3204 1019 3267 mederi
1033 3206 1139 3282 vellet,
1151 3206 1323 3288 pluresque
1338 3211 1494 3287 aegrotus,
1510 3225 1608 3287 quam

507 3308 547 3371 ab
558 3308 627 3370 aliis
638 3304 776 3369 Medicis
786 3305 981 3368 contrariam
990 3306 1125 3368 curandi
1135 3306 1295 3369 rationem
1306 3304 1515 3387 sequentibus
1524 3302 1608 3367 sani·

507 3406 569 3469 tati
588 3406 854 3485 restituebantur,
869 3407 969 3471 morti
987 3407 1184 3472 certissimae
1198 3408 1279 3491 eripi
1294 3428 1397 3491 posse.
1443 3406 1552 3472 Quam
1565 3406 1609 3470 oh

507 3530 577 3573 rem
592 3508 632 3573 ab
642 3509 792 3573 omnibus
806 3508 1068 3575 calefacientibus
1078 3510 1115 3575 in
1128 3510 1315 3595 hujusmodi
1328 3508 1433 3575 morbi
1443 3508 1609 3574 curatione

508 3632 637 3695 prorsus
652 3612 818 3691 abstinuit,
833 3612 951 3679 nimios
971 3613 1078 3698 potins
1093 3614 1260 3697 sanguinis
1277 3622 1386 3679 motus
1399 3610 1609 3695 temperanti·

479 3714 570 3787 ,hm
592 3719 737 3780 oo'e‘roere
760 3716 897 3795 studuit,
920 3722 1069 3799 aegrotos
1095 3740 1115 3781 a
1140 3716 1358 3800 stragularum
1382 3715 1524 3799 pondere
1545 3734 1610 3798 quo

509 3824 607 3883 antea
631 3817 672 3882 ad
694 3817 938 3884 suffocationem
959 3840 1064 3903 usque
1087 3820 1309 3884 obruebantur
1328 3818 1487 3898 liberavit,
1506 3816 1611 3901 iisqne

509 3921 691 3987 liberiorem
709 3922 791 3987 airis
809 3922 883 4007 puri
899 3944 1008 4003 usum,
1024 3944 1088 4007 quo
1109 3923 1151 3988 ab
1168 3923 1238 3987 aliis
1253 3922 1392 3989 Medicis
1413 3921 1611 3988 severissime

509 4022 796 4103 interdicebantur,
811 4024 968 4108 permisit.

433 4150 449 4183 u
559 4126 641 4211 [la]
669 4127 787 4210 Neque
807 4147 882 4191 vero
901 4127 1011 4192 minus
1025 4127 1122 4211 longe
1136 4150 1157 4193 a
1171 4127 1310 4193 Medicis
1324 4128 1375 4193 sni
1389 4127 1459 4192 aevi
1477 4127 1514 4191 iu
1533 4127 1611 4192 Pes-

457 4234 464 4251 '
509 4229 563 4298 tisl
590 4228 766 4308 curatione,
791 4248 873 4312 quae
897 4228 1049 4309 hundini,
1073 4231 1167 4295 annis
1190 4231 1274 4297 1665
1297 4238 1332 4296 et
1358 4231 1454 4311 1666,
1477 4237 1529 4296 tot
1552 4230 1611 4294 ho-

509 4334 637 4398 minum
662 4339 766 4397 morte
791 4330 921 4396 infamis
946 4340 1026 4413 erat,
1040 4335 1182 4399 recessit.
1228 4334 1312 4399 Cum
1334 4334 1422 4400 enim
1440 4332 1489 4397 illi
1510 4352 1612 4396 unam

511 4456 681 4519 aegrorum
699 4436 837 4499 salutem
856 4436 892 4499 in
912 4436 1084 4502 sudoribus
1100 4438 1237 4522 profusis
1252 4438 1421 4503 evocandis
1437 4435 1611 4519 repositam
1646 4444 1650 4453 '

511 4560 581 4603 esse
590 4538 810 4622 opinarentur,
824 4538 968 4625 adeoque
978 4541 1060 4605 nihil
1073 4542 1176 4626 magis
1188 4562 1283 4607 curae
1294 4540 1445 4622 cordique
1455 4536 1612 4600 haberent

512 4662 609 4726 quam
618 4647 656 4705 ut
665 4640 727 4705 bac
734 4640 886 4705 medendi
894 4644 1019 4709 ratione
1027 4646 1225 4710 fermentum
1232 4643 1364 4708 morbie
1373 4659 1504 4722 corpore
1513 4636 1612 4701 elimi-

512 4752 629 4808 narent
634 4770 643 4822 ;
659 4743 767 4822 febris,
774 4764 855 4827 quae
866 4746 1015 4810 morbum
1028 4747 1173 4811 comitari
1181 4740 1523 4821 solebat,vehementia
1532 4738 1613 4804 adeo

578 4876 584 4907 ¹
603 4872 641 4920 Cf.
655 4874 746 4921 obsera.
759 4872 822 4921 Med.
834 4872 868 4920 iii.
881 4876 902 4921 2.
1333 4868 1341 4908 ¹
1367 4870 1404 4918 Cf
1417 4872 1472 4917 ibid.
1485 4868 1510 4915 it
1524 4870 1546 4915 2
