3825 5759
527 605 595 670 alo
840 607 1038 673 THOMAE
1062 607 1324 672 SYDENHAM
1395 653 1402 658 -

375 781 469 894 ιιιιό
469 795 515 893 (ιι-
528 787 616 850 aegn
606 764 716 830 'alvus
731 766 897 850 hucusque
910 768 1135 850 utplurimum
1148 767 1527 852 adunctapustularum
1537 789 1651 852 erup-

372 861 433 958 οζζζ
469 861 661 958 (ξ”ιιοιιειιι
688 889 793 932 seram
821 869 908 946 licet,
934 879 1057 932 oertam
1081 876 1193 934 tamen
1220 871 1290 934 sore
1315 869 1482 952 spondeat.
1526 873 1594 934 Ast
1622 893 1649 934 e

378 971 699 1048 “Tossontrario,
720 977 798 1053 quot
825 972 1002 1054 quantique
1023 971 1114 1036 letho
1134 979 1248 1056 patent
1269 971 1387 1050 aditus,
1410 972 1536 1055 quoties
1557 994 1647 1055 pus-

374 1065 502 1174 {1}
443 1079 501 1125 ¹³⁰⁶·
529 1075 616 1138 tulae
648 1073 873 1156 intempestive
905 1081 939 1137 et
970 1074 1072 1138 nimio
1100 1095 1197 1158 opere
1227 1073 1420 1157 exiguntur!
1480 1073 1644 1156 Longum

374 1207 469 1304 plriocmpK
387 1143 515 1252 idaim
529 1179 612 1244 foret
631 1201 742 1244 omnes
760 1199 965 1262 percurrere;
984 1179 1172 1262 praecipuos
1189 1179 1259 1262 jam
1272 1176 1532 1260 indigitavimus:
1555 1182 1644 1240 sunt

529 1291 639 1347 autem
664 1283 709 1362 hi,
733 1285 776 1346 10.
799 1282 938 1345 nimium
964 1289 1079 1345 anetus
1104 1280 1369 1344 exanthematum
1390 1298 1556 1356 numerus,
1582 1278 1642 1340 cni

529 1406 569 1450 ex
588 1407 690 1468 aequo
711 1384 883 1469 respondet
904 1384 1003 1448 febris
1024 1383 1149 1447 ultimis
1170 1383 1285 1446 diebus
1306 1381 1508 1446 suecedentis
1528 1381 1642 1464 majus
1745 1418 1746 1471 ι

528 1489 675 1554 minusve
695 1489 885 1566 discrimen,
917 1491 962 1552 2⁰.
985 1487 1103 1550 mictus
1125 1486 1323 1568 sanguineus
1341 1491 1375 1548 et
1393 1483 1540 1548 maculae
1557 1503 1641 1565 pnr-

528 1613 656 1678 pureae,
687 1614 825 1677 quorum
845 1599 1023 1674 utrumque
1049 1590 1090 1653 ab
1113 1594 1312 1653 extravasato
1334 1585 1493 1668 sanguine
1520 1584 1639 1661 oritur,

529 1698 585 1780 qui
606 1697 679 1780 plus
697 1697 787 1779 justo
806 1701 995 1759 attenuatus
1013 1700 1047 1757 et
1066 1692 1159 1775 quasi
1175 1711 1254 1774 prae
1272 1697 1366 1754 aestu
1383 1687 1549 1764 ferociens,
1568 1686 1639 1749 dis-
1745 1724 1746 1785 p

528 1801 633 1884 ruptis
661 1821 810 1864 vasorum
838 1797 1009 1881 repagulis,
1042 1799 1138 1877 “qua
1166 1793 1244 1858 data
1269 1798 1373 1875 ports,
1396 1789 1486 1853 πῖθ’
1523 1788 1637 1873 [Virg-

452 1917 466 1944 ·
528 1907 607 1968 Aen.
619 1905 641 1967 i.
655 1902 723 1984 83.]
734 1889 751 1979 ;¹
766 1903 811 1964 30.
822 1907 860 1962 ut
875 1896 1231 1982 supra[q15.]dictum
1244 1901 1305 1973 est,
1316 1892 1445 1958 debitae
1455 1890 1636 1974 eruptionis

530 2005 709 2089 suppressio
729 2002 847 2078 totalis,
863 2023 883 2064 a
903 2000 1001 2064 nimis
1020 1998 1131 2064 sedulo
1152 1997 1189 2062 in
1206 1993 1447 2080 praecipitanda
1464 1993 1636 2076 eruptione

529 2106 716 2181 conamine3
747 2124 811 2185 quo
832 2123 900 2164 non
922 2102 1026 2183 magis
1044 2121 1159 2184 seopus
1179 2099 1309 2164 Medioo
1329 2097 1512 2181 propositus
1533 2096 1634 2159 attin

531 2208 628 2290 gitur,
648 2227 746 2289 quam
768 2204 882 2286 siquis
900 2203 934 2266 id
956 2225 1056 2286 agens
1074 2211 1112 2267 ut
1132 2203 1232 2266 densa
1249 2201 1420 2266 bominum
1438 2199 1546 2278 turba,
1560 2221 1634 2282 spa·

530 2307 621 2370 tiosis
640 2305 772 2370 aedibus
792 2304 925 2383 inclusa,
946 2305 1088 2368 seriatim
1102 2313 1136 2368 et
1155 2313 1279 2369 servato
1298 2304 1410 2368 ordine
1424 2304 1501 2370 inde
1520 2304 1632 2382 exiret,

531 2409 682 2472 maehina
695 2407 862 2471 chartacea
874 2407 967 2492 pyrio
981 2407 1111 2490 pulvere
1127 2407 1246 2472 referta
1263 2427 1301 2470 ac
1315 2407 1351 2470 in
1368 2407 1477 2472 medio
1492 2407 1632 2491 displosa

530 2533 633 2595 usque
659 2510 738 2576 adeo
759 2531 871 2576 omnes
896 2509 1093 2594 percelleret,
1113 2517 1151 2572 ut
1173 2507 1308 2590 singulis
1331 2507 1372 2571 ad
1393 2515 1521 2591 portam
1542 2507 1630 2572 omni

531 2635 591 2697 ope
616 2611 897 2692 contendentibus,
924 2611 1121 2694 proindeque
1145 2610 1325 2692 constipato
1351 2611 1481 2693 agmine
1501 2611 1537 2673 in
1560 2611 1628 2692 ejus

531 2714 676 2780 faucibus
697 2714 860 2793 haerente,
881 2714 986 2780 exitus
1006 2712 1170 2791 universis,
1191 2712 1282 2796 quasi
1303 2733 1407 2778 cuneo
1425 2713 1517 2790 facto,
1535 2730 1623 2796 prae·

530 2817 722 2884 cluderetur.

575 2919 660 3006 [20.]
688 2923 763 2986 Jam
784 2921 811 2986 si
829 2922 900 3004 quis
920 2929 1023 3004 roget,
1042 2943 1195 3005 quorsum
1215 2920 1325 2984 debita
1342 2921 1498 2986 materiae
1516 2920 1627 2985 Vario·

530 3020 615 3086 losse
638 3023 795 3106 separatio
818 3045 884 3086 non
910 3023 1043 3105 perinde
1065 3023 1177 3106 primis
1202 3023 1290 3086 hisee
1316 3021 1430 3086 diebus
1451 3022 1629 3107 promoveri

531 3123 640 3206 possit,
667 3125 694 3186 si
720 3145 815 3206 aeger
838 3125 1004 3187 moderato
1028 3125 1140 3188 lectuli
1165 3124 1270 3188 calore
1292 3123 1449 3204 foveatur,
1471 3146 1511 3190 ac
1534 3125 1562 3188 si
1589 3124 1631 3188 ab

376 3235 445 3286 neco
453 3235 519 3286 calor
531 3223 644 3289 eodem
659 3233 827 3301 arceatru3
850 3223 1036 3289 sciscitabor
1054 3246 1115 3307 ego
1134 3247 1175 3289 ex
1195 3225 1337 3306 adverso,
1353 3248 1396 3290 an
1409 3248 1478 3291 non
1491 3234 1629 3291 testetur

377 3307 490 3363 quantus.
531 3323 736 3406 experientia,
753 3323 928 3406 quemlibet
942 3325 1027 3389 lecto
1046 3326 1209 3392 inclusum
1226 3335 1370 3412 tempore
1384 3327 1535 3407 brumali,
1550 3338 1628 3394 stra·

531 3425 615 3508 gulis
631 3424 754 3489 modice
769 3431 964 3504 contectum,
976 3426 1047 3490 foco
1059 3448 1128 3492 non
1138 3450 1281 3506 accenso,
1293 3430 1396 3514 magis
1405 3431 1627 3514 perealesoere,

531 3546 628 3609 quam
643 3525 670 3588 si
685 3525 770 3590 idem
785 3527 884 3610 probe
898 3530 1033 3593 vestitus
1054 3531 1091 3593 in
1109 3531 1223 3596 eodem
1242 3533 1389 3598 cubiculo
1404 3542 1497 3599 extra
1509 3535 1627 3600 lectum

531 3633 684 3692 versetur.
730 3627 854 3694 Quodsi
877 3630 916 3695 de
939 3631 1122 3696 differentia
1142 3635 1279 3699 notabili
1300 3637 1378 3700 satis
1399 3643 1536 3717 oonstet,
1550 3645 1626 3702 tune

532 3729 592 3794 erit
608 3729 837 3812 quaerendum,
854 3753 1013 3814 quaenam
1028 3755 1068 3798 ex
1081 3734 1133 3800 his
1147 3736 1308 3802 methodis
1322 3737 1426 3820 magis
1441 3745 1518 3822 apta
1531 3738 1574 3804 sit
1587 3737 1626 3802 ad

531 3831 768 3914 reprimendam
792 3833 1022 3898 exuberantem
1045 3836 1196 3901 fermenti
1217 3838 1377 3903 Variolosi
1400 3839 1606 3922 agitationem
1612 3866 1624 3919 3

532 3933 572 3996 ad
588 3953 683 4016 quarn
699 3941 819 3998 metam
837 3935 876 4016 (si
892 3936 970 4019 quid
984 3947 1095 4002 nostra
1114 3939 1318 4004 mediocritas
1328 3941 1506 4024 judicando
1519 3943 1621 4023 valet)

531 4035 710 4114 aModico,
731 4036 905 4121 incipiente
925 4039 1047 4118 morbo,
1067 4040 1237 4124 praecipue
1256 4041 1486 4107 collimandum
1505 4050 1555 4107 est
1562 4069 1572 4121 ;
1593 4050 1623 4106 et

531 4145 627 4225 prout
649 4139 689 4204 ab
710 4139 821 4206 eadem
839 4141 911 4226 plus
933 4141 1079 4206 minusve
1098 4143 1126 4205 is
1148 4142 1352 4223 aberraverit,
1371 4145 1420 4210 ita
1438 4167 1515 4210 cum
1536 4145 1622 4210 malis

530 4243 661 4308 bonisve
677 4243 764 4326 aegri
780 4244 876 4309 rebus
890 4243 1085 4308 medicinam
1098 4244 1220 4310 fecerit.

580 4345 662 4430 [tl]
691 4345 930 4412 Incautioribus
945 4345 980 4410 id
993 4367 1069 4409 vero
1081 4347 1271 4430 praesertim
1286 4347 1347 4411 hac
1365 4348 1402 4410 in
1415 4368 1451 4412 re
1465 4347 1622 4432 imposuit,

531 4447 616 4532 quod
631 4447 750 4512 scilicet
765 4447 1049 4512 animadverterint
1070 4467 1204 4530 aegrum
1223 4453 1337 4531 suapte
1354 4455 1468 4531 sponte
1483 4447 1519 4511 in
1534 4447 1622 4512 sudo·

530 4570 580 4614 ros
597 4549 775 4632 proclivem,
792 4550 847 4632 qui
869 4569 943 4615 oum
963 4549 1086 4632 jugiter
1107 4556 1287 4627 manarent,
1304 4549 1429 4632 quoties
1450 4548 1534 4613 lecto
1552 4569 1623 4612 con-

530 4649 689 4712 tinerctur
704 4669 807 4731 aeger,
824 4657 930 4714 aestus
945 4648 1073 4714 febn'les
1087 4649 1175 4713 haud
1190 4671 1304 4732 purum
1319 4650 1520 4729 minuebant,
1536 4670 1621 4713 secus

531 4769 566 4812 oc
590 4747 623 4810 in
647 4747 685 4812 iis
707 4749 849 4831 quinon
871 4749 1040 4816 sudabant.
1086 4751 1233 4816 Primum
1259 4759 1368 4818 autem
1390 4751 1621 4837 perpendamus
