3825 5759
510 606 574 671 136
818 604 1013 670 ΤΗΟΜΑΕ
1037 604 1294 669 SYDENHAM

353 773 494 885 {mse
507 770 658 855 produnt,
674 780 789 853 aegro¹
804 790 883 832 aura
892 768 1050 846 liberiore,
1065 768 1150 846 vino,
1162 788 1199 831 ac
1214 766 1360 831 carnium
1370 786 1428 829 esu
1438 764 1607 845 interdico,

354 851 495 950 „mli
507 874 691 938 cerevisiam
710 894 785 936 vero
804 872 985 935 tenuiorem
1003 892 1086 953 pane
1104 878 1191 934 tosto
1211 870 1324 934 leviter
1342 868 1534 951 tepefactam
1548 889 1607 951 pro

353 966 496 1046 Q
506 984 588 1060 potu
601 976 772 1052 ordinario,
785 994 822 1037 ae
833 973 987 1037 subinde·
996 996 1054 1057 pro
1065 974 1198 1037 arbitrio
1207 968 1436 1048 hauriendamb
1447 969 1587 1035 concedo
1594 996 1606 1049 3

506 1103 565 1165 pro
586 1082 674 1146 victu
696 1080 794 1145 etiam
819 1080 946 1163 juscula
966 1100 1133 1157 avenacea,
1155 1078 1358 1156 homeoccae,
1380 1098 1476 1160 poma
1502 1083 1605 1155 cocta,

506 1186 642 1269 aliaque,
672 1206 754 1269 quae
781 1204 887 1266 neque
919 1183 1056 1266 frigoris,
1085 1202 1191 1266 neque
1224 1181 1338 1245 odoris
1370 1180 1437 1243 vim
1465 1180 1606 1263 aliquam

505 1288 668 1370 egregiam
689 1286 847 1363 obtinent,
863 1292 919 1349 aut
940 1285 1119 1349 ventriculo
1140 1291 1331 1348 concocturo
1352 1282 1531 1346 molestiam
1550 1304 1605 1347 ex-

506 1387 630 1467 hibent,
646 1388 791 1472 injungo.
836 1387 908 1451 Neo
929 1387 1094 1469 vulgarem
1115 1385 1205 1448 illam
1225 1386 1442 1467 rusticamque
1463 1384 1606 1449 diaetam

506 1489 680 1554 admodum
697 1487 852 1573 improbo,
866 1508 985 1570 nempe
1003 1495 1041 1550 ut
1060 1487 1144 1551 lacte
1165 1508 1239 1551 cum
1260 1508 1357 1569 pomo
1375 1494 1466 1551 cocto
1481 1495 1513 1551 et
1528 1508 1604 1551 con·

504 1599 579 1657 truc
600 1600 755 1670 vescatru,
777 1591 873 1656 modo
897 1597 1029 1655 cautum
1054 1590 1097 1653 sit
1121 1597 1160 1653 ut
1185 1611 1223 1653 eo
1245 1611 1303 1672 per
1325 1590 1409 1653 vices
1433 1596 1546 1653 utatur
1569 1597 1605 1654 et

504 1697 639 1775 modice,
658 1696 789 1779 dempto
808 1696 907 1759 etiam
926 1694 1018 1758 lactis
1037 1694 1167 1777 frigore.
1210 1693 1242 1756 A
1258 1692 1436 1775 regimine<l
1453 1694 1604 1759 calidiore

504 1801 652 1885 protinus
666 1799 808 1876 inhibeo,
823 1805 860 1861 ut
875 1804 908 1861 et
924 1796 965 1860 ab
979 1819 1042 1860 usu
1060 1797 1368 1861 medicamentorum
1385 1797 1604 1861 cardiacorum

349 1906 464 1985 viriolae
507 1923 780 1986 quorumcunque,
797 1900 913 1984 quibus
927 1900 1073 1963 Variolas
1087 1900 1123 1962 in
1137 1907 1244 1963 cutem
1262 1906 1338 1964 ante
1352 1900 1438 1964 diem
1452 1909 1604 1983 quartum

350 1973 483 2099 {id-92¹5?
509 2006 575 2087 (qui
598 2004 759 2087 eruptioni
779 2003 926 2086 proprius
949 2009 999 2065 est
1024 2024 1061 2065 ac
1082 2002 1265 2087 naturalia)
1285 2010 1406 2067 temere
1427 2004 1604 2087 propellere

354 2100 474 2177 emptioni
504 2108 653 2171 nonnulli
668 2113 819 2190 satagunt
828 2132 838 2184 3
861 2126 936 2169 cum
956 2127 1016 2188 pro
1035 2112 1124 2169 certo
1144 2104 1282 2169 habeam
1303 2128 1341 2170 eo
1358 2108 1461 2189 magis
1475 2108 1602 2171 univer-

351 2180 472 2285 iddldldb
503 2209 602 2273 salem
617 2208 685 2272 fore
695 2208 848 2271 materiae
859 2207 1045 2271 Variolosae
1059 2209 1302 2290 separationem,
1315 2230 1378 2291 quo
1388 2208 1512 2272 tardius
1520 2210 1603 2274 istae

350 2300 443 2405 gfff
454 2294 480 2341 ³¹²
502 2318 727 2396 prorumpunt,
739 2310 873 2394 proinde
888 2316 921 2374 et
936 2312 1111 2374 securiores
1125 2333 1293 2394 possumus
1307 2334 1375 2377 esse
1389 2335 1431 2377 ne
1446 2335 1480 2377 se
1494 2314 1604 2379 denuo

350 2422 489 2485 propellen·
503 2414 589 2477 intrn
611 2412 752 2477 condant
774 2420 807 2476 et
828 2413 946 2476 rectius
967 2419 1203 2477 matruescent:
1226 2435 1311 2492 cum,
1327 2415 1355 2478 si
1377 2424 1452 2481 ante
1473 2422 1602 2500 tempus

503 2516 726 2593 extrudantur,
741 2514 969 2598 praecipitatm
984 2515 1119 2579 materia
1140 2516 1240 2580 cruda
1259 2517 1365 2581 adhue
1379 2524 1477 2601 atque
1489 2518 1602 2583 incon.

503 2626 603 2697 cocta,
619 2640 701 2701 quae
716 2618 757 2681 ad
770 2618 873 2681 instar
886 2616 1052 2679 fruetuum
1066 2617 1303 2699 praecociorum
1317 2618 1408 2681 inani
1421 2641 1477 2703 spe
1490 2620 1600 2685 lactat.

329 2733 490 2783 rimulae
508 2720 591 2806 [43]
621 2718 713 2785 Adde
734 2718 819 2803 quod
843 2717 883 2781 ab
906 2717 968 2780 hac
991 2716 1129 2779 nimium
1153 2717 1306 2781 festinata
1330 2719 1497 2802 diligentia
1517 2721 1602 2804 peri·

349 2800 491 2913 ἒζῙἘξἘἘ
504 2826 612 2889 culum
634 2830 683 2888 est
706 2822 752 2905 (in
774 2820 978 2885 calidioribus
1000 2819 1188 2903 praesertim
1208 2822 1470 2903 temperamentis
1492 2843 1529 2886 ac
1550 2844 1603 2887 ve·

349 2928 490 2976 fi³C⁰¹¹fl¹¹·
504 2926 690 3012 getioribus,
713 2946 850 3008 quorum
875 2923 1033 3007 principia
1055 2925 1158 2987 activa
1180 2924 1253 3006 plus
1279 2925 1356 2988 satis
1385 2926 1604 2991 cardiacorum

348 3000 485 3105 fflffi
504 3028 653 3113 supplent
670 3026 793 3107 vicem)
811 3046 854 3087 ne
869 3024 999 3089 Natura
1018 3023 1116 3091 nimis
1135 3023 1270 3088 incitata
1288 3034 1462 3111 coactaque
1475 3030 1603 3094 unirer-

502 3154 572 3196 sam
593 3150 676 3214 pene
696 3128 837 3211 eorporis
857 3126 1073 3189 substantiam
1091 3126 1128 3188 in
1146 3126 1293 3190 Variolas
1312 3128 1458 3193 effimdat
1467 3156 1477 3208 3
1499 3131 1546 3194 ita
1564 3138 1604 3197 ut

499 3234 569 3316 jam
595 3230 757 3295 confluant
783 3228 866 3305 illae,
894 3248 985 3309 quae,
1011 3227 1075 3290 nisi
1100 3227 1172 3310 plus
1201 3249 1304 3311 aequo
1332 3252 1541 3314 properasses,
1566 3233 1604 3299 in

503 3334 739 3399 Distinctarum
753 3330 865 3394 ordine
879 3328 1005 3392 laetiori
1022 3330 1130 3394 omine
1144 3330 1373 3397 substitissent.
1421 3334 1522 3400 Porro
1535 3358 1604 3401 non

502 3438 575 3503 ideo
605 3434 714 3499 statim
739 3433 824 3497 foras
847 3432 1072 3515 propellendae
1094 3440 1172 3496 mut
1197 3434 1347 3499 Variolae
1375 3436 1433 3501 ubi
1462 3438 1604 3522 primum

501 3541 611 3623 aliqua
630 3536 735 3601 morbi
755 3534 853 3618 hujus
875 3535 1013 3617 smpicio
1035 3535 1148 3613 oritur,
1171 3536 1247 3619 quia
1268 3538 1388 3603 scilicet
1410 3562 1506 3623 aeger
1526 3548 1603 3605 ante

501 3641 705 3725 eruptionem
733 3637 940 3701 vehementer
968 3636 1208 3719 utplurimum
1236 3636 1361 3702 laborat
1390 3642 1603 3724 ungiturque3

502 3767 577 3809 eum
598 3741 713 3807 nevel
734 3762 801 3805 una
822 3738 952 3822 quidem
974 3738 1131 3803 instantia
1151 3740 1252 3822 possit
1273 3741 1400 3805 ostendi
1418 3743 1603 3825 quempiam

502 3846 575 3910 ideo
604 3842 772 3919 interiisse,
796 3848 871 3904 utut
901 3839 1040 3923 graviter
1068 3842 1291 3923 aegrotaverit,
1317 3844 1402 3925 quod
1430 3865 1497 3907 non
1525 3866 1602 3909 mor

502 3948 668 4033 prodirent
685 3943 844 4020 Variolae,
863 3941 913 4005 vel
934 3941 1097 4005 Naturam
1118 3942 1232 4007 iisdem
1254 3944 1355 4007 serius
1373 3965 1471 4029 ocyus
1491 3954 1601 4009 extru-

502 4052 616 4117 dendis
642 4049 790 4126 defuisse,
816 4044 879 4109 nisi
905 4043 1008 4108 sicubi
1034 4045 1191 4128 regimine
1220 4046 1368 4111 calidiore
1394 4055 1427 4111 et
1451 4049 1601 4113 remediis

499 4152 654 4221 cardiacis
675 4154 877 4235 praemature
899 4146 1034 4229 ingestis
1054 4146 1152 4210 fuerit
1172 4148 1337 4231 impedita.
1381 4152 1513 4215 Etenim
1533 4174 1602 4217 non

500 4257 602 4325 semel
626 4250 790 4320 observari
813 4250 850 4313 in
871 4246 1055 4333 junioribus
1084 4254 1118 4311 et
1143 4255 1399 4332 temperamento
1424 4254 1602 4336 sanguineo

534 4476 646 4539 ,ΗΜ
658 4492 753 4539 mmm
764 4474 800 4522 ρὰ
812 4474 860 4521 ⁹68,
1074 4484 1117 4533 pro
1128 4471 1217 4533 quibus
1228 4480 1312 4522 extem
1324 4475 1384 4525 haec
1394 4482 1603 4541 murat-Quoad

533 4549 546 4572 ι
561 4540 669 4601 mmm]
681 4556 837 4600 nonnumquam
848 4536 884 4585 ed·
897 4536 946 4593 ⁴68,
958 4533 1006 4585 ⁸76.
1075 4536 1128 4582 lecti
1143 4554 1214 4593 mur,
1228 4554 1279 4586 esar
1290 4540 1366 4602 jutta
1377 4547 1434 4590 cani
1448 4552 1602 4606 empnam

536 4604 549 4637 a
564 4603 644 4665 papst]
657 4606 821 4665 degustandum
834 4601 872 4649 ed.
883 4602 923 4648 '68
1074 4616 1102 4646 ae
1116 4601 1139 4645 V
1136 4604 1260 4650 arium
1272 4608 1368 4665 copiam,
1378 4610 1415 4654 rel
1428 4606 1466 4667 (ut
1476 4612 1602 4656 bominibus

535 4676 546 4701 e
563 4672 627 4717 m,
635 4684 702 4729 ma
714 4664 790 4727 mro]
802 4680 850 4713 cnr.
862 4665 900 4712 ed.
911 4664 962 4711 ’68-
1072 4667 1136 4712 ma
1146 4668 1235 4713 solem
1245 4668 1300 4727 ert.)
1310 4673 1445 4719 mnodo
1460 4680 1601 4730 noeman,

535 4732 547 4764 d
564 4736 587 4782 Α
598 4735 679 4795 regim.
691 4728 745 4793 lfa]
758 4729 854 4778 Desunt
868 4727 994 4791 sequeutia
1003 4727 1029 4775 iu
1072 4730 1183 4776 ueletiam
1190 4732 1296 4779 diuma
1303 4740 1519 4797 etperpetmem
1526 4739 1601 4784 vedu·

503 4798 538 4849 ed.
552 4800 593 4847 ’68
604 4810 681 4859 usque
692 4794 723 4841 ad
734 4796 810 4856 Atque
820 4796 841 4839 ri
855 4800 951 4855 uapore
964 4793 976 4851 l
988 4792 1030 4849 46,
1073 4792 1135 4840 Nan
1146 4797 1167 4842 rt
1178 4801 1276 4857 tenpore
1287 4796 1328 4858 de.
