3825 5759
743 632 877 693 INDEX
897 632 1051 693 RERUM.
1440 635 1497 691 688

293 787 360 836 saria
369 788 489 852 producit,
500 790 556 846 200,
569 788 624 846 866,
636 790 698 844 6406
716 796 790 852 caput
798 802 871 836 occu·
915 787 992 847 dium,
1010 786 1058 839 887
1061 822 1074 851 ,,
1079 787 1134 843 888,
1150 787 1213 843 6446
1236 786 1294 835 item
1306 790 1388 833 cortex
1400 784 1498 844 Perua,

292 865 362 914 66666,
384 854 493 901 dolorem
511 856 600 903 6766666
622 857 760 915 hyrtsricasa
779 853 873 901 dictrsm
915 854 972 911 888,
984 854 1048 909 6466
1065 850 1168 914 chalybe
1186 851 1208 899 61
1225 850 1304 898 curari
1315 850 1409 911 nequit,
1420 865 1498 913 aquae

292 915 568 975 mementorum,
586 916 873 980 etapasmosperaimiles
914 917 1045 965 minerales
1067 916 1201 971 adeundae,
1223 916 1280 972 886,
1300 916 1364 969 648;
1392 928 1454 977 quae
1477 913 1497 961 si

293 980 431 1043 epilepsiae,
448 985 509 1029 steri
525 985 685 1043 66666ςυὶ6666
702 982 787 1038 dictos,
808 982 872 1035 3653
915 982 1020 1029 necdum
1040 982 1136 1043 juvant,
1159 979 1228 1042 aquis
1251 978 1390 1042 sulphureis
1412 978 1498 1026 calidis

293 1052 387 1105 partem
407 1046 542 1107 quamlibet
558 1046 671 1108 corporis,
683 1046 734 1093 sive
744 1046 873 1102 internam,
915 1046 1042 1101 utendum,
1060 1044 1116 1102 887,
1132 1046 1193 1099 6486
1211 1043 1280 1091 dolor
1295 1050 1319 1090 et
1334 1042 1435 1091 vomitio
1449 1042 1496 1105 hy-

294 1107 344 1155 sive
364 1117 496 1167 externam,
517 1110 613 1157 allicere
634 1110 706 1167 valet,
731 1112 787 1166 201,
810 1110 872 1164 8676
916 1110 1057 1157 666616666666
1079 1109 1199 1172 quemodo
1218 1108 1268 1155 sint
1285 1107 1496 1164 6616106616,898,

293 1179 373 1232 partes
385 1181 496 1221 externas
506 1174 628 1236 quomodo
639 1174 736 1231 afficiat,
746 1175 801 1231 886,
811 1173 872 1227 8676
916 1175 980 1228 8946
997 1174 1087 1221 foetida
1104 1188 1153 1235 qua
1172 1172 1264 1221 ratione
1274 1170 1403 1234 hystericis
1420 1171 1497 1229 utilis,

293 1236 406 1284 dentibus
423 1254 472 1285 non
491 1239 576 1300 parcit,
595 1239 650 1295 867,
669 1240 731 1293 6406
756 1238 784 1286 in
803 1238 874 1284 dorso
916 1239 980 1291 8926
1009 1238 1034 1285 in
1055 1238 1181 1285 affectione
1198 1236 1288 1300 hyster.
1299 1236 1391 1283 mitiori
1409 1236 1499 1283 dantur

293 1299 400 1347 dolorem
419 1302 623 1350 vehementiorem
640 1302 736 1359 excitat,
748 1303 809 1356 868;
836 1302 874 1348 in·
915 1301 1007 1363 pilulae
1028 1301 1162 1363 hystericae
1183 1316 1225 1363 per
1247 1302 1329 1349 decem
1352 1300 1410 1357 dies,
1435 1302 1497 1353 385;

293 1364 382 1412 teatina
395 1380 525 1428 occupans,
537 1366 687 1413 diarrhoeam
700 1366 797 1421 excitat,
811 1366 872 1419 8676
916 1364 980 1413 16666
1003 1365 1055 1412 6616
1077 1372 1162 1413 curata
1187 1365 1235 1412 fuit
1260 1366 1285 1412 in
1308 1370 1499 1427 temperamento

293 1427 396 1476 colicam
407 1430 519 1479 biliosaru
530 1430 723 1487 1661666666,200;
741 1438 765 1477 et
775 1430 874 1477 iliacam
915 1429 1001 1477 bilioeo
1013 1445 1041 1477 ac
1059 1429 1136 1486 tenui,
1147 1430 1204 1486 889,
1214 1431 1278 1485 6466
1296 1435 1364 1476 extra
1380 1443 1498 1491 paroxys-

292 1492 440 1554 passionem,
460 1496 515 1550 866,
537 1495 598 1549 8726
626 1495 667 1542 1616
685 1494 786 1541 affectus
804 1494 874 1541 dccet
915 1508 985 1540 mum
1000 1492 1120 1555 quomodo
1131 1493 1264 1548 tractanda,
1279 1492 1326 1543 878
1338 1508 1382 1554 sq,
1394 1495 1439 1539 641
1454 1508 1499 1554 sq.;

293 1556 406 1605 morbum
421 1573 452 1605 ex
466 1556 549 1622 6666616
560 1558 689 1621 spirituum
708 1566 797 1615 66666666,
809 1558 872 1612 8716
916 1558 1037 1620 quomedo
1048 1558 1074 1605 in
1085 1571 1239 1619 paroxysmo,
1251 1558 1299 1603 892
1311 1570 1355 1617 sq,
1368 1558 1431 1611 6446
1448 1556 1495 1619 hy-

293 1620 381 1667 tuasim
401 1622 546 1683 hystericam
564 1622 661 1679 excitat,
675 1623 739 1675 8666
757 1621 873 1679 dolorem,
917 1621 1018 1669 staricae
1036 1620 1167 1682 aliquando
1178 1621 1212 1668 ita
1226 1620 1381 1667 abhorrente
1392 1621 1498 1668 medica·

292 1685 455 1746 nephriticum
465 1701 639 1749 paroxysmum
648 1686 746 1733 omnino
753 1686 873 1733 mentien-
916 1686 1006 1733 mentis
1017 1685 1153 1747 hystoricis,
1166 1692 1194 1733 ut
1205 1685 1236 1732 ab
1247 1684 1278 1732 iis
1294 1684 1429 1741 laedantur,
1442 1686 1498 1741 886,

292 1755 350 1805 tem,
363 1751 420 1807 866,
430 1751 492 1805 8676
509 1750 732 1807 66661666668676
750 1750 874 1798 calculum
917 1751 981 1805 386,
1002 1749 1093 1811 hyster.
1112 1748 1243 1796 affectuum
1259 1748 1331 1795 classi
1351 1746 1498 1795 rheumatis·

293 1812 437 1870 aemulatur,
450 1815 511 1869 ³673
529 1815 608 1862 cordia
621 1814 791 1877 palpitationes
807 1813 873 1861 exci·
916 1828 973 1861 mus
983 1812 1134 1861 scorbuticus
1142 1812 1281 1861 referendus
1292 1812 1423 1869 videretur,
1432 1813 1452 1859 si
1460 1827 1498 1859 66-

293 1882 336 1934 tat,
349 1878 404 1934 866,
413 1880 460 1933 666
478 1879 521 1926 ubi
532 1878 667 1927 61666666616
677 1894 692 1925 6
702 1885 770 1941 parte
780 1877 873 1934 ali'ecta,
916 1877 1004 1925 mediis
1013 1877 1140 1940 hystericis
1151 1877 1252 1933 cederet,
1265 1877 1320 1924 261.

293 1941 479 1989 teneritudinem
500 1944 526 1989 in
548 1958 578 1990 ea
598 1942 722 2003 relinquit,
745 1944 801 1999 201,
818 1943 873 1999 868,
950 1941 1025 1989 Ichor
1040 1941 1066 1989 in
1083 1941 1232 2003 gonorrhoea
1248 1940 1329 1998 61661,
1345 1938 1372 1987 iu
1393 1940 1496 1987 aurumi·

293 2005 874 2063 5413materiaeviridisexcretionem‚tamlim
917 2011 966 2053 tate
984 2005 1052 2062 colis,
1072 2006 1138 2053 unde
1157 2005 1330 2061 66166666,818ς
1356 2004 1382 2051 in
1402 2004 1499 2053 variolis

293 2084 368 2130 quam
379 2067 452 2128 adro,
463 2086 535 2133 saepe
548 2070 667 2134 producit,
679 2071 735 2128 866,
748 2070 805 2128 867,
817 2071 873 2128 872,
917 2070 997 2126 confi,
1008 2070 1061 2119 loco
1072 2070 1140 2133 puris
1151 2076 1257 2133 apparet,
1271 2068 1292 2117 si
1304 2068 1404 2131 sanguin
1415 2084 1498 2117 exaes-

294 2132 341 2183 678
351 2153 357 2189 ;
375 2134 465 2196 hyster.
476 2134 608 2183 effectuum
619 2150 707 2183 cauaae
717 2135 873 2197 procatarcti·
916 2141 976 2190 tuet,
989 2136 1044 2183 848.

293 2198 872 2262 66687ος66666666666661661666666666166-
950 2198 1060 2256 166666,
1092 2196 1160 2260 (De)
1199 2196 1300 2245 Comes
1338 2210 1499 2248 unusrcosu

293 2262 431 2320 mentiorea,
443 2263 503 2317 ³70;
521 2264 557 2311 sic
568 2263 625 2311 6616
636 2262 760 2327 puerperis
770 2263 873 2311 tenerio-
917 2276 1096 2321 resecamus,
1108 2264 1165 2320 682,
1177 2264 1231 2311 688.
1245 2262 1275 2309 61
1287 2262 1343 2309 208.

292 2325 368 2383 ribus,
386 2327 460 2375 nimis
476 2328 525 2375 cito
541 2343 555 2375 e
570 2327 634 2375 lecto
653 2328 817 2389 surgentibus,
834 2328 872 2375 in-
950 2328 1046 2375 16666666
1062 2342 1093 2374 ex
1104 2326 1212 2375 66116616
1231 2326 1326 2384 6666166,
1336 2328 1392 2384 208,
1406 2328 1469 2381 6826
1486 2343 1501 2377 6

293 2389 392 2463 yitatur,
403 2391 533 2448 8968076
550 2394 576 2446 β.
587 2392 707 2439 stomachi
725 2392 833 2441 vacuitas
843 2392 874 2438 ab
917 2390 980 2438 lecto
999 2390 1073 2439 nimis
1095 2342 1246 2449 abstinemlo,
1266 2391 1292 2438 in
1315 2390 1381 2438 161666
1397 2392 1500 2455 66166666,

293 2454 381 2508 suedia,
393 2455 438 2503 871
450 2473 456 2509 ;
476 2470 538 2515 quae
549 2462 574 2501 et
584 2470 599 2501 a
608 2455 719 2502 carnium
728 2456 874 2502 abstinentia
916 2470 974 2502 ann.
986 2455 1108 2508 'te-’nt
1119 2456 1175 2502 211.

293 2530 365 2577 saepe
380 2517 717 2574 transcucurrerunt&
732 2534 757 2577 γ.
770 2532 872 2565 evacua-
950 2518 1144 2581 idioeyncrasiae
1160 2518 1186 2565 in
1197 2517 1323 2565 affectione
1335 2516 1427 2581 hyster.
1439 2519 1501 2567 ratio

293 2578 370 2625 tiones
381 2580 478 2635 nimiae,
490 2581 536 2629 871
549 2600 555 2634 ;
571 2581 607 2627 sic
618 2597 633 2627 a
643 2581 770 2642 sanguinis
778 2583 875 2642 jactura
918 2580 1038 2640 habenda,
1050 2584 1105 2629 886.

293 2641 387 2702 ingenti
395 2642 521 2699 excitatur,
531 2644 594 2698 4685
611 2644 695 2691 itidem
703 2644 874 2706 purgantibus,
951 2644 1021 2707 Ignis
1038 2660 1105 2692 sacer
1114 2643 1194 2705 qualis
1210 2642 1316 2699 morbus,
1331 2645 1374 2691 101
1387 2662 1393 2698 ;
1413 2644 1462 2692 1666
1473 2652 1501 2693 ut

293 2705 357 2759 467;
375 2713 399 2753 66
410 2706 541 2754 violentius
554 2707 769 2763 66661666116,467;
786 2709 874 2755 sivero
948 2708 1055 2756 stilentia
1071 2706 1171 2763 invadit,
1187 2709 1246 2760 1016
1264 2722 1279 2753 6
1295 2714 1362 2769 peste
1377 2710 1500 2769 quomodo

294 2770 372 2817 morbi
383 2770 459 2817 lomes
469 2770 497 2817 iu
504 2770 587 2831 aliqua
592 2770 758 2818 involveretur
765 2771 875 2829 materia,
934 2771 940 2783 ‘
960 2774 1087 2829 66661016
1102 2770 1210 2818 Naturae
1219 2784 1264 2831 ope
1272 2770 1401 2818 discutitur
1410 2772 1436 2818 in
1448 2788 1499 2819 cor·

293 2841 348 2881 turn
358 2834 532 2882 evacuantibus
542 2850 592 2881 non
602 2834 753 2891 invitaretur,
761 2835 805 2881 aed
815 2850 873 2895 cong
917 2836 982 2898 poris
993 2842 1087 2901 partem
1099 2834 1221 2896 quandam
1232 2840 1366 2891 externam,
1379 2836 1434 2882 101.

293 2898 396 2946 trarium
407 2898 475 2955 foret,
486 2898 541 2955 878,
554 2899 609 2954 876,
621 2899 682 2953 8776
699 2898 794 2946 affectio
810 2899 875 2961 hyat.
951 2900 1046 2947 166666
1061 2898 1126 2963 (De)
1142 2898 1284 2956 Pataroue,
1297 2898 1440 2954 tte—⁵803
1466 2900 1498 2949 61

294 2962 322 3009 116
335 2978 512 3026 nonnunquam
528 2978 558 3011 ex
575 2962 637 3010 uteri
652 2962 808 3025 procidentia,
820 2972 875 3025 post
918 2963 1025 3012 62-66.

294 3034 391 3101 partum
401 3027 589 3083 laboriosiorem,
600 3029 664 3082 402;
681 3041 756 3074 causa
765 3027 873 3075 efficiens
951 3028 1019 3075 Ileus
1035 3041 1078 3075 seu
1094 3026 1167 3075 iliaca
1180 3026 1263 3138 passio
1280 3026 1338 3089 quid
1355 3026 1394 3084 sit,
1406 3027 1447 3085 62,
1458 3028 1499 3085 68,

294 3097 396 3148 interna,
411 3091 542 3155 spirituum
555 3090 698 3139 animalium
714 3089 805 3151 66666166,
817 3094 873 3148 201,
917 3093 974 3149 601,
986 3092 1112 3149 6026786
1129 3091 1179 3153 dup
1190 3091 1333 3154 exponitur,
1342 3098 1445 3139 remeet
1454 3108 1499 3139 no-

294 3153 351 3213 871,
364 3157 425 3211 set,
442 3171 516 3204 causa
530 3170 580 3203 non
597 3162 655 3203 sunt
669 3156 792 3213 humores,
809 3154 872 3211 8763
917 3156 984 3213 thus,
995 3158 1041 3211 63;
1059 3170 1131 3204 verus
1142 3156 1216 3203 totius
1227 3162 1319 3203 tractus
1329 3154 1499 3205 intestinorum

294 3233 369 3267 causa
387 3220 530 3267 antecedens
551 3217 655 3279 dentiae,
677 3219 779 3267 debilior
800 3220 871 3283 spiri-
916 3220 1042 3269 inversum
1053 3228 1148 3267 motum
1160 3218 1292 3283 66616686
1310 3218 1367 3267 hinc
1384 3220 1500 3282 clysteres

294 3289 365 3331 tuum
377 3284 521 3332 animalium
532 3284 614 3341 erasis,
626 3285 688 3338 ³715
706 3284 770 3331 unde
786 3283 814 3331 flt
830 3300 872 3331 vo-
917 3300 961 3347 per
981 3300 1007 3332 os
1026 3284 1177 3347 rejiciuntur,
1189 3284 1237 3337 646
1257 3298 1313 3330 eum
1331 3284 1432 3332 curandi
1449 3299 1499 3333 me·

294 3348 364 3395 mitio
373 3348 490 3395 materiae
503 3348 595 3405 viridis,
606 3348 669 3402 8786
686 3355 712 3395 66
720 3348 779 3395 hinc
789 3348 872 3410 hyste-
917 3349 1007 3397 thodus
1029 3348 1098 3396 nulla
1118 3348 1167 3395 1666
1188 3347 1287 3409 cognita
1305 3346 1408 3397 ductori
1426 3348 1499 3397 habe·

295 3411 358 3459 ricae
374 3412 423 3460 1666
439 3427 524 3460 omnes
540 3413 570 3460 66
584 3412 733 3459 subsidentia
772 3412 873 3460 irituum
917 3413 996 3471 batur,
1018 3414 1065 3468 686
1094 3412 1196 3460 colicam
1222 3411 1334 3459 bilioaam
1359 3412 1500 3474 insequens,

294 3483 483 3537 conqueruntur,
496 3477 556 3531 8886
568 3492 599 3524 er
608 3476 740 3539 spirituum
767 3476 874 3525 ebilitate
920 3479 980 3533 195,
999 3494 1013 3525 6
1030 3476 1234 3533 calefacientibus,
1244 3475 1270 3523 in
1287 3476 1352 3523 febre
1368 3490 1431 3524 nova
1448 3476 1498 3539 epi-

294 3539 377 3597 oritur,
388 3540 409 3588 si
419 3540 541 3588 meusium
548 3541 631 3588 fluxus
639 3539 712 3587 1666616
720 3540 874 3598 immodicus,
918 3542 991 3599 dena,
1002 3544 1065 3597 6026
1083 3540 1204 3603 quomodo
1219 3540 1368 3597 mactandus,
1379 3542 1426 3588 602
1438 3560 1444 3595 ς
1457 3556 1498 3589 can

294 3606 343 3651 409
353 3620 403 3665 sq.;
426 3604 573 3652 sidiuturns
589 3605 629 3661 616,
640 3604 755 3652 humores
768 3604 874 3667 corporis
917 3605 986 3653 tulus
997 3606 1081 3654 vivens
1095 3604 1162 3653 nudo
1174 3604 1254 3653 ventri
1265 3604 1383 3680 quamdiu
1399 3620 1498 3653 accum-

294 3666 618 3727 16666666166877,878;
639 3668 739 3729 quinam
753 3668 833 3715 morbi
844 3669 874 3716 ab
917 3669 1019 3727 bendus,
1035 3672 1080 3725 643
1109 3669 1181 3717 iliaca
1198 3669 1292 3717 ati'ectro
1311 3670 1387 3717 notha
1404 3670 1434 3717 ab
1455 3670 1498 3718 ob·

294 3731 341 3778 hac
350 3732 483 3781 humorum
497 3733 675 3795 depravatione,
687 3732 748 3787 8776
765 3732 874 3795 periculo
918 3734 1050 3782 6666661666
1064 3734 1098 3791 116,
1111 3735 1155 3789 ot,
1174 3748 1223 3781 non
1238 3733 1312 3782 totius
1328 3734 1500 3783 intestinorum

294 3810 338 3857 per
346 3812 372 3845 se
383 3803 460 3854 vacat,
468 3796 516 3844 nisi
526 3812 639 3860 perversa
646 3811 704 3844 cura
713 3804 874 3859 exasperetur,
918 3798 1014 3854 ductus,
1026 3799 1069 3845 sed
1080 3798 1179 3846 illorum
1190 3806 1286 3846 tantum
1298 3812 1360 3859 quae
1376 3814 1450 3861 supra
1462 3814 1499 3847 66-

295 3862 359 3916 2026
376 3868 419 3909 aut
435 3862 460 3909 vi
476 3860 596 3909 malomm
613 3861 813 3923 subsequentium
827 3860 872 3908 ali-
918 3862 974 3909 dem
996 3862 1167 3910 obstructionis
1189 3870 1254 3920 66666,
1273 3862 1435 3910 inversionem
1456 3878 1500 3925 po-

294 3925 558 3986 66661666666896;
579 3940 634 3988 sym
651 3932 772 3973 temetum
788 3925 872 3987 singu·
916 3926 1020 3983 6616686
1038 3926 1114 3973 ileum
1133 3927 1251 3974 mentitur
1269 3926 1392 3987 hysterica
1412 3927 1500 3985 611666,

294 3987 375 4037 lorum
392 3990 453 4041 ratio
468 3990 612 4053 explicatur,
624 3941 686 4045 8726
704 4004 776 4037 casus
791 3990 873 4051 cujus·
918 3991 975 4047 866,
987 3990 1049 4045 8726
1066 3990 1092 4037 in
1103 3990 1176 4037 iliaca
1185 3989 1296 4053 passione
1307 3990 1439 4037 cathartica
1449 4006 1499 4038 rne-

295 4052 352 4101 dam
368 4054 464 4102 abunde
482 4062 507 4101 et
522 4054 872 4117 66661661666666666168766
917 4054 1055 4101 dicarnenta
1073 4053 1099 4101 in
1119 4054 1222 4101 crustica
1240 4060 1375 4111 transeunt,
1388 4068 1433 4101 nec
1449 4068 1498 4101 non

294 4118 405 4165 curative
415 4118 533 4167 indicatio
543 4126 581 4166 eat
597 4118 725 4181 sanguinis
735 4118 873 4165 corrobora·
917 4126 1036 4173 enemata,
1056 4119 1095 4175 64,
1116 4119 1169 4173 196,
1188 4116 1250 4170 6786
1276 4116 1361 4163 1116666
1380 4117 1499 4178 passionis

295 4180 337 4236 tio,
349 4181 411 4236 8786
429 4183 522 4231 curatio
538 4183 733 4230 venae-sectione
743 4188 769 4229 et
779 4182 873 4229 6661666-
916 4198 998 4239 causa,
1017 4183 1062 4237 686
1082 4196 1131 4244 quo
1147 4186 1217 4243 pacto
1228 4180 1377 4242 producitur,
1390 4182 1429 4237 68,
1442 4184 1498 4239 601,

294 4244 315 4290 61
333 4245 456 4303 ordienda,
472 4246 528 4302 870,
541 4248 604 4300 6416
622 4246 710 4293 deinde
724 4245 875 4321 chalybeatia
917 4248 980 4302 6⁰23
998 4246 1098 4304 curatio,
1111 4246 1152 4303 64,
1163 4246 1219 4301 602,
1231 4244 1292 4298 679;
1311 4244 1404 4305 argenti
1414 4245 1462 4292 vivi
1474 4252 1500 4294 et

295 4308 602 4365 6666166666879,642;
627 4310 653 4356 in
673 4309 874 4358 imbecillioribus
917 4310 1073 4373 globulorum
1094 4310 1119 4358 in
1142 4310 1216 4371 hujus
1242 4308 1367 4357 curatione
1387 4322 1497 4368 censura,

294 4372 388 4419 naturis
400 4372 547 4434 quandoque
563 4388 578 4420 a
594 4373 697 4435 chalybe
716 4373 798 4420 atatim
811 4373 872 4421 iuci-
917 4376 957 4423 68.

294 4435 419 4497 piendum,
431 4435 493 4490 3793
510 4436 622 4499 chalybis
633 4437 796 4484 substantiam
824 4453 874 4485 rae·
950 4438 1138 4501 imaginationis
1153 4437 1233 4486 166666
1248 4436 1413 4500 pereardiaea
1426 4437 1496 4487 resti-

294 4500 352 4561 poni
367 4500 597 4563 praeparationibus,
611 4500 667 4556 879,
684 4502 745 4555 888;
764 4452 873 4563 chalybis
917 4510 984 4551 tutae
995 4502 1143 4566 exemplum,
1156 4504 1194 4551 92

294 4578 367 4611 usum
384 4578 433 4612 non
448 4572 512 4613 recte
528 4565 654 4612 admittere
665 4565 823 4627 purgantium
833 4566 872 4613 in·
950 4567 1115 4616 indicationes
1134 4567 1256 4615 curatirae
1270 4566 1347 4614 bonae
1365 4581 1393 4614 ae
1411 4572 1498 4623 certae,

293 4627 482 4683 tercalationem‚
494 4630 556 4683 8806
574 4628 692 4677 formulae
701 4628 822 4677 curationi
834 4630 872 4678 in·
916 4634 982 4680 unde
999 4632 1124 4695 petendae,
1135 4633 1199 4686 4666
1223 4630 1254 4679 66
1270 4630 1437 4693 phaenomena
1453 4648 1498 4679 na-

293 4692 433 4750 servientea,
440 4695 496 4749 888,
505 4695 545 4750 84,
554 4696 610 4751 641,
621 4695 666 4747 426
684 4692 817 4755 clysterem
827 4695 874 4743 166-
916 4696 1006 4745 turalia
1014 4696 1154 4744 morborum
1165 4695 1294 4759 diligenter
1304 4696 1457 4753 advertendo,
1468 4698 1497 4749 4;

293 4758 445 4817 quentiorem
472 4772 545 4805 usum
567 4758 656 4814 renuit,
678 4758 740 4811 2296
768 4758 873 4807 theriaca
917 4768 1108 4825 symptomatum
1118 4760 1279 4824 peculiarium
1288 4760 1496 4823 perceptione,l2,

293 4822 412 4870 Androm
429 4836 548 4885 magnum
566 4823 591 4872 in
611 4823 650 4871 bis
660 4822 874 4871 affectibusreme·
919 4828 964 4882 lt,
981 4842 1011 4873 ex
1021 4826 1102 4873 6666616
1117 4825 1254 4888 conjunctis
1264 4834 1289 4873 et
1299 4824 1423 4888 proximis,
1436 4838 1497 4886 quae

866 4904 930 4964 466
