3825 5759
528 635 593 696 218
847 633 1043 696 'l'HOMAE
1067 631 1326 706 SYDENHAM

375 805 513 855 Monuu
526 796 754 862 Morbillorum
776 796 910 858 historia
930 796 1000 877 jam
1021 794 1092 857 fuse
1116 793 1246 871 tradidi,
1268 793 1383 857 exinde
1404 797 1545 877 petenda
1566 805 1627 860 est.

374 869 668 965 Qunam
689 907 819 963 tantum
849 898 901 960 hic
933 898 1003 979 (pm
1024 917 1098 959 meo
1125 898 1237 978 more)
1264 897 1455 961 instantiam
1483 899 1628 963 adferam

374 1005 505 1057 Cosano.
526 1003 672 1068 methodi
687 1023 750 1085 qua
764 1001 834 1064 illas
850 997 1069 1081 aggrediebat.

576 1107 637 1191 [3.]
658 1104 842 1180 Februario,
860 1103 955 1179 1674,
972 1101 1104 1164 domina
1116 1099 1290 1164 virtutibus
1305 1103 1518 1182 ornatissima,
1531 1113 1628 1189 atque

526 1209 562 1271 in
584 1208 767 1290 exemplum
788 1211 876 1281 nata,
899 1201 1071 1266 Comitissa
1093 1201 1349 1280 sarisburiensis,
1370 1225 1423 1266 me
1445 1207 1628 1270 accersivit:

526 1311 702 1374 infantium
713 1330 799 1372 uuus
809 1313 941 1370 tantum
953 1313 1025 1367 tum
1039 1304 1194 1387 temporis
1205 1305 1401 1386 aegrotabat,
1413 1328 1488 1370 mor
1502 1309 1627 1391 reliqui,

531 1413 685 1499 (quinque
705 1419 813 1474 autem
828 1409 877 1472 vel
899 1429 954 1472 sex
973 1406 1089 1487 erant)
1112 1428 1192 1489 quos
1212 1428 1324 1470 omnes
1343 1408 1456 1472 eadem
1475 1411 1630 1475 methodo

527 1515 672 1579 tractavi.
718 1513 854 1577 Lectulo
877 1533 931 1574 eos
957 1510 1066 1573 addixi
1091 1510 1133 1572 ad
1162 1509 1230 1572 dies
1255 1509 1352 1572 binos
1380 1518 1528 1575 ternosve
1553 1521 1630 1577 ante

528 1618 741 1701 eruptionem,
757 1623 795 1679 ut
810 1615 951 1698 sanguis,
968 1634 1027 1696 pro
1046 1633 1105 1675 suo
1120 1612 1226 1694 genio,
1241 1613 1414 1695 particulas
1431 1614 1523 1678 facile
1538 1638 1629 1699 sepa-

527 1720 645 1784 rabiles
670 1719 820 1784 morbum
846 1717 1096 1792 committentes,
1118 1735 1176 1798 per
1201 1715 1284 1776 cutis
1308 1737 1403 1797 poros
1428 1717 1628 1796 eliminaret;

527 1844 633 1906 neque
648 1829 758 1886 autem
772 1821 822 1884 vel
842 1819 1004 1902 stragulis,
1018 1818 1069 1881 vel
1087 1816 1167 1899 igni,
1183 1817 1301 1899 quibus
1323 1817 1394 1880 sani
1413 1827 1628 1897 assueverant,

529 1925 719 2008 quidquam'
735 1923 830 2007 adjici
843 1922 989 2005 patiebar
999 1947 1009 1998 3
1032 1920 1073 1983 ab
1095 1940 1152 1983 esu
1171 1919 1318 1982 carnium
1333 1919 1491 1998 arcebam,
1502 1921 1631 2004 juscula

528 2047 695 2105 avenacea,
710 2026 896 2104 hordeacea,
912 2045 949 2088 ac
972 2022 1109 2087 subinde
1130 2043 1265 2105 pomum
1284 2030 1424 2102 coctum,
1439 2025 1628 2103 concedens,

529 2130 713 2194 cerevisiam
734 2137 869 2192 tenuem
885 2128 1028 2210 insuper,
1043 2127 1094 2190 vel
1107 2127 1157 2190 lac
1173 2147 1248 2189 cum
1263 2147 1366 2209 aquae
1379 2127 1477 2211 triplo
1491 2134 1630 2205 coctum,

528 2253 587 2316 pro
608 2239 689 2315 potu
700 2257 709 2309 3
731 2235 933 2313 urgenteque
951 2250 1010 2312 pro
1030 2250 1120 2292 more
1141 2228 1234 2306 tussi,
1252 2230 1415 2311 ptisanam
1436 2231 1631 2312 pectoralem

529 2357 623 2418 saepe
638 2333 863 2397 assumendam
877 2331 1077 2415 praescripsi.
1124 2332 1186 2394 His
1201 2332 1348 2414 peractis,
1367 2334 1500 2396 omnino
1514 2355 1630 2398 couva-

528 2437 617 2501 luere
642 2437 731 2501 brevi
759 2436 814 2499 illo
843 2436 946 2519 spatio
970 2434 1057 2517 quod
1078 2433 1132 2498 hic
1158 2435 1290 2498 morbus
1319 2436 1401 2499 solet
1424 2458 1629 2520 percurrere3

528 2563 634 2624 neque
648 2541 697 2604 vel
719 2560 776 2623 per
798 2539 867 2622 ejus
889 2537 1071 2615 decursum,
1085 2537 1137 2600 vel
1158 2537 1272 2601 eodem
1292 2537 1472 2617 fatiscente,
1487 2547 1630 2624 sympto-

528 2652 616 2707 mate
631 2642 751 2726 quovis,
766 2639 878 2705 morbo
893 2639 969 2703 huic
983 2660 1051 2702 non
1064 2639 1225 2718 familiari,
1239 2639 1461 2704 tentabantru.

578 2745 640 2830 [4.]
667 2743 804 2808 Duobus
828 2742 940 2826 primis
969 2741 1135 2804 mensibus
1160 2741 1277 2824 quibus
1301 2741 1381 2805 haec
1402 2742 1630 2808 Morbillorum

530 2850 650 2934 species
665 2869 699 2911 se
713 2845 878 2931 prodebat,
894 2842 1129 2908 intercurrebat
1144 2853 1178 2907 et
1195 2843 1306 2907 Febris
1321 2844 1479 2926 quaedam
1494 2847 1630 2911 Morbil-

529 2953 598 3016 losa
611 2951 664 3016 hie
683 2950 748 3014 illie
770 2969 889 3032 sparsa,
904 2947 939 3010 in
955 2967 1020 3030 qua
1038 2944 1201 3027 ἐκθύματα
1221 2947 1379 3010 nonnulla
1399 2969 1456 3030 per
1476 2957 1631 3014 truncum

529 3053 679 3138 eorporis,
698 3051 771 3116 colli
785 3050 974 3133 praesertim
992 3049 1170 3132 posteriora
1186 3057 1284 3131 atque
1306 3048 1468 3129 humeros,
1484 3072 1629 3135 erumpe-

528 3155 620 3234 bant,
643 3155 842 3238 eothymata⁸
865 3152 1093 3216 Morbillomm
1118 3151 1300 3229 imitantia;
1327 3173 1348 3214 a
1376 3152 1493 3235 quibus
1517 3154 1632 3217 inille

377 3278 461 3328 rebus
531 3259 646 3322 saltem
661 3253 979 3334 disterminabautiu,
995 3253 1081 3335 quod
1095 3274 1163 3316 nou
1180 3254 1368 3316 universum
1382 3275 1496 3337 corpus
1510 3255 1631 3338 pariter

376 3343 481 3392 Μ””’“
531 3365 734 3444 occuparent,
760 3379 839 3442 quas
865 3357 1004 3420 diximus
1029 3355 1176 3438 partibus
1201 3363 1374 3420 contenta:
1404 3357 1501 3421 febris
1531 3358 1631 3422 etiam

375 3407 428 3456 losa
439 3423 483 3456 nec

376 3487 517 3520 eeeeeeee
534 3463 621 3546 (licet
650 3461 794 3546 ejusdem
819 3460 915 3544 plane
944 3459 1093 3542 generis)
1121 3459 1295 3523 immanior
1323 3467 1402 3538 erat,
1428 3467 1462 3524 et
1491 3461 1533 3524 ad
1562 3461 1631 3526 dies

375 3536 469 3658 flffi
479 3543 518 3585 ω’
532 3567 783 3652 quatuordecim,
818 3587 1054 3648 nonnunquam
1089 3564 1187 3628 etiam
1218 3565 1335 3647 plures,
1372 3567 1629 3649 protrahebatur.

376 3673 501 3778 3333
532 3674 603 3737 Nee
617 3671 906 3736 venae-sectionem
920 3669 999 3732 tulit
1008 3669 1089 3731 haec
1104 3667 1216 3731 Febris
1230 3689 1291 3732 uec
1305 3677 1463 3747 enemata,
1479 3669 1519 3733 ab
1533 3670 1630 3733 utris·

379 3793 503 3843 Morbillis
532 3796 594 3858 que
609 3775 751 3851 irritate;
775 3779 808 3836 at
830 3772 984 3836 methodo
998 3791 1080 3854 quae
1102 3769 1263 3833 Morbillis
1286 3771 1432 3853 superius
1454 3771 1560 3835 dicata
1580 3778 1630 3835 est

377 3858 502 3972 mi„
531 3878 647 3943 lubens
662 3875 828 3942 concessit.
873 3876 983 3958 Atque
996 3874 1077 3937 haec
1092 3873 1132 3936 de
1148 3873 1309 3937 Morbillis
1323 3874 1456 3938 fuemnt
1471 3873 1613 3939 dicenda

986 4077 1082 4140 cAP.
1107 4075 1181 4138 lv}

720 4241 864 4306 Variolce
878 4239 1051 4302 Anmnclce
1065 4245 1233 4300 aaronem*
1250 4237 1344 4314 1674,
1362 4237 1457 4301 1675.

576 4383 857 4449 Quuuauuonuu
873 4374 1014 4439 morbilli
1029 4373 1198 4458 epidemici
1211 4372 1308 4436 initio
1322 4372 1402 4436 anni
1419 4373 1504 4437 1670
1524 4371 1631 4436 ineur-

533 4493 650 4562 santes,
659 4481 806 4547 Variolas
817 4479 926 4562 nigras
936 4477 1059 4542 ibidem
1068 4475 1122 4561 [iv.
1133 4498 1160 4541 e.
1172 4477 1218 4562 6.]
1229 4475 1405 4540 delineatae
1413 4475 1631 4552 introduxere,

533 4589 579 4652 ita
599 4587 698 4651 etiam
716 4585 761 4662 hi,
778 4583 833 4666 qui
855 4581 943 4646 haud
963 4581 1071 4644 minua
1093 4579 1269 4663 epidemice
1289 4578 1519 4662 grassabantur
1538 4577 1632 4641 initio

564 4774 574 4798 ¹
589 4761 725 4846 ᾳυὲᾰᾳυαηι]
738 4765 851 4824 quidquid
864 4761 900 4809 ed.
913 4761 963 4810 ’76
1104 4761 1112 4788 “
1129 4759 1206 4808 Deest
1216 4759 1263 4807 hoc
1274 4775 1327 4835 esp.
1337 4759 1364 4807 in
1375 4759 1428 4806 edd.
1439 4759 1488 4814 ¹66,
1501 4759 1550 4806 ’66

566 4837 575 4861 “
591 4825 700 4892 rotham]
725 4823 833 4885 adducre
843 4825 879 4873 sd.
891 4825 939 4874 ’76
1105 4829 1117 4852 “
1133 4823 1271 4886 absorde]
1280 4827 1350 4886 huju
1358 4827 1532 4872 conseminia
1539 4822 1575 4870 ed
1583 4821 1630 4872 ’76
