3825 5759
401 824 444 873 De

505 649 572 713 566
817 644 1012 711 'I'HOMAE
1035 642 1296 710 SYDENHAM

504 810 621 891 bitum,
641 830 827 894 orgasmnm
849 827 1050 893 compescere
1070 827 1139 871 non
1159 806 1274 886 valeat,
1292 804 1391 889 (qnod
1410 805 1450 869 in
1466 805 1612 869 Variolis

352 890 491 939 various.
506 917 513 930 ·

353 959 492 971 ---
504 916 676 1000 insigniter
689 912 937 979 confluentibus
953 911 1015 975 sub
1029 912 1130 976 finem
1143 931 1255 975 earnm
1269 931 1364 993 saepe
1378 909 1516 991 accidit)
1534 916 1611 972 tum

364 4252 474 4301 Infantes

504 1026 616 1083 octava
631 1036 757 1099 quaque
771 1016 852 1079 hora
865 1014 1095 1093 exhibendum,
1108 1014 1161 1078 vel
1173 1013 1312 1097 saepius,
1327 1012 1356 1076 si
1369 1033 1450 1095 opus
1464 1011 1574 1075 fuerit.

554 1116 638 1202 [la]
664 1116 712 1181 At
736 1116 765 1179 si
786 1115 937 1180 Variolae
962 1114 1195 1179 interstinctae
1222 1113 1356 1192 fuerint,
1379 1113 1458 1177 satis
1481 1112 1544 1177 erit
1568 1118 1611 1175 nt

506 1218 707 1285 solummodo
721 1218 857 1303 singulis
878 1217 1030 1283 noctibus
1050 1224 1125 1301 post
1143 1216 1275 1301 plenam
1293 1216 1497 1300 eruptionem
1517 1214 1611 1279 exhi·

505 1322 621 1387 beatur
634 1321 867 1405 paregoricum,
883 1327 981 1405 atque
995 1320 1095 1383 etiam
1108 1320 1145 1383 in
1158 1318 1278 1383 minori
1291 1318 1372 1383 dosi.

554 1424 638 1510 [18.]
666 1424 909 1507 Qualisounque
924 1430 1035 1487 autem
1053 1421 1181 1505 generis
1195 1420 1347 1487 Variolae
1360 1420 1493 1499 fuerint,
1508 1426 1611 1502 atque

506 1528 607 1593 etiam
635 1526 850 1611 qualicunque
878 1524 986 1589 morbi
1011 1532 1169 1608 tempore,
1197 1524 1227 1589 si
1253 1523 1413 1607 phrenitis
1442 1522 1609 1601 acciderit,

506 1632 640 1697 omnino
659 1636 785 1715 oportet
803 1636 842 1692 ut
859 1626 1045 1692 inordinato
1059 1628 1233 1711 spirituum
1251 1627 1357 1691 motui
1369 1626 1519 1689 fiaenum
1533 1626 1610 1709 inji-

507 1733 611 1798 ciatur
619 1758 629 1811 3
652 1752 689 1796 ac
703 1729 847 1815 proinde,
857 1729 884 1795 si
895 1729 983 1813 prior
992 1728 1170 1813 paregorici
1188 1729 1274 1793 dosis
1287 1735 1410 1793 metam
1423 1749 1493 1793 non
1508 1728 1611 1791 attin-

508 1843 574 1919 gat,
590 1834 654 1899 alis
672 1840 769 1917 atque
784 1832 847 1897 alia
861 1838 1053 1911 assumatru,
1069 1831 1172 1897 donec
1193 1832 1355 1895 tumultus
1369 1830 1500 1915 penitus
1521 1851 1610 1894 oom-

507 1944 674 2023 pescatur;
695 1936 885 2019 interposito
908 1934 996 1999 inter
1020 1935 1165 2017 singulas
1189 1934 1283 1999 doses
1303 1934 1408 2017 spatio
1432 1934 1552 2017 aliquo,
1570 1940 1612 1999 nt

507 2060 697 2125 pernoscere
710 2039 882 2116 valeamus,
897 2044 1010 2102 utrum
1028 2038 1115 2103 dosis
1129 2037 1246 2103 ultima
1265 2036 1301 2101 id
1320 2036 1407 2120 quod
1425 2036 1611 2121 quaerimus

507 2139 714 2226 praestiterit,
729 2145 904 2223 antequam
918 2160 1003 2204 nova
1014 2140 1192 2224 ingeratur.

559 2242 671 2327 [19.]m
694 2242 731 2305 Si
750 2241 937 2307 omnimoda
954 2241 1069 2307 urinae
1090 2241 1272 2326 suppressio
1293 2241 1455 2320 acciderit,
1470 2260 1567 2323 aeger
1590 2260 1612 2303 e

509 2346 593 2411 lecto
608 2346 777 2425 eximatiu,
793 2353 826 2411 et
841 2346 1080 2431 aliquantulum
1094 2345 1291 2411 obambulet

520 2510 522 2513 .
559 2448 642 2534 [20]
652 2457 667 2485 ¹³
690 2448 727 2512 Si
741 2448 840 2513 saliva
854 2449 896 2514 ob
911 2450 1052 2514 calorem
1066 2449 1109 2514 sit
1123 2449 1204 2515 adeo
1217 2448 1338 2513 viseida
1355 2455 1395 2512 nt
1413 2448 1613 2531 expectorari

510 2574 578 2618 non
591 2552 702 2637 possit,
717 2558 790 2617 tum
805 2552 1004 2637 gargarisma
1017 2574 1094 2618 oum
1110 2553 1243 2637 syringa
1256 2572 1351 2636 saepe
1364 2551 1400 2615 in
1414 2552 1523 2615 buces
1536 2551 1613 2635 inji-

510 2656 624 2721 ciatur.
669 2656 889 2739 componatur
903 2676 921 2720 e
936 2656 1087 2721 cerevisia
1100 2656 1203 2734 tenni,
1221 2655 1274 2721 vel
1292 2676 1377 2739 aqua
1393 2654 1516 2733 hordei,
1536 2675 1615 2718 cum

510 2757 606 2823 melle
619 2779 775 2823 rosarum.
820 2758 884 2823 Vel
898 2780 1035 2843 sequens
1049 2758 1199 2842 usurpari
1211 2758 1332 2842 poterit
1342 2783 1395 2822 :-

513 2892 725 2961 [Fom.1eo.]0
744 2890 776 2972 R
793 2893 909 3034 gqqticis
915 2893 996 3036 ἓιὶωἱ
1008 2894 1147 2995 drachmas
1158 2909 1213 2994 sex,
1234 2981 1241 2993 ι

855 2998 904 3035 1018
1056 2997 1104 3035 ΖΕΘ
1114 2997 1218 3034 semiim

796 3066 920 3121 Persidas
932 2982 1084 3123 edddlrdahdas
1095 3067 1201 3137 viginti,
1218 2998 1296 3045 mm

795 3151 926 3207 Rosamm
939 3154 1092 3209 Rubrarum
1103 3154 1218 3225 pugillus
1230 3154 1313 3217 dnos;

654 3238 747 3309 Coque
763 3238 909 3294 sufficiente
921 3243 1070 3311 quantitate
1086 3240 1218 3311 aquaead
1231 3241 1430 3311 sesquilibram
1448 3241 1476 3293 in
1495 3240 1618 3294 colatura

655 3324 767 3379 dissolve

797 3412 944 3484 Oxymellis
956 3415 1092 3486 simplicis,

796 3498 887 3554 Mellis
899 3500 1040 3567 Rosamm,
1051 3519 1104 3556 ana
1115 3502 1210 3557 uncins
1221 3500 1303 3562 dum

656 3585 757 3650 Misce,
775 3586 821 3640 fiat
835 3588 1007 3657 gargarisma

563 3705 672 3789 [21.]r
696 3706 731 3768 Si
755 3706 944 3790 epispastico
969 3728 1049 3794 opus
1074 3708 1184 3786 fuerit,
1211 3707 1355 3791 amplum
1381 3706 1458 3770 satis
1482 3713 1517 3770 et
1542 3728 1616 3771 aere

513 3808 640 3872 nuchae
669 3808 847 3892 applicetur
870 3816 967 3873 nocte
995 3810 1060 3875 ists
1091 3832 1173 3895 quae
1201 3831 1356 3894 magnam
1383 3809 1488 3873 morbi
1517 3809 1616 3873 crisin

513 3910 693 3995 praecedit:
716 3932 790 3977 mox
813 3912 853 3976 ab
876 3920 1042 3998 assumpto
1062 3914 1248 3997 paregorioo
1270 3913 1389 3997 plantis
1411 3932 1537 3997 quoque
1557 3932 1614 3994 pe-

514 4014 592 4079 dum
617 4014 769 4099 applicari
792 4022 898 4099 potest
922 4016 1044 4095 allium,
1068 4038 1088 4080 a
1111 4015 1163 4081 die
1186 4022 1299 4080 octavo
1323 4016 1490 4099 usquead
1510 4012 1615 4077 morbi

514 4122 623 4199 finem,
639 4121 776 4203 singulis
790 4120 903 4185 diebus
918 4121 1150 4185 renovandum.

564 4224 666 4308 [22](Ι
691 4224 727 4287 Si
737 4224 854 4303 infans,
867 4224 907 4289 de
923 4224 1147 4309 symptomatis
1160 4224 1373 4289 dentitionem
1385 4220 1616 4287 comitantibus

363 4332 465 4444 {22³1}ss
475 4329 579 4429 utjam
604 4348 744 4407 securus,
771 4328 945 4413 derepente
970 4350 1097 4411 spasmo
1121 4328 1302 4411 corripitur,
1328 4327 1382 4390 hic
1407 4324 1617 4409 cogitandum

363 4445 487 4495 natandi
516 4438 575 4509 est,
601 4430 842 4496 convulsionem
867 4432 964 4495 istam
988 4430 1133 4495 fortassis
1159 4452 1179 4494 a
1203 4430 1350 4494 Naturae
1378 4437 1507 4507 conatu,
1534 4450 1617 4512 quae

516 4532 673 4612 Variolas,
690 4534 894 4599 scarlatinam
916 4532 1049 4612 febrem,
1071 4540 1129 4597 aut
1149 4530 1324 4610 morbillos,
1339 4531 1376 4595 in
1397 4531 1537 4615 corporis
1559 4530 1617 4594 ha·

548 4693 570 4721 m
588 4686 625 4734 cf.
640 4688 732 4735 Obiere.
746 4689 807 4736 Med.
820 4688 852 4736 iii.
866 4690 887 4737 2.
901 4691 939 4737 64.
1120 4697 1135 4735 Ρ
1152 4689 1250 4737 Desunt
1266 4691 1292 4750 §fl
1310 4689 1350 4744 21,
1366 4689 1397 4735 22
1414 4687 1440 4735 in
1457 4686 1494 4735 ed.
1512 4688 1568 4743 ’9³5
1586 4686 1618 4733 cl.

549 4750 821 4801 retractatam.
1090 4756 1394 4815 ncuranpmqsssq.

549 4822 562 4849 ⁰
581 4814 618 4863 Cf.
629 4814 697 4863 lonn.
714 4816 751 4865 21.
1124 4826 1139 4863 ‘1
1156 4818 1195 4868 Cf.
1207 4821 1262 4866 ibid
1274 4820 1286 4878 l
1299 4820 1337 4866 28.
