3825 5759
370 837 469 886 Farris

499 666 547 729 io
812 664 1008 732 'l'HOMAE
1030 666 1290 732 SYDENHAM

500 826 613 892 eadem
627 827 778 892 conclusa
796 848 834 892 ac
853 826 914 910 ipsi
933 826 1066 891 inimica
1085 832 1281 905 secernatur,
1294 826 1345 893 vei
1363 830 1403 891 ιιι
1418 824 1551 909 unguis
1564 826 1604 893 iu

348 902 489 1015 Acfflss,
500 950 617 994 novam
632 930 774 1013 aliquam
789 928 952 993 diathesin
965 928 1169 993 immutetur.

350 1124 460 1170 Feruen-

349 1190 446 1233 tationis

349 1258 442 1329 uus.

550 1030 612 1115 [2.]
632 1030 741 1114 Atque
755 1030 791 1094 in
805 1030 867 1095 boc
882 1030 1014 1114 negotio
1023 1032 1127 1114 magis
1138 1030 1258 1095 arridet
1266 1030 1365 1094 latina
1373 1036 1408 1095 et
1418 1029 1602 1112 generalius

501 1134 711 1196 commotionis
735 1132 936 1211 vocabulum,
958 1154 1057 1216 quam
1080 1134 1131 1197 vel
1143 1132 1406 1214 fomentationis,
1424 1133 1477 1197 vel
1493 1132 1602 1196 ebulli-

501 1236 617 1308 tioois,·
647 1235 765 1318 quippe
794 1234 881 1318 quod
915 1235 1024 1299 inanis
1055 1231 1257 1321 λαγομαχᾶιι
1283 1236 1485 1301 occasionem
1508 1256 1603 1318 prae-

363 1318 376 1361 ⁶
502 1334 638 1414 ιιιιιιιι,
654 1357 751 1419 quim
765 1335 909 1400 ιιιιιιιιι
924 1335 1110 1399 anomoei
1130 1356 1223 1400 ιιιιι
1240 1336 1334 1419 (quie
1355 1336 1480 1400 ιιιιιιιι
1501 1336 1602 1419 expli-

349 1331 361 1361 c
379 1316 466 1361 unitio-

348 1381 385 1424 nis
395 1392 467 1425 voca-

348 1441 408 1488 bula
418 1441 465 1489 mi-

348 1520 396 1552 nus
406 1520 461 1567 pro·

350 1569 401 1644 prio
409 1570 433 1616 in
442 1568 489 1617 Fe·

349 1634 430 1680 briain
440 1648 470 1681 ne

501 1438 662 1503 cationem
676 1458 745 1502 non
760 1436 998 1502 incommodam
1013 1437 1199 1515 admittant,
1210 1442 1321 1501 tamen
1335 1438 1444 1501 minus
1454 1438 1601 1521 propriae

502 1560 540 1605 ac
553 1540 703 1606 nonnihil
717 1540 861 1604 duriores
875 1540 1042 1604 nonnullis
1055 1540 1228 1621 videntum)
1245 1539 1334 1603 baud
1348 1540 1426 1603 satis
1441 1546 1602 1605 caverent.
1628 1619 1632 1625 Ι
1743 1617 1744 1626 ¹

393 1698 452 1745 .οω
471 1661 482 1671 ·
503 1642 657 1707 Quamvis
693 1642 782 1707 enim
818 1642 940 1707 cruoris
975 1642 1012 1705 in
1041 1641 1198 1705 Febribus
1228 1641 1410 1718 commotio,
1439 1641 1604 1723 liquorum
1743 1633 1744 1664 ¹

427 1776 445 1812 r.
452 1713 489 1745 ur.
501 1744 730 1828 vegetabilium
752 1744 830 1809 alias
847 1744 1139 1821 fermentationem,
1161 1744 1241 1808 alias
1261 1744 1362 1808 etiam
1377 1742 1602 1808 ebullitionem

503 1847 684 1911 aemuletur
693 1872 703 1923 ;
734 1867 803 1910 non
824 1846 944 1911 desunt
967 1845 1180 1909 nihilominus
1203 1843 1260 1927 qui
1287 1844 1425 1909 eandem
1445 1863 1517 1907 noa
1533 1864 1603 1907 uno

502 1947 599 2012 modo
624 1947 665 2015 ab
690 1954 828 2031 utraque
852 1948 1030 2032 plurimum
1052 1947 1182 2012 differre
1207 1946 1418 2011 arbitrentur.
1462 1945 1514 2011 De
1538 1944 1605 2008 fer-

502 2048 703 2113 mentatione
727 2070 831 2113 unum
862 2050 1039 2115 alterumve
1068 2048 1111 2113 ab
1139 2048 1203 2113 illis
1232 2054 1381 2111 sumatur
1408 2046 1603 2129 exemplum.

412 2168 436 2215 ui
453 2182 484 2215 ιι
503 2151 622 2231 Primo,
645 2152 721 2215 lieet
749 2151 1031 2217 fermentescentia
1052 2150 1176 2235 liquida
1199 2149 1344 2214 duosam
1366 2148 1530 2232 quandam
1552 2148 1604 2211 in-

367 2233 391 2307 '·
411 2296 418 2307 ·
441 2311 467 2343 ᾖ
504 2252 609 2317 dolem
626 2252 674 2317 ita
694 2254 836 2318 nancisei
858 2255 983 2318 soleant
1005 2261 1043 2319 ut
1065 2254 1217 2336 spiritum
1237 2252 1406 2316 ardentem
1427 2272 1468 2317 ex
1487 2249 1604 2317 iisdem

361 2424 367 2435 ,
403 2360 472 2407 ὶόι
503 2354 677 2419 destillatio
702 2356 821 2434 eliciat,
843 2362 941 2439 atque
970 2356 1006 2421 in
1028 2362 1156 2421 acetum
1184 2354 1279 2419 facile
1302 2353 1491 2429 desciscant,
1517 2352 1605 2436 quod

351 2438 491 2535 ,iffiffm
502 2457 609 2541 ipsum
631 2458 753 2539 insigni
778 2478 870 2521 acore
892 2457 1002 2540 pollet,
1029 2464 1063 2523 et
1087 2456 1238 2541 spiritum
1260 2455 1389 2519 acidum
1410 2453 1604 2519 destillando

360 2568 373 2627 ι
413 2567 442 2645 ξ“
452 2566 479 2599 ⁸·
504 2558 655 2637 exhibet,
677 2564 829 2623 neutram
846 2564 959 2623 tamen
979 2558 1138 2643 ejusmodi
1156 2556 1371 2623 mutationem
1389 2556 1426 2619 in
1445 2554 1604 2638 sanguine

369 2630 414 2664 ⁰⁰⁰
428 2650 435 2664 ’
502 2660 660 2727 hactenus
674 2661 874 2726 observatam
887 2661 987 2727 finisse
1001 2659 1213 2726 contendunt.

353 4514 465 4591 fabrilis.

352 4594 479 4643 sanguinis

351 4644 482 4695 commotio

351 4708 390 4757 val
399 4708 430 4757 sd
439 4722 491 4757 ma·

352 4773 425 4822 teiise
436 4772 478 4821 ha·

546 2763 673 2829 Deinde
687 2762 810 2827 adverti
827 2763 940 2828 volunt
959 2762 1046 2846 quod
1064 2783 1140 2827 cum
1153 2761 1190 2825 in
1207 2760 1386 2845 liquoribus
1405 2759 1523 2824 vinosu
1539 2758 1605 2823 fer·

501 2866 658 2931 mentatio
681 2872 715 2930 et
741 2864 908 2950 depuratio
932 2865 1046 2930 eodem
1067 2870 1213 2948 tempore
1231 2868 1438 2947 peragantur,
1456 2869 1490 2925 et
1512 2862 1604 2944 quasi

501 2970 633 3053 paribus
658 2968 805 3054 passibus
833 2968 1020 3053 procedant,
1044 2966 1213 3050 deputatio
1236 2973 1348 3029 tamen
1371 2964 1539 3046 sanguinis
1566 2963 1604 3031 iu

503 3072 660 3137 Febribus
675 3072 819 3155 ejusdem
834 3072 1070 3137 aestuationem
1084 3089 1152 3133 non
1166 3068 1349 3146 comitetur,
1359 3066 1415 3131 sed
1429 3082 1604 3149 consequa-

503 3182 568 3251 tur,
580 3175 614 3239 id
624 3174 710 3257 quod
721 3174 755 3239 in
763 3195 954 3257 paroxysmo
965 3172 1085 3237 Febrili
1095 3192 1153 3255 per
1166 3170 1299 3235 sudores
1311 3170 1426 3248 soluto,
1437 3170 1488 3233 vel
1496 3168 1604 3235 oculo-

503 3296 578 3339 rum
591 3276 777 3339 testimonio
790 3281 901 3358 patere
915 3275 1111 3339 existimant.

554 3375 614 3458 [3.]
643 3375 740 3441 Quod
764 3383 874 3440 autem
894 3376 935 3440 ad
957 3376 1179 3440 ebullitionem
1201 3374 1330 3453 attinet,
1354 3372 1511 3439 difficilior
1540 3372 1604 3435 illis

505 3477 585 3541 haec
604 3477 730 3541 videtur
750 3478 907 3560 analogia,
930 3498 1074 3560 quaeque
1096 3476 1327 3561 experientiam
1346 3475 1445 3539 habet
1462 3494 1603 3538 summo·

505 3598 581 3661 pere
603 3578 829 3661 refragantem,
852 3579 888 3643 in
913 3579 1024 3643 multis
1046 3579 1201 3642 nimirum
1223 3578 1359 3652 casibus,
1381 3576 1506 3659 quoties
1534 3594 1603 3637 non

506 3679 586 3744 adeo
611 3681 758 3745 effraenis
784 3688 833 3746 est
857 3681 977 3745 cruoris
1001 3702 1167 3764 orgasmus
1190 3688 1229 3745 ιιι
1254 3679 1439 3745 conditionis
1463 3675 1602 3759 appella-
1676 3670 1681 3677 ’

505 3782 629 3847 tionem
650 3784 765 3847 mereri
787 3783 896 3867 possit.
942 3780 1067 3847 Verum
1084 3789 1161 3847 utut
1186 3784 1239 3861 sit,
1265 3779 1492 3869 (nequeenim
1514 3778 1603 3843 bisce

505 3882 728 3949 controversiis
749 3905 802 3949 me
824 3884 987 3949 ullatenus
1007 3886 1181 3949 immisceri
1199 3886 1326 3969 patiar,)
1344 3880 1603 3967 quandoquidem

496 3986 748 4068 fermentationis
769 3994 802 4053 et
821 3986 1008 4051 ebtsllitioois
1032 3988 1187 4053 voeabula
1206 3988 1292 4072 apud
1315 3986 1508 4051 recentiores
1530 3985 1603 4049 Me-

506 4090 593 4155 dicos
626 4089 803 4175 plurimum
831 4088 1049 4171 invaluerunt,
1079 4112 1141 4174 ego
1168 4111 1295 4174 quoque
1324 4088 1437 4154 eadem
1466 4086 1603 4152 subinde

505 4214 658 4277 usurpare
677 4214 744 4257 non
759 4191 983 4272 dubitaverim,
999 4193 1173 4258 dummodo
1187 4213 1228 4257 ex
1241 4194 1311 4277 jam
1326 4191 1421 4256 dietis
1436 4191 1513 4255 satis
1528 4211 1603 4254 con-

505 4303 569 4361 stet
590 4316 680 4361 voces
702 4296 781 4360 istas
806 4296 843 4359 in
864 4296 926 4361 hoc
947 4302 1091 4360 tractatu
1111 4294 1236 4361 clariori
1264 4293 1466 4359 solummodo
1496 4292 1603 4356 dicen-

506 4396 620 4460 dorum
635 4397 838 4481 explicationi
854 4396 1018 4463 inservire.

549 4496 648 4560 Porro
662 4498 823 4563 Febrilem
840 4500 926 4564 hanc
941 4498 1108 4583 sanguinis
1129 4498 1379 4564 commotionem
1394 4497 1436 4563 ob
1451 4494 1605 4560 materiae

505 4596 672 4681 eujusdam
693 4598 933 4685 heterogeneae,
956 4602 1080 4685 ipsique
1102 4602 1249 4667 Naturae
1272 4598 1479 4676 adversantis,
1502 4618 1604 4663 secre-

505 4698 627 4765 tionem
647 4696 687 4763 ab
708 4700 820 4766 eadem
840 4704 1004 4782 concitari,
1019 4724 1115 4769 omne
1136 4724 1238 4786 genus
1257 4702 1398 4768 febrium
1413 4720 1495 4785 quae
1509 4720 1604 4783 erup-

862 4836 873 4857 ⁰
890 4831 918 4876 Ιιι
930 4833 1011 4891 quibas
1022 4828 1075 4892 de]
1088 4846 1136 4878 οιιι.
1148 4831 1184 4877 ed.
1197 4830 1246 4881 ⁵76.
