3825 5759
525 650 900 719 OBSERVATIONES
924 651 1147 719 MEDICAE.
1345 657 1385 719 15

286 822 395 879 tamen
412 811 467 879 καὶ
485 812 527 885 ὡς
547 810 602 877 ἐπὶ
615 812 653 877 τὸ
667 812 762 893 πολύ,
780 814 863 879 votis
882 815 1055 897 respondet
1074 814 1297 879 exhibentium
1306 841 1318 895 ;
1339 816 1387 881 ita
1421 826 1521 875 Ριιιι.

286 938 405 981 sannae
421 916 506 981 foliis
527 915 628 998 (verbi
643 916 768 999 gratia)
791 916 899 981 alvum
919 916 1138 995 subducimus,
1158 938 1314 1001 papavere
1335 919 1385 983 in-
1399 889 1544 973 Q

286 1019 422 1083 vitamus
438 1038 599 1085 somnum.
644 1018 724 1083 Non
742 1019 770 1083 is
785 1040 858 1083 sum
873 1019 930 1102 qui
948 1040 1067 1102 negem
1081 1019 1197 1085 debere
1218 1021 1386 1086 Medicum

286 1121 430 1187 animum
451 1119 625 1202 diligenter
651 1120 815 1185 advertere
839 1120 880 1185 ad
901 1121 1116 1203 particrdarie,
1136 1127 1210 1185 turn
1224 1122 1385 1203 Methodi,

285 1230 355 1287 tum
368 1222 506 1287 remedii
520 1227 636 1288 eventa
654 1220 772 1304 quibus
789 1228 839 1285 est
857 1244 936 1287 usus
958 1222 994 1287 in
1008 1223 1195 1289 morborum
1210 1225 1385 1304 curatione,

286 1332 317 1389 et
340 1325 377 1389 in
399 1346 478 1389 usus
500 1344 575 1387 suos
596 1344 761 1407 reponere,
781 1329 850 1389 tam
872 1325 914 1389 ad
934 1325 1165 1391 sublevandam
1185 1328 1385 1407 memoriam,

286 1448 380 1510 qnam
395 1434 434 1491 ut
449 1447 543 1491 ansas
565 1425 641 1491 inde
656 1426 797 1511 arripiat,
814 1426 929 1509 quibus
949 1428 1106 1510 paulatim
1125 1429 1258 1511 peritior
1271 1430 1385 1495 evadat

286 1530 444 1607 Medicus,
459 1528 656 1612 tandemque
670 1538 742 1613 post
762 1530 890 1595 diutina
906 1538 940 1595 et
960 1532 1098 1614 repetita
1117 1532 1243 1614 saepius
1262 1534 1385 1617 experi-

284 1640 396 1701 menta
415 1633 610 1697 Methodum
636 1633 697 1699 sibi
720 1635 799 1717 figat
823 1635 1003 1717 firmctque,
1027 1656 1047 1697 a
1070 1656 1134 1717 qua
1152 1636 1188 1698 in
1209 1635 1308 1721 hujus
1328 1643 1386 1701 aut

283 1736 370 1800 illins
403 1734 509 1799 morbi
541 1735 707 1801 curatione
736 1756 779 1799 ne
808 1736 912 1799 hilum
942 1735 1004 1801 sibi
1036 1735 1253 1801 recedendum
1280 1745 1385 1820 putet.

287 1838 372 1923 [la]
393 1837 640 1906 Observationes
663 1844 772 1903 autem
794 1838 1003 1921 particulares
1024 1838 1061 1903 in
1081 1839 1189 1905 lucem
1207 1838 1293 1917 dare,
1317 1861 1386 1905 non

282 1940 328 2005 ita
345 1960 501 2021 magnam
519 1940 582 2021 (me
604 1940 735 2023 judice)
754 1940 858 2005 adfert
880 1940 1067 2005 utilitatem.
1111 1940 1201 2005 Nam
1215 1940 1243 2005 si
1256 1940 1291 2005 id
1311 1947 1384 2005 tan-

282 2049 355 2107 tum
376 2042 444 2125 agit
459 2041 662 2120 Observator,
678 2050 715 2106 ut
731 2062 790 2105 nos
806 2041 918 2107 doceat
938 2042 1026 2105 hunc
1043 2042 1193 2107 morbum
1208 2043 1317 2122 semel,
1333 2044 1383 2109 vel

283 2144 383 2210 etiam
408 2143 544 2225 saepius,
569 2143 646 2209 huic
675 2142 817 2207 remedio
843 2142 984 2222 cessisse,
1009 2144 1087 2227 quid
1109 2144 1190 2208 mihi
1216 2145 1381 2229 (obsecra)

282 2246 449 2329 profuerit,
460 2246 486 2309 si
497 2246 643 2311 infinitae
652 2245 718 2309 iere
727 2245 1038 2311 medicamentorum
1049 2246 1383 2313 decantatissimomm

283 2348 402 2431 copiae,
428 2368 491 2431 qua
515 2347 643 2431 jamdiu
666 2347 842 2425 obruimur,
870 2348 976 2413 adhuc
1002 2349 1089 2414 aliud
1119 2349 1201 2413 mihi
1225 2349 1382 2415 hactenus

282 2449 467 2515 inauditum
489 2450 670 2515 accrescat?
698 2450 795 2517 Quod
817 2450 853 2528 si,
876 2450 1053 2534 repudiatis
1075 2452 1210 2517 caeteris
1231 2454 1383 2517 omnibus

283 2552 497 2615 remediorum
514 2551 669 2630 formulis,
684 2552 760 2615 huic
775 2573 827 2615 me
844 2554 939 2617 unice
957 2553 1118 2633 addixero,
1140 2575 1183 2617 an
1199 2575 1267 2619 non
1285 2555 1382 2633 innu-

283 2654 379 2719 meris
390 2653 457 2717 iere
472 2654 697 2737 experimentis
712 2654 878 2737 probanda
889 2655 971 2719 mihi
981 2656 1069 2719 venit
1083 2658 1154 2740 ejus
1164 2656 1221 2734 vis,
1233 2657 1382 2721 innume-

283 2776 336 2819 rae
366 2756 465 2819 etiam
495 2756 754 2821 circumstantiae
785 2756 1005 2835 trutinandae,
1035 2764 1108 2821 tum
1137 2778 1281 2839 aegrum,
1311 2765 1383 2821 tum

283 2856 383 2940 ipsam
405 2855 599 2921 Methodum
620 2864 811 2941 spectantes,
827 2865 1003 2940 antequam
1018 2878 1057 2921 ex
1072 2858 1291 2921 observatione
1309 2858 1383 2921 soli-

283 2960 365 3023 taria
378 2959 521 3027 fructum
533 2960 672 3043 aliquem
684 2982 799 3044 queam
815 2960 1007 3042 decerpere?
1032 2959 1066 3023 Si
1079 2959 1284 3023 Observatori
1298 2980 1384 3022 nun-

284 3079 379 3145 quam
393 3083 461 3125 non
472 3062 671 3147 responderit
682 3062 967 3140 medicamentum,
977 3080 1076 3143 quare
1090 3059 1125 3123 in
1136 3058 1384 3143 particularibus

283 3170 436 3243 versatur,
459 3163 523 3227 nisi
551 3170 608 3229 aut
637 3164 699 3229 sibi
728 3159 852 3229 diffidat
878 3163 955 3247 ipse,
983 3169 1040 3227 aut
1063 3161 1252 3227 minutatim
1275 3162 1384 3246 potins

285 3288 379 3349 quam
393 3264 430 3331 in
445 3266 546 3331 solido
560 3267 748 3350 imposuisse
764 3268 834 3333 orbi
848 3267 949 3333 videri
963 3266 1154 3351 praeoptet?
1186 3264 1294 3331 Quam
1308 3286 1385 3331 vero

284 3368 318 3433 in
332 3368 463 3453 proclivi
478 3370 520 3433 sit
535 3370 724 3435 densissima
737 3370 835 3453 hujus
851 3370 978 3453 generis
992 3369 1158 3433 volumina
1171 3368 1382 3445 conscribere,

284 3490 378 3535 nemo
399 3472 451 3535 vel
472 3470 674 3538 mediocriter
695 3472 730 3537 in
752 3472 842 3555 praxi
863 3479 1008 3535 versatus
1030 3472 1159 3553 ignorat
1169 3497 1180 3551 3
1208 3472 1260 3535 uti
1280 3493 1342 3537 nec
1363 3493 1383 3535 e

285 3582 396 3639 centn
425 3595 522 3656 quam
552 3573 593 3639 sit
622 3574 703 3639 illud
733 3574 870 3652 difficile,
894 3574 1071 3657 perfectam
1100 3580 1134 3638 et
1160 3576 1383 3639 confirmatam

284 3675 427 3759 undique
448 3676 605 3741 Medendi
628 3674 825 3743 Methodum
848 3676 885 3739 in
911 3676 1021 3759 quovis
1046 3676 1158 3741 morbo
1183 3676 1320 3741 condere
1345 3698 1384 3740 ac

284 3776 435 3843 stabilire.
478 3778 517 3857 Si
540 3778 590 3843 vel
614 3800 700 3843 unus
722 3784 853 3843 tautum
879 3798 936 3860 per
962 3778 1091 3860 singula
1115 3778 1230 3842 mundi
1256 3779 1384 3843 saecula

283 3878 343 3944 hoe
372 3879 469 3945 modo
490 3880 624 3945 unicum
647 3881 832 3945 tractaverit
851 3879 1012 3958 morbum,
1030 3881 1188 3945 Medendi
1202 3882 1266 3945 Ars
1288 3882 1384 3966 (qnae

284 3981 486 4049 Medicorum
511 3990 561 4047 est
589 3983 773 4066 provincia)
800 4005 819 4047 a
843 3982 955 4047 mutis
984 3990 1072 4047 retro
1097 3985 1191 4047 annis
1214 3983 1257 4046 ad
1280 3980 1385 4064 ἀκμήν

283 4085 487 4167 pervenisset,
511 4085 661 4149 omnibus
683 4084 830 4149 absoluta
851 4085 1005 4163 numeris,
1028 4086 1145 4149 saltem
1165 4086 1201 4147 in
1224 4091 1384 4166 qnantum

284 4185 345 4249 lert
365 4186 551 4251 mortalium
572 4208 649 4251 sors.
696 4186 788 4251 Quae
810 4208 885 4251 vero
900 4186 994 4251 fundi
1012 4186 1116 4249 nostri
1136 4192 1186 4249 est
1207 4184 1383 4260 calamitas,

281 4288 407 4370 jamdiu
429 4288 469 4353 ab
492 4289 715 4372 antiquissimo
741 4295 773 4353 et
795 4288 990 4373 peritissimo
1012 4286 1094 4349 duce
1118 4285 1327 4366 Hippocrate,
1350 4292 1384 4347 et

284 4391 386 4473 prisca
413 4390 569 4457 Medendi
593 4390 761 4469 Methodo,
788 4411 957 4455 cansarum
980 4388 1227 4469 conjunctarum
1259 4386 1384 4469 (utpote

285 4513 365 4575 quae
383 4498 471 4559 certo
491 4513 525 4557 se
542 4492 702 4575 prodant)
724 4492 902 4574 cognitioni
921 4493 1150 4572 superstructa,
1171 4486 1362 4562 (lascivimus
1371 4513 1383 4564 3

283 4594 370 4659 unde
390 4602 449 4673 est,
470 4600 508 4659 ut
531 4614 612 4677 quae
637 4592 733 4657 hodie
755 4600 930 4669 exercetur,
947 4612 967 4653 a
987 4586 1221 4671 logcdaedalis‘
1235 4589 1383 4664 conficta,

316 4781 326 4805 ²
344 4768 431 4831 legari]
444 4766 624 4829 bopobaidabov,
634 4770 649 4817 i.
658 4784 678 4815 e.
691 4770 808 4826 artificiosi
852 4785 875 4831 p.
888 4766 943 4815 266.
953 4766 998 4821 E.;
1012 4765 1090 4812 Cicer.
1101 4766 1166 4813 Orat.
1177 4780 1197 4814 c.
1209 4766 1261 4820 laq
1276 4758 1381 4810 Quintil.

283 4832 546 4895 mnorisfobrr'catav:
564 4848 586 4881 v.
599 4832 694 4880 Platon.
707 4832 808 4880 Plvaedr.
854 4834 931 4880 instit.
944 4832 1010 4878 Orat.
1023 4830 1057 4876 iii.
1069 4831 1090 4875 i.
