3825 5759
690 677 951 743 TRACTA'PUS
976 680 1024 744 II.
1330 684 1395 746 1157

294 836 371 900 dem
387 837 452 901 sive
466 858 533 901 una
547 836 654 921 aliqua
668 838 733 903 sive
748 838 846 903 etiam
860 841 1007 924 pluribus
1022 842 1185 928 disruptis,
1201 852 1234 909 et
1248 844 1284 908 in
1298 844 1395 909 abdo·
1427 858 1468 906 Dr
1481 858 1537 906 Ηι-

293 936 393 1002 minis
415 938 585 1003 cavitatem
606 960 639 1002 sc
661 942 919 1023 exonerantibus,
935 946 1048 1010 eadem
1063 955 1238 1012 occurrunt
1253 956 1395 1033 sympto-
1409 936 1548 1005 Q

293 1046 385 1103 mata
409 1062 490 1122 quae
513 1040 548 1103 in
572 1042 728 1125 Hydrope
754 1065 850 1126 quem
874 1066 971 1129 supra
996 1048 1209 1132 depinximus.
1267 1050 1332 1114 Sed
1355 1050 1395 1115 de

293 1144 358 1208 hoo
373 1166 490 1227 genere
502 1146 571 1229 jam
586 1146 660 1209 olim
684 1146 831 1229 [Discert.
847 1148 951 1229 Epi-rt.
970 1151 988 1233 b
1004 1150 1073 1233 92.]
1094 1151 1155 1234 egi.

346 1247 406 1329 [7.]
437 1246 521 1310 Sunt
541 1254 574 1311 et
597 1248 677 1312 aliae
695 1247 777 1313 duae
800 1250 919 1333 species
941 1258 1108 1316 tumorum
1128 1252 1308 1318 abdominis
1324 1254 1549 1339 Hy·A1i·e³1mt

294 1349 429 1431 dropem
446 1350 650 1429 mentientes,
666 1352 813 1415 foeminis
831 1360 986 1436 utraeque
1001 1355 1190 1420 familiares:
1221 1358 1332 1421 Prima
1345 1365 1395 1421 est
1407 1325 1549 1438 pm

294 1452 442 1514 carnium
464 1452 499 1514 in
521 1453 667 1535 partibus
686 1455 775 1518 intra
796 1454 954 1519 abdomen
975 1458 1191 1522 excrescentia
1211 1466 1394 1541 praeterna·
1407 1453 1539 1514 minuhy.

293 1554 419 1633 turalis,
447 1576 528 1638 quae
551 1562 696 1621 ventrem
725 1557 761 1620 in
789 1558 908 1621 molem
937 1559 1025 1623 haud
1053 1560 1163 1623 minus
1188 1561 1395 1643 conspicuam
1406 1520 1528 1630 illidii.

295 1658 415 1721 attollit
447 1681 543 1741 quam
573 1661 652 1724 solet
685 1660 811 1727 inclusa
844 1684 950 1747 aqua;
981 1664 1082 1728 altera
1116 1664 1236 1748 species
1265 1665 1395 1729 flatibus
1407 1644 1522 1758 ffiffi

295 1768 404 1824 ortum
424 1762 529 1841 debet,
554 1763 608 1847 qui
633 1785 700 1828 non
721 1770 883 1829 tumorem
904 1772 1045 1844 tantum,
1069 1766 1126 1830 sed
1147 1772 1181 1829 et
1203 1766 1266 1829 alia
1286 1766 1394 1849 ingra-
1407 1774 1523 1823 musab-

294 1864 464 1929 vidationis
480 1866 581 1948 signa,
597 1866 738 1949 pariunt.
784 1867 875 1931 Haec
889 1867 1000 1932 viduas
1019 1870 1245 1952 utplurimum
1259 1876 1395 1947 exercet,
1409 1840 1548 1951 iffi?

294 1968 346 2030 vel
366 1968 464 2032 etiarn
481 1970 631 2033 mulieres
652 1991 733 2053 quae
751 1992 817 2035 non
839 1970 902 2034 nisi
924 1972 1137 2055 provectiores
1156 1979 1263 2035 aetate
1277 1992 1396 2055 nupse-
1408 1968 1544 2079 {mm

295 2078 391 2135 rant:
414 2079 511 2156 atque
526 2072 596 2150 hae,
613 2079 681 2136 tam
697 2094 755 2136 suo
773 2073 916 2156 ipsarum
931 2096 1029 2156 quam
1044 2073 1255 2137 obstetricum
1273 2072 1396 2156 judicio
1409 2096 1435 2153 li,
1446 2096 1507 2143 haec

299 2174 448 2257 (quarum
471 2176 599 2239 oracula
613 2176 674 2239 hac
690 2175 760 2259 ipsa
782 2175 822 2239 de
839 2196 874 2239 re
892 2177 1104 2258 consuluere)
1122 2182 1248 2239 motum
1262 2174 1396 2239 infantis
1408 2160 1551 2281 mim,

292 2278 362 2360 jam
377 2300 397 2340 a
410 2282 554 2361 tempore
569 2284 723 2341 consueto
737 2298 840 2360 usque
856 2277 897 2341 ad
910 2277 1094 2360 legitimum
1108 2284 1237 2360 tempus
1251 2274 1397 2359 pariendi
1409 2290 1453 2351 qui
1463 2290 1546 2351 ingm-

296 2381 573 2463 persentiseentes,
601 2380 680 2464 quin
704 2386 747 2458 et,
768 2380 810 2445 ad
832 2380 973 2444 eundem
995 2380 1129 2445 modum
1155 2401 1219 2463 quo
1248 2378 1396 2462 gravidae
1409 2353 1538 2481 xiim?

297 2484 411 2562 solent,
428 2483 564 2549 subinde
579 2490 792 2567 aegrotantes,
809 2483 1039 2548 sororiantibua
1053 2484 1186 2566 insuper
1200 2482 1394 2560 mammillis,
1410 2483 1491 2531 5⁰1¹st

297 2592 330 2649 et
351 2586 435 2649 laete
457 2587 631 2664 extillante,
648 2587 687 2650 de
704 2584 810 2649 fasciis
831 2586 918 2649 haud
939 2607 1012 2649 raro
1029 2585 1226 2668 caeterisque
1250 2584 1291 2648 ad
1313 2584 1395 2647 cxci·
1408 2561 1553 2673 galal.

297 2688 451 2771 piendum
464 2688 623 2751 infantem
641 2686 827 2751 necessariis
848 2687 908 2751 sibi
927 2693 1180 2770 prospexenmt;
1203 2683 1552 2787 d⁰¹¹⁰⁰l²¹1·⁰§{¹‡„,h,.

298 2790 372 2853 dem
392 2796 503 2853 venter
523 2789 592 2873 pari
618 2811 682 2871 quo
701 2789 879 2853 increverat
906 2789 1009 2870 gradu
1031 2788 1150 2851 sensim
1172 2786 1395 2850 detumescens
1409 2819 1464 2851 rum
1476 2805 1508 2852 ad

298 2914 387 2976 spem
409 2913 526 2956 vanarn
546 2890 685 2955 eluserit.
731 2891 860 2955 Neutra
878 2911 953 2954 vero
975 2890 1093 2953 harum
1115 2888 1249 2953 adeum
1271 2888 1311 2952 de
1334 2909 1397 2971 qno
1409 2868 1549 2995 3⁰32,-

298 2994 422 3077 agimus
436 2994 586 3058 morbum
601 3000 649 3057 est
663 2991 840 3057 referenda.
1409 3000 1456 3053 sur,
1468 2998 1531 3044 rese⁴

345 3098 407 3181 [8.]
435 3096 652 3161 Indicationes
678 3094 839 3159 mirativae
862 3114 955 3157 verae
981 3113 1019 3156 ac
1045 3091 1214 3175 genuinae,
1237 3096 1352 3173 utpote
1377 3061 1542 3197 amm

298 3198 468 3281 praedictis
479 3196 708 3280 phoenomenis
719 3196 912 3263 naturaliter
927 3195 1018 3279 quasi
1032 3200 1170 3271 exortae,
1181 3193 1232 3257 vel
1247 3193 1288 3256 ad
1299 3214 1396 3275 aqua
1409 3215 1550 3263 nescenti-

298 3322 371 3363 rum
385 3301 421 3363 in
437 3300 607 3363 abdomine
622 3298 819 3383 caeterisque
834 3296 981 3381 partibus
996 3302 1223 3359 contentarum
1238 3292 1396 3357 evacuati-
1409 3278 1551 3404 {affl

299 3423 404 3479 onem,
416 3402 466 3464 vel
477 3402 518 3465 ad
533 3400 780 3465 instaurandum
792 3397 959 3479 sanguinis
973 3395 1074 3462 robur
1088 3416 1152 3479 quo
1165 3416 1267 3458 novus
1281 3414 1397 3457 earun-
1410 3412 1551 3455 annaeu-

300 3502 373 3565 dem
386 3510 561 3585 proventus
575 3503 755 3586 praecaveri
770 3502 879 3586 possit,
896 3500 1029 3565 omuino
1044 3497 1230 3580 dirigendae
1245 3501 1333 3560 sunt.
1408 3480 1537 3598 ffliffi,

347 3603 407 3685 [9.]
438 3602 508 3667 Seri
523 3604 763 3669 evacuationem
779 3604 865 3687 quod
880 3610 1014 3687 spectat,
1028 3600 1142 3685 magni
1160 3600 1259 3665 refert
1274 3607 1312 3664 ut
1327 3599 1397 3663 dili-
1410 3600 1484 3647 robur
1494 3600 1533 3648 iu·

300 3712 412 3787 genter
426 3702 640 3787 observemus,
652 3708 687 3771 in
699 3708 847 3772 omnibus
864 3707 1058 3790 Hydropicis
1073 3728 1111 3770 ea
1125 3706 1302 3770 cathartica
1316 3727 1398 3789 quae
1411 3670 1551 3793 diffie,

253 3854 256 3861 ι
299 3807 347 3871 vel
361 3807 492 3890 segnius
503 3810 553 3872 vel
567 3809 675 3872 minus
690 3816 839 3893 potenter
850 3816 1033 3893 operantur,
1046 3810 1171 3873 officere
1181 3809 1285 3892 magis
1301 3830 1397 3891 quam
1411 3809 1524 3883 tw&

299 3911 465 3993 prodesse:
489 3932 564 3975 cum
578 3912 666 3976 enim
681 3912 916 3975 medicamenta
925 3910 1101 3995 purgantis
1115 3909 1156 3973 ad
1170 3931 1274 3973 unum
1289 3909 1399 3973 omnia
1411 3886 1545 3984 mileu.

299 4010 443 4076 Naturae
470 4012 535 4075 sint
556 4012 697 4091 inimica,
718 4034 782 4095 quo
806 4011 937 4076 nomine
961 4012 1143 4075 catharseos
1166 4032 1301 4075 munere
1323 4008 1548 4111 fun-gffiffif’

300 4120 430 4195 grmtur,
447 4114 639 4195 sanguinem
655 4114 857 4197 aliquatenus
875 4112 1048 4177 debilitant
1061 4112 1258 4195 laeduntque
1267 4138 1277 4190 ς
1299 4111 1396 4189 unde,
1410 4129 1490 4190 magis

300 4213 360 4275 nisi
371 4234 485 4296 corpus
501 4215 647 4279 celeriter
657 4216 833 4298 pervadant
845 4222 878 4279 et
893 4216 1045 4279 citissime
1060 4214 1270 4297 expellantur,
1283 4214 1397 4277 Cama·
1409 4207 1550 4305 ffffilw·

300 4312 420 4376 riname
431 4336 503 4378 eam
512 4316 674 4380 moventia
689 4339 786 4400 quam
801 4338 909 4381 secum
921 4316 1080 4379 abducere
1090 4322 1268 4398 nequeunt,
1280 4322 1313 4378 et
1325 4337 1397 4378 san-
1412 4332 1503 4407 Urrum
1511 4350 1552 4383 ιο.

301 4414 428 4497 guinem
453 4418 653 4481 tumultuose
676 4419 881 4501 exagitantia,
904 4425 1066 4481 tumorem
1088 4416 1190 4499 magis
1213 4416 1397 4500 adaugent,
1410 4412 1548 4511 &3⁸¹⁸

301 4514 385 4595 quod
407 4514 479 4597 plus
503 4518 580 4580 satis
609 4518 711 4601 liquet
734 4519 769 4581 in
793 4540 904 4581 eorum
929 4518 1065 4602 pedibus
1095 4520 1211 4601 quibus
1238 4520 1328 4584 alvus
1352 4520 1399 4584 ita
1410 4531 1484 4603 segre
1491 4542 1532 4603 cp·

300 4615 414 4679 leniter
437 4638 474 4680 ae
497 4616 615 4682 blande
639 4619 837 4683 sollicitatur.
884 4617 1114 4696 Quamobrem,
1140 4625 1179 4682 ut
1204 4640 1279 4683 eum
1304 4590 1554 4705 bouis{¹,¹,d⁸{{¹{{,⁸115.

301 4718 386 4800 aegri
410 4718 507 4783 rebus
531 4720 682 4804 purgatio
705 4720 905 4799 instituatur,
921 4720 1002 4783 scire
1023 4726 1161 4802 oportet,
1175 4728 1288 4785 utrum
1309 4723 1397 4804 aegri
1411 4690 1550 4830 eitediiqui.

331 4852 341 4875 ⁰
359 4846 375 4873 “
385 4848 475 4897 Gom.
488 4864 581 4907 mouere,
593 4854 630 4896 est
641 4848 685 4895 sibi
696 4849 742 4912 ipsi
754 4848 848 4897 malurn
860 4850 1005 4895 arrsmech'
1019 4842 1131 4909 (Erasmi
1142 4850 1220 4911 Δάας.
1232 4848 1247 4898 ἱ.
1262 4850 1283 4896 l.
1295 4846 1348 4909 64.)
1410 4797 1453 4830 mn
1469 4798 1521 4833 m

817 4928 876 4989 3u
