3825 5759
453 655 850 724 OBSERVA'PIONUM
873 655 1159 721 MEDICARUM
1182 664 1234 718 VI.
1253 669 1279 717 a.
1356 658 1420 720 24⁷

321 816 437 902 liquati
451 820 528 901 prae
550 839 584 882 se
606 817 669 882 fert
691 817 830 902 speciem
851 818 893 882 ad
915 817 1092 883 crassitiem
1114 817 1193 882 satis
1206 817 1422 901 conspicuam,
1456 827 1550 876 ‘rreu-

315 941 359 985 ao
383 920 585 1004 superficiem
611 920 710 986 habet
734 921 801 986 veri
822 921 912 1006 puris
934 921 1103 998 aemulam,
1127 928 1160 985 ct
1184 927 1297 984 tamen
1320 919 1361 984 ab
1385 941 1424 986 eo
1438 905 1578 973 ΣΗ»

315 1025 418 1108 longe
443 1021 611 1104 diversam,
626 1031 743 1110 utpote
765 1047 847 1109 quae
869 1025 968 1104 fibris,
982 1026 1087 1090 instar
1107 1025 1223 1108 reliqui
1245 1025 1423 1109 sanguinis,

323 1133 411 1192 arcte
428 1127 620 1206 contexitur,
631 1149 694 1193 nco
708 1128 749 1192 ad
763 1128 897 1193 modum
911 1128 1000 1212 puris
1016 1128 1142 1207 diffluit,
1159 1128 1253 1211 quin‘
1267 1150 1287 1192 a
1300 1128 1424 1211 reliquo
1517 1133 1524 1148 ⁶

316 1229 447 1294 divulse
469 1229 606 1295 discolor
622 1231 679 1295 illa
700 1253 774 1315 pars
797 1231 934 1296 formam
957 1229 1117 1295 cuticulae
1139 1231 1263 1295 tenacis
1282 1237 1316 1295 et
1334 1231 1424 1295 libris

322 1333 460 1398 refertae
475 1332 626 1412 exhibet3
649 1340 683 1398 et
696 1333 831 1397 fortasse
850 1333 933 1397 nihil
950 1333 1045 1398 aliud.
1054 1341 1104 1397 est
1118 1353 1215 1416 quam
1235 1333 1336 1397 fibrae
1350 1355 1424 1397 san-

322 1436 469 1520 guineae,
490 1447 591 1520 quoe¹¹
613 1435 795 1501 rubicundo
818 1457 855 1500 ao
874 1436 1016 1500 natimali
1037 1457 1096 1500 suo
1116 1437 1343 1519 integumento
1364 1459 1423 1522 per

321 1538 625 1622 praecipitationem
650 1545 775 1617 exutae,
798 1538 988 1603 ambientis¹
1009 1538 1092 1603 airis
1119 1538 1238 1621 frigore
1261 1539 1297 1602 in
1321 1557 1424 1603 mem·

321 1639 458 1705 branam
477 1641 662 1726 hujusmodi
682 1640 884 1706 subalbidam
906 1661 1106 1706 concrevere.
1151 1641 1199 1704 At
1215 1653 1310 1705 vero!
1326 1643 1376 1725 (ut
1390 1641 1425 1705 id

322 1743 427 1808 obiter
450 1743 630 1827 attingam)
654 1742 977 1808 animadvertendum
1000 1750 1060 1823 est,
1078 1743 1176 1827 quod,
1200 1743 1228 1806 si
1251 1744 1384 1827 sangnis
1407 1765 1426 1808 e

322 1851 412 1910 secta
435 1866 517 1910 vena
541 1867 609 1910 non
632 1853 721 1911 recto
746 1846 880 1910 flumine
907 1867 1018 1910 versus
1044 1845 1246 1910 horizontem
1270 1845 1425 1929 prosiliat,

323 1947 380 2012 sed
393 1969 452 2032 per
473 1947 574 2012 cutim
595 1969 711 2033 repens
732 1947 1041 2032 perpendiculariter
1063 1947 1218 2027 dimanet,
1232 1955 1310 2012 utut
1331 1949 1427 2013 celeri

323 2072 358 2116 se
372 2049 527 2135 proripiat
548 2050 661 2132 gradu,
677 2071 772 2134 saepe
793 2050 908 2115 tamen
926 2049 969 2114 ad
990 2050 1115 2114 dictum
1137 2050 1276 2114 colorem
1292 2073 1360 2115 non
1375 2072 1426 2116 ao-

324 2153 421 2232 cedit,
437 2153 530 2237 cujus
545 2173 606 2237 ego
625 2174 679 2218 me
697 2174 827 2218 causam
846 2154 971 2218 nescire
985 2153 1098 2219 fateor.
1142 2152 1260 2237 Neque
1275 2174 1371 2238 aeger
1385 2153 1426 2219 ab

325 2255 509 2321 istiusmodi
534 2256 702 2340 sanguinis
730 2255 882 2322 missione
906 2256 1041 2341 perinde
1065 2257 1200 2336 levatur,
1223 2277 1261 2322 ac
1282 2257 1310 2321 si
1330 2257 1427 2340 modo

326 2358 469 2443 primum
493 2358 652 2442 descripto
675 2359 766 2424 fluat.
812 2359 968 2426 Quinimo
990 2379 1066 2424 oum
1087 2359 1150 2424 hoc
1171 2360 1242 2442 ipso
1262 2360 1358 2425 modo
1373 2381 1427 2425 ex-

324 2462 476 2542 trahitur,
491 2461 519 2525 si
533 2461 691 2526 orificium
706 2461 884 2546 augustius,
897 2462 964 2526 sive
974 2461 1055 2545 qnid
1068 2461 1167 2542 alind,
1179 2462 1350 2542 obstiterit,
1364 2485 1428 2547 quo

358 2672 368 2706 ²
384 2670 519 2736 pain-est]
530 2680 553 2721 et
569 2688 649 2722 reuera
664 2687 708 2720 non
724 2673 792 2721 ailad
807 2688 855 2722 esse
899 2675 1183 2736 tomensarsgaieallatas,
1192 2681 1313 2736 postquam
1321 2676 1428 2736 aliqnan-

326 2739 419 2786 ridetur
429 2737 527 2785 ed..’68.
899 2739 1175 2794 diasteterit,losmetsss
1183 2739 1430 2800 difflolit,d{edieoqas

359 2807 371 2831 ¹¹
387 2800 459 2864 qaae]
471 2815 520 2849 om.
532 2800 568 2850 etl
579 2801 628 2849 ¹68.
896 2804 1051 2861 patrocinium
1063 2805 1169 2862 parabit,
1183 2802 1300 2849 literalem
1315 2805 1374 2848 lianc
1390 2818 1428 2849 os·

359 2871 371 2895 ¹
386 2864 624 2928 ama—conensem]
657 2866 796 2926 proindeque
831 2867 857 2912 in
899 2869 1076 2913 nae-sectionem
1092 2869 1222 2926 tmpnantt.
1255 2867 1372 2912 Nimirum
1384 2883 1427 2927 ap-

326 2933 478 2979 rrsensiranam
494 2931 565 2992 poulo
580 2931 712 2978 cruciarem
722 2931 746 2976 oi
754 2926 857 2991 frigoris
896 2928 1001 2989 parebit¹
1013 2933 1109 2990 maguis
1115 2933 1190 2990 specie
1197 2927 1291 2977 saltem¹
1301 2938 1430 2990 corruptas,
1443 2927 1449 2957 ¹
1460 2925 1556 2988 appar]

325 3003 514 3058 coagmentatae:
531 2996 564 3042 ad
578 2993 647 3056 liujus
663 2996 741 3055 itaque
753 2999 855 3055 sympto-
897 2991 1054 3053 potissimsss¹
1067 3001 1120 3054 pest
1131 2996 1231 3055 primam
1246 2996 1325 3051 rleem,
1335 2996 1429 3042 similis-
1440 2993 1582 3052 malisse

326 3063 396 3107 ramis
410 3063 554 3108 remotionem
571 3061 614 3107 llac
633 3065 685 3106 ator
700 3059 802 3104 metlodo
819 3056 856 3105 ed.
900 3054 1091 3118 qmjereeolorts
1101 3061 1347 3115 insamma‚csmoero
1355 3075 1429 3119 pare,-
1442 3055 1480 3103 ed.
1491 3056 1538 3104 ⁹66.

327 3123 377 3171 ⁹68.
900 3128 926 3168 at
939 3123 1041 3168 omittam
1057 3138 1118 3170 nane
1133 3124 1216 3177 dicere,
1227 3122 1287 3169 vires
1303 3126 1370 3186 aegri
1385 3139 1429 3170 non
1441 3137 1451 3165 s
1461 3139 1536 3197 Μ,

361 3186 373 3218 ¹
389 3183 543 3248 Aternia]
554 3185 661 3248 Reliqua
670 3183 856 3236 desuntinedd.
900 3188 967 3234 valde
981 3189 1077 3234 mas
1093 3194 1115 3235 te
1129 3194 1302 3248 mmtsrsm,
1315 3191 1337 3235 si
1354 3190 1429 3248 ropio-
1441 3199 1509 3262 0012]
1522 3202 1565 3248 aa.

328 3251 378 3309 ¹66,
389 3251 429 3298 '68
444 3250 563 3314 usquead
575 3252 588 3311 i
602 3251 639 3306 18,
651 3265 694 3314 pro
709 3249 798 3312 quibus
813 3265 857 3298 ex·
900 3266 948 3298 sam
960 3252 1025 3298 illam
1039 3254 1161 3316 carpitis
1170 3251 1290 3313 jactarant
1307 3259 1380 3299 tecam
1390 3267 1428 3300 re·
1442 3267 1530 3312 m„
1541 3264 1577 3312 ed,

328 3321 382 3363 tant
411 3330 473 3378 quae
500 3315 858 3377 sequantnrs-Qaamprimam
898 3318 1024 3376 putareris.
1059 3317 1231 3364 Hcccatemin
1242 3319 1430 3364 tammoneadam
1443 3330 1491 3377 ἀς,

328 3377 674 3442 aecoedtussaerim,joleo(si
684 3377 857 3440 respotiatar,)
901 3383 1348 3442 est,ssmmaaaatelaopasesre,nsper
1359 3388 1453 3435 totam.
1505 3413 1511 3424 .
1544 3409 1556 3472 ]

328 3447 462 3507 sangoinera
480 3445 608 3493 liberaliter
625 3460 653 3491 ee
671 3446 763 3492 amito
780 3443 858 3504 affecti
901 3443 996 3506 lajasee
1012 3447 1111 3493 methodi
1121 3447 1239 3493 decreram
1253 3447 1362 3508 clystera
1373 3445 1429 3508 injl·
1459 3417 1563 3524 'Zem'ed

329 3510 410 3556 lateris
429 3511 497 3556 mitti.
531 3509 587 3556 liar
607 3515 747 3570 agamiam
765 3509 860 3570 aliquod
901 3511 1002 3565 dantur,
1021 3515 1063 3556 aas
1087 3511 1240 3570 pectoralibus
1262 3512 1432 3558 medicamentis
1442 3491 1522 3590 ‘dim
1564 3509 1571 3522 ‘

328 3575 493 3620 accommodans
512 3588 541 3621 er
559 3573 606 3620 oleo
628 3574 734 3629 liliorum,
753 3575 857 3620 rhomae·
902 3575 1023 3634 quicquam
1033 3576 1186 3622 admixeam
1195 3576 1257 3636 quad
1265 3577 1340 3622 dorm
1356 3577 1432 3622 ciendi

328 3639 392 3694 meli,
410 3643 525 3698 ungento
541 3639 681 3694 dialtlsaeae,
698 3643 721 3684 et
739 3639 775 3683 lis
792 3639 858 3684 simi-
902 3639 947 3684 nisn
959 3640 1058 3691 tabem
1074 3645 1159 3700 quanto
1169 3641 1229 3685 enim
1239 3642 1357 3686 atrictior
1367 3640 1432 3686 olom

331 3704 399 3759 libas,
409 3702 538 3760 ramolam,
551 3703 637 3748 dolenti
653 3702 723 3748 lateri
738 3703 857 3762 applican-
902 3707 945 3758 est,
956 3708 1020 3749 ussto
1031 3705 1103 3749 latias
1110 3705 1285 3764 phlebotomiam
1292 3710 1432 3766 repeterem

330 3767 383 3812 dom
402 3767 540 3826 promerito.
575 3766 649 3812 Simul
670 3767 740 3812 etiarn
763 3767 861 3812 lecticis
903 3771 972 3826 atque
985 3769 1126 3822 eradoerso,
1141 3770 1162 3814 si
1179 3769 1215 3814 rel
1230 3770 1349 3815 dimidians
1369 3770 1433 3815 illies

330 3836 383 3876 ator
401 3832 433 3877 ad
450 3831 485 3876 rei
506 3832 579 3890 ipsias
599 3831 715 3890 ingentem
736 3832 799 3877 varie
818 3845 858 3877 ae·
903 3846 972 3890 qaam
979 3833 1208 3893 dirimassarrgsinie
1215 3836 1366 3892 quantitatem
1376 3834 1432 3880 ade·

330 3895 503 3941 commodandis.
543 3895 589 3940 Sed
609 3895 645 3940 aa
666 3895 768 3941 omnibus
789 3895 860 3940 oleam
904 3896 981 3951 meris,
998 3895 1038 3941 eli
1054 3896 1162 3957 clysteres
1178 3901 1220 3942 ast
1235 3898 1342 3944 &idaea
1359 3900 1431 3956 plar-

330 3959 861 4083 iillifflaialiiwilimriilia
902 3960 1434 4082 &immittit

331 4088 448 4134 ordinario
465 4088 595 4134 cerwisiam
613 4093 710 4144 mrem,
726 4103 755 4134 oc
770 4089 861 4134 minime
901 4088 1083 4146 praecipitabis:
1099 4090 1146 4134 sioe
1162 4089 1222 4148 qood
1237 4088 1331 4134 Natura
1344 4095 1433 4135 atram·

332 4165 416 4206 aerem,
437 4151 473 4198 oet
490 4153 607 4210 ptisanam
633 4165 662 4197 ea
687 4166 748 4212 aqua
774 4153 862 4206 hordei,
904 4166 948 4211 qne
970 4153 1138 4197 macriorem
1164 4157 1211 4196 tam
1239 4153 1302 4199 brevi
1328 4154 1434 4212 umporis

332 4215 458 4276 liqueritia,
486 4221 510 4261 et
541 4215 632 4262 tantilla
663 4217 772 4261 seminam
801 4218 862 4264 anisi
904 4213 1056 4274 spatialem
1071 4221 1175 4275 aequm,
1186 4217 1233 4261 sire
1251 4217 1279 4261 od
1295 4215 1366 4261 alim
1385 4217 1430 4261 aii·

329 4285 446 4338 matam,
458 4277 561 4340 injungo.
588 4279 678 4326 Derras
685 4293 755 4340 porro
765 4291 871 4340 sequen-⁴
904 4294 973 4340 mam
982 4280 1100 4332 rationem,
1112 4293 1154 4339 ego
1163 4293 1219 4324 sane
1235 4293 1278 4324 nen
1293 4281 1368 4324 assim
1377 4280 1433 4337 defl-

333 4344 402 4400 tiber,
414 4345 514 4403 repetito
528 4345 714 4399 omaseertiorre,
728 4346 862 4405 swgairrem
905 4344 953 4388 nito
968 4345 1140 4402 prmanciarer
1158 4348 1234 4388 certas
1252 4344 1351 4397 interim,
1365 4340 1435 4402 sacto

332 4409 402 4454 etiam
416 4409 503 4467 copiose
519 4409 611 4454 detrahi
621 4405 694 4468 jairo
707 4423 751 4467 pro
762 4423 787 4454 re
798 4413 862 4454 nata.
905 4407 1028 4467 aliquando
1042 4406 1152 4465 periculo,
1163 4408 1233 4452 etiam
1249 4421 1286 4452 eos
1302 4408 1393 4454 tandem
1409 4410 1434 4454 in

333 4473 394 4519 Sane
405 4487 516 4532 perquam
527 4487 581 4518 raro
597 4487 612 4518 a
628 4474 748 4532 sanguinis
758 4473 862 4518 missione
906 4471 947 4516 lroc
961 4471 1037 4516 morbo
1055 4486 1070 4516 a
1089 4471 1211 4531 clysterem
1227 4485 1270 4516 asa
1286 4471 1332 4516 sili
1349 4477 1433 4531 tempe-

333 4536 444 4591 abstineo,
463 4537 533 4582 donec
553 4537 585 4582 ad
605 4538 685 4582 ancias
706 4537 863 4596 quadraginta
905 4541 1004 4590 rataros,
1021 4536 1062 4594 qai
1080 4549 1139 4579 nanc
1157 4535 1213 4579 laec
1229 4536 1315 4581 monito
1324 4531 1436 4594 fortassis

333 4601 392 4646 deas
411 4605 452 4646 aot
470 4601 565 4646 circiter
578 4597 656 4660 ‚riseri
675 4601 800 4655 detractas,
817 4600 863 4645 nisi
905 4599 1107 4658 aspenabantur,-
1123 4612 1195 4658 nepae
1210 4599 1235 4644 in
1251 4601 1292 4644 lsoc
1307 4601 1383 4646 morlo
1398 4616 1435 4647 so-

333 4665 393 4711 rires
403 4665 439 4710 rel
455 4669 520 4710 aetas
530 4666 596 4725 aegri
611 4665 861 4711 connaindieaoers'nt.
907 4663 961 4718 lam,
971 4677 1047 4708 reram
1063 4668 1087 4708 et
1102 4664 1127 4708 in
1142 4663 1197 4707 adia
1206 4658 1311 4722 forsitan
1326 4665 1435 4721 mlier,

334 4728 411 4788 Atque
423 4729 514 4773 tametsi
524 4741 568 4773 non
582 4729 631 4774 siae
648 4729 721 4788 specie
732 4729 811 4788 oligua
821 4741 862 4772 ra·
906 4727 1024 4787 inquitas
1033 4728 1159 4773 marionis
1166 4730 1281 4788 negatisne
1293 4729 1318 4773 in
1328 4729 1372 4773 isto
1382 4745 1435 4776 car-

334 4793 409 4846 tiards,
422 4796 510 4838 metuat
520 4791 604 4852 atiqais
618 4805 645 4836 ne
663 4798 729 4839 tanta
742 4793 863 4852 sangoinis
907 4791 961 4837 dine
973 4789 1189 4849 (oenoe-sectionem
1204 4790 1275 4852 dica)
1291 4795 1434 4851 marinam

334 4857 427 4903 amissio
443 4854 570 4915 periculam
590 4857 670 4916 ingens
687 4855 788 4914 &nats
816 4857 863 4914 lpse
906 4856 1012 4902 certitsr.
