3825 5759
375 867 475 916 Cotrca

371 933 482 980 Brnrosa

354 997 493 1044 Aaronom

370 1063 474 1110 ’lo-¹72.

356 1563 488 1637 Equitatio,

371 1647 374 1656 ’
398 1637 406 1674 t

354 1644 455 1674 eeeeeee

354 1708 402 1738 non
415 1692 486 1753 prefi-

355 1757 481 1812 cientibus,

355 1821 459 1867 curatio-

354 1899 410 1931 nem
422 1899 482 1931 non-

356 1964 482 2010 nunqnam

355 2012 458 2059 absolvit
467 2031 472 2059 ε

357 2600 479 2676 cautiones

357 2680 497 2714 circaeam:

358 2919 441 2951 exeras

357 2968 426 3030 plum
435 2983 486 3016 me-

358 3033 482 3080 motabile.

360 4351 432 4400 Unde
443 4359 478 4401 est

359 4417 423 4479 qnod
435 4419 498 4480 eqni-

359 4481 417 4528 tatio
429 4488 482 4528 tsn-

358 4553 411 4593 tum
423 4561 493 4608 prae-

358 4617 404 4658 stet
415 4609 440 4656 in

358 4673 447 4722 morbis

508 683 572 746 198
816 679 1015 745 TllOMAE
1040 679 1297 744 SYDENllAM

507 865 653 908 normam
670 845 738 928 jam
757 845 906 908 traditam
930 845 1035 922 ruasi3
1058 865 1195 927 quorum
1209 865 1268 926 ope
1287 840 1472 925 propediem
1492 859 1609 902 conva-

508 948 579 1025 luit,
595 956 628 1010 et
643 968 770 1010 mecum
786 948 827 1010 ad
843 948 968 1012 Urbem
983 969 1081 1011 sanus
1096 947 1200 1010 rediit.

556 1050 638 1134 [ln]
667 1050 937 1134 Quandoquidem
960 1061 1070 1114 autem
1095 1050 1187 1112 dolor
1206 1047 1260 1111 hic
1284 1045 1515 1129 praecaeteris
1537 1045 1609 1127 qui-

508 1153 632 1236 busque
650 1175 687 1216 ex
705 1175 763 1216 sua
776 1161 895 1218 natura
909 1154 1059 1217 reciduus
1084 1154 1136 1230 sit,
1152 1151 1257 1216 omnis
1277 1151 1307 1214 ei
1325 1148 1509 1213 revertendi
1529 1170 1609 1211 ansa

509 1258 658 1342 anodyna
678 1259 727 1322 bis
743 1259 886 1343 quotidie
902 1259 942 1323 ad
965 1260 1088 1342 aliquot
1107 1259 1175 1321 dies
1195 1256 1338 1321 exhibito
1357 1253 1609 1338 praescindendo

508 1367 568 1424 est.
614 1361 711 1426 Quod
732 1363 769 1440 si,
790 1363 915 1445 quoties
937 1363 1167 1426 intermittitur
1187 1359 1398 1436 narcoticum,
1419 1356 1509 1420 dolor
1532 1354 1608 1418 sub·

508 1462 584 1525 inde
606 1464 819 1542 recrudescat,
838 1466 886 1546 (ut
908 1487 1143 1548 nonnunquam
1159 1465 1220 1544 fit)
1238 1463 1320 1526 nihil
1339 1483 1360 1524 a
1377 1481 1429 1523 me
1450 1459 1609 1521 hactenus

509 1565 682 1648 excogitari
711 1567 818 1649 potuit
844 1568 930 1650 quod
960 1569 1002 1631 ad
1026 1567 1266 1651 perennandum
1292 1583 1424 1645 aegrum
1447 1562 1494 1623 ita
1519 1568 1609 1622 certo

508 1665 626 1730 faceret
652 1675 750 1750 atque
780 1669 945 1752 equitatio,
971 1671 1022 1733 vel
1046 1670 1082 1732 in
1107 1689 1204 1733 curru
1230 1666 1343 1742 vectio,
1370 1685 1435 1747 quo
1463 1662 1611 1744 longiora

510 1767 626 1832 ltinera
660 1771 775 1834 confici
808 1772 947 1836 debuere
959 1799 968 1850 ;
1006 1772 1156 1855 anodyno
1184 1769 1316 1833 interim
1345 1786 1442 1830 mane
1470 1773 1504 1826 et
1537 1785 1610 1827 sero

511 1871 731 1936 indesinenter
750 1877 930 1958 propinato.
977 1874 1174 1959 Hujusmodi
1195 1873 1283 1936 enim
1298 1867 1456 1934 exercitiis
1474 1868 1611 1930 materia

511 1975 660 2039 morbum
678 1979 886 2041 committens
904 1979 939 2040 in
960 1979 1099 2061 corporis
1116 1977 1265 2040 habitum
1286 1971 1466 2048 deducitur,
1482 1977 1516 2032 et
1535 1990 1610 2031 san·

511 2076 592 2157 guis,
612 2085 769 2159 perpetua
789 2079 965 2162 agitatione
988 2080 1217 2156 comminutus,
1233 2078 1273 2140 de
1292 2097 1376 2139 novo
1395 2073 1487 2156 qnasi
1509 2072 1609 2153 depu-

509 2183 617 2253 ratur;
645 2177 778 2261 ipsaque
804 2179 936 2242 demum
965 2181 1122 2244 intestina
1146 2180 1259 2244 caloris
1285 2177 1386 2242 nativi
1415 2175 1611 2240 excitatione

509 2278 597 2342 llaud
608 2301 723 2362 parum
738 2283 989 2348 corroborantur
999 2306 1036 2348 ac
1050 2285 1279 2348 refocillantur.
1315 2282 1388 2345 Nee
1401 2278 1503 2363 pudet
1514 2276 1610 2340 fateri

509 2383 666 2448 mediato
689 2386 840 2451 exercitio
861 2387 897 2450 in
919 2397 1026 2472 partes
1049 2390 1170 2452 adscito
1190 2389 1340 2452 morbum
1358 2387 1457 2464 huno,
1473 2385 1526 2448 cui
1546 2384 1611 2447 alio

511 2489 621 2571 quovis
637 2489 733 2554 modo
753 2491 952 2557 devincendo
971 2515 1030 2577 par
1044 2516 1111 2557 non
1130 2494 1188 2569 fui,
1203 2494 1275 2576 plus
1296 2491 1396 2554 semel
1409 2488 1539 2573 penitus
1554 2509 1610 2550 ex-

511 2589 639 2672 pulisse.
685 2591 802 2675 Neque
816 2615 891 2658 vcro
913 2595 995 2658 illud
1013 2595 1207 2660 tentandum
1226 2603 1284 2672 est,
1300 2595 1362 2657 nisi
1383 2601 1455 2676 post
1477 2614 1610 2656 evacua-

511 2695 616 2758 tiones
639 2695 763 2761 debitas
786 2699 982 2763 sufficienter
1003 2701 1188 2777 celebratas,
1204 2721 1310 2782 neque
1331 2699 1372 2763 ab
1395 2720 1433 2762 eo
1455 2698 1518 2761 nisi
1537 2705 1611 2781 post

511 2795 579 2860 dies
594 2797 855 2881 aliquammultos
871 2802 1101 2868 desistendum.

561 2899 643 2984 [ll.]
672 2901 798 2985 Pauper
813 2905 943 2987 quidem
957 2908 1038 2970 mihi
1053 2908 1184 2986 vicinus,
1199 2907 1301 2991 quiet
1317 2906 1422 2970 adhuc
1437 2914 1486 2969 est
1501 2925 1611 2987 super·

512 3010 586 3080 stes,
603 3003 713 3067 Colica
735 3005 856 3070 Biliosa
874 3010 1154 3074 vehementissima
1171 3032 1228 3093 per
1246 3012 1305 3074 hos
1323 3031 1425 3074 annos
1444 3008 1611 3084 laborarit,

512 3127 610 3190 quam
625 3108 819 3190 catharticis,
835 3113 1035 3197 clysteribus,
1052 3115 1254 3196 globulisque
1268 3111 1427 3198 plumbeis
1442 3109 1611 3187 devoratis,

511 3227 706 3289 expugnare,
728 3210 794 3290 din,
811 3213 867 3274 sed
889 3215 1018 3293 frustra,
1042 3223 1111 3278 erat
1131 3224 1276 3279 conatus.
1322 3214 1387 3278 Hic
1404 3233 1464 3296 ego
1486 3212 1529 3276 ad
1548 3213 1612 3275 fre-

511 3321 667 3396 quentem
703 3317 939 3380 narcoticorum
976 3341 1072 3382 usum
1109 3320 1251 3404 confugi,
1281 3341 1386 3403 neque
1416 3317 1614 3403 poenitenda

510 3437 626 3499 opera;
652 3418 806 3499 quamdiu
828 3419 915 3482 enim
933 3419 998 3483 ista
1018 3429 1251 3504 repeterentur,
1270 3423 1348 3484 satis
1369 3428 1456 3485 reete
1477 3419 1611 3483 habuit:

511 3519 568 3583 sed
590 3537 666 3580 eum
692 3519 742 3580 his
771 3521 959 3603 palliaretur
982 3531 1113 3586 tantum
1138 3525 1271 3602 malum,
1293 3545 1361 3586 non
1386 3522 1611 3603 extirparetur,

514 3622 746 3705 (revertebatur
769 3623 856 3686 enim
878 3633 916 3688 ut
937 3626 1079 3708 primum
1103 3637 1172 3690 erat
1198 3626 1353 3690 exhausta
1374 3621 1610 3687 narcotieorum

511 3727 580 3809 vis)
610 3749 681 3809 ego,
708 3726 847 3790 hominis
873 3728 1024 3791 misertus
1050 3737 1083 3792 et
1106 3730 1194 3812 gravi
1215 3727 1329 3792 morbo
1350 3735 1384 3790 et
1411 3747 1447 3790 re
1472 3733 1613 3808 angusta

512 3832 720 3910 afflictissimi,
737 3853 856 3914 equum
871 3853 909 3896 ex
925 3831 1006 3895 meis
1021 3833 1273 3910 commodabam,
1290 3853 1353 3914 quo
1368 3831 1430 3894 iter
1444 3831 1531 3893 dicto
1541 3829 1611 3911 jam

511 3934 609 3998 modo
623 3935 843 4018 peragendum
858 3936 1101 4018 aggrederetur;
1124 3956 1224 4019 eoque
1239 3934 1280 3998 ad
1292 3935 1359 3997 dies
1371 3933 1523 4018 pauculos
1534 3953 1611 3994 con-

511 4033 649 4116 tinuato,
666 4039 785 4102 viscera
800 4060 853 4103 eas
868 4039 949 4103 vires
969 4060 1126 4123 recepere,
1142 4047 1180 4102 ut
1199 4038 1303 4102 morbi
1322 4037 1464 4121 reliquiis
1489 4033 1611 4098 excuti·

512 4138 603 4203 endis
618 4139 707 4223 paria
718 4140 787 4224 jam
802 4149 920 4218 essent,
936 4148 970 4204 et
984 4142 1054 4204 sine
1069 4141 1292 4226 anodynorum
1307 4139 1463 4224 praesidio
1478 4139 1612 4202 omnino

511 4245 755 4308 convalesceret.

561 4347 643 4432 [ln]
671 4349 715 4411 Et
733 4349 782 4430 (ut
797 4347 884 4432 quod
898 4369 949 4411 res
961 4355 1010 4411 est
1025 4349 1158 4431 loquar,)
1174 4369 1239 4411 non
1254 4347 1289 4410 in
1304 4345 1365 4410 hoc
1379 4351 1510 4410 tantum
1525 4365 1612 4420 casu,

514 4451 570 4513 sed
595 4452 630 4514 in
656 4451 776 4515 morbis
806 4451 876 4514 aliis
902 4451 1060 4514 chronicis
1087 4473 1183 4534 quam
1208 4451 1364 4534 pluribus,
1387 4449 1448 4512 hoc
1469 4445 1613 4510 exercitii

514 4574 616 4634 genus
642 4575 808 4637 nunquam
832 4576 899 4618 non
922 4575 997 4616 cum
1018 4551 1181 4616 uberrimo
1201 4553 1311 4615 fructu
1332 4556 1522 4632 usurpatum
1545 4567 1612 4608 me-

514 4655 605 4734 mini,
630 4657 725 4720 modo
750 4657 821 4740 quis
843 4659 878 4722 in
901 4657 956 4720 illo
978 4657 1156 4741 improbius
1178 4663 1418 4739 perseveraret¹.
1465 4650 1501 4713 Si
1525 4649 1612 4712 enim

865 4867 873 4890 ¹
892 4861 928 4909 Cs.
944 4863 1041 4908 Dirsrrl.
1056 4863 1152 4922 epistt
1166 4863 1211 4908 116
1223 4877 1258 4924 sq,
