3825 5759
500 653 567 715 294
817 649 1014 715 'PHOMAE
1038 647 1298 713 SYDENHAM

344 829 484 878 hasloas.
498 809 585 876 tricis
607 809 769 876 facultatis
792 811 904 889 eludit,
922 811 973 874 vel
995 811 1030 874 in
1050 809 1162 874 eadem
1185 807 1395 883 attenuanda,
1416 807 1542 893 quoties
1563 808 1607 872 ob

355 895 471 1008 {Zmssff
497 914 710 978 visciditatem
730 914 857 997 aegrius
880 914 1040 997 expuitur,
1061 913 1138 996 poni
1157 912 1313 975 videatur.
1360 910 1401 973 Id
1419 917 1507 973 certo
1528 912 1606 989 scio,

342 1029 487 1096 ff
497 1019 660 1104 inutiliter
689 1019 724 1081 in
753 1019 803 1082 his
832 1025 963 1082 tantum
992 1017 1146 1100 temporis
1171 1015 1314 1098 impendi
1325 1040 1335 1092 3
1366 1035 1607 1098 nonnunquam

342 1112 476 1224 falmiam
498 1123 597 1186 etiam
609 1121 775 1204 sanguinis
796 1143 935 1185 massam
956 1143 994 1185 eo
1016 1141 1120 1205 usqne
1141 1118 1340 1182 debilitaris
1353 1117 1488 1181 retentis
1505 1118 1606 1199 parti-

342 1241 410 1296 dum,
423 1247 448 1288 et
498 1225 578 1289 culis
601 1225 663 1288 seri
685 1223 832 1288 Naturae
854 1223 1001 1301 inimicis,
1016 1224 1250 1307 pulmonesque
1271 1222 1403 1303 insuper
1417 1220 1511 1282 Tussi
1533 1220 1605 1283 irri-

342 1321 425 1368 ΨΜ·
499 1335 584 1393 tutos
605 1327 651 1390 ita
668 1327 876 1413 conquassari
895 1335 989 1390 motu
1003 1326 1144 1389 violent-o
1163 1346 1201 1388 ac
1218 1324 1285 1388 fere
1300 1323 1465 1402 continuo,
1480 1331 1518 1386 ut
1536 1345 1604 1387 non

498 1452 570 1494 raro
590 1431 641 1494 via
660 1437 825 1494 sternatur
840 1429 881 1492 ad
899 1429 1019 1508 tabem,
1035 1451 1055 1491 a
1072 1429 1164 1511 enjus
1184 1427 1309 1489 insidiis
1330 1426 1494 1490 celeritate
1511 1447 1604 1490 cura·

344 1550 480 1598 Suuorifica
497 1533 595 1598 tionis
617 1554 712 1615 aeger
734 1533 887 1596 vindicari
910 1532 1077 1595 debuerat.
1122 1531 1240 1615 Neque
1261 1529 1365 1592 multo
1387 1529 1491 1592 tutius
1513 1528 1604 1590 adhi-

341 1615 485 1728 ffif‘bssj
498 1636 618 1701 bantur
630 1636 806 1712 sudorifica,
820 1658 990 1722 equorum
999 1658 1062 1698 usu
1077 1655 1172 1717 aeger
1183 1654 1420 1718 nonnunquam
1434 1633 1469 1695 in
1480 1632 1605 1696 febrem

343 1753 401 1792 tur:
498 1738 621 1818 incidit,
633 1760 872 1824 nonnunquam
887 1739 984 1802 etiam
999 1737 1175 1819 particulae
1191 1735 1357 1818 sanguinis
1370 1735 1463 1799 facile
1477 1735 1604 1798 inflam-

343 1863 456 1928 ssepeiis
498 1841 631 1906 mabiles
660 1843 708 1905 ita
733 1843 863 1925 plamae
892 1842 1119 1925 impinguntur
1147 1847 1187 1904 ut
1214 1840 1411 1904 accendatur
1438 1839 1603 1922 pleuresis,

342 1929 481 2059 {ffgffiffl
498 1943 586 2030 quod
598 1964 654 2026 per
664 1943 836 2007 decursum
847 1943 952 2006 dictae
967 1943 1077 2006 'Passis
1092 1943 1298 2026 Epidemicae
1313 1941 1440 2024 ingenti
1454 1941 1486 2002 vi
1500 1941 1603 2004 homi-

498 2067 580 2110 num
595 2067 670 2108 cum
685 2067 744 2110 suo
759 2067 878 2128 magno
894 2046 1035 2129 periculo
1050 2046 1199 2128 contigit.

344 2151 485 2226 altisonu-
506 2187 510 2194 ·
547 2148 630 2232 [46]
660 2148 834 2230 Sanguinis
849 2149 960 2232 itaque
974 2171 992 2212 e
1007 2148 1138 2212 brachio
1150 2148 1248 2212 eduxi
1262 2147 1479 2230 quantitatem
1493 2146 1603 2210 mode-

343 2223 462 2342 {ffiff
498 2255 603 2312 ratam
611 2273 621 2326 3
646 2248 874 2332 epispasticum
896 2249 973 2312 satis
988 2250 1133 2333 amplum
1148 2272 1185 2314 ac
1199 2250 1283 2314 forte
1297 2249 1468 2333 posteriori
1488 2250 1604 2313 cervici

342 2344 490 2456 ¹³⁰⁰l¹l¹¹⁰tlg⁸0
499 2352 726 2436 applicandum
744 2356 861 2434 curavi,
879 2377 942 2438 quo
962 2357 1116 2421 materiae
1137 2357 1301 2440 peccantis
1318 2379 1392 2439 pars
1415 2357 1523 2440 aliqua
1541 2357 1604 2420 alio

343 2423 472 2520 :illiserit-⁹
499 2456 635 2520 derivari
649 2457 767 2540 possit:
790 2457 942 2540 posthaec
957 2458 1171 2522 catharticum
1182 2458 1395 2537 elenioribus,
1407 2458 1604 2522 infusionem

343 2551 467 2663 {fflff'
502 2560 623 2624 scilicet
638 2581 767 2637 sannae,
779 2559 859 2640 rhei,
871 2583 946 2624 cum
960 2583 1091 2640 manna,
1104 2570 1137 2625 et
1152 2583 1271 2646 syrupo
1281 2583 1428 2626 rosarum
1440 2561 1602 2640 solutivo¹,

501 2661 645 2744 quotidie
667 2661 808 2741 exhibui,
833 2663 935 2728 donee
956 2664 1008 2728 vel
1029 2687 1159 2748 prorsus
1179 2666 1414 2730 convalesceret
1434 2687 1538 2749 aeger,
1553 2667 1605 2728 vel

501 2764 675 2829 admodum
698 2766 970 2831 imminuerentur
990 2775 1226 2852 symptomata3
1252 2769 1311 2847 vel,
1333 2768 1361 2831 si
1383 2770 1472 2853 potio
1495 2768 1604 2831 minus

500 2890 596 2954 aegro
611 2870 774 2950 arrideret,
790 2870 964 2954 pilularum
978 2871 1162 2936 cochiarum
1172 2871 1332 2954 majorum
1347 2870 1512 2954 scrupulos
1523 2870 1604 2934 duos

500 2970 643 3054 quotidie
662 2971 859 3036 devorandos
876 2972 1040 3056 imperavi,
1058 2973 1139 3037 hora
1158 2973 1278 3037 scilicet
1298 2974 1413 3056 quinta
1431 2974 1603 3051 matutina,

502 3073 800 3156 superdormiendo.

348 3181 460 3293 qu²h⁸⁰l⁵
547 3173 642 3260 [474²
661 3173 735 3240 Hac
749 3176 848 3240 etiam
863 3177 1025 3258 methodo,
1040 3178 1271 3262 (phlebotomia
1284 3179 1405 3244 scilieet
1420 3187 1453 3244 et
1467 3181 1605 3264 repetita

346 3253 487 3372 iiiiiipie.
501 3277 661 3360 cathani)
680 3299 781 3361 eaque
796 3279 873 3358 sola,
884 3289 1088 3364 expugnatur
1101 3283 1199 3346 tussis
1213 3304 1387 3366 pueromm
1401 3284 1602 3361 convulsiva3

346 3390 488 3486 zfflfffl·
501 3379 623 3442 malum
653 3379 730 3444 alias
759 3381 1052 3464 pertinacissimum
1081 3392 1115 3448 et
1146 3407 1230 3468 pene
1259 3386 1483 3470 insuperabile.
1537 3387 1605 3450 Alii

348 3519 476 3566 expugna.
501 3481 579 3564 quid
593 3482 720 3546 valeant
737 3483 791 3547 hic
812 3492 984 3568 praestare,
1002 3487 1097 3570 plane
1115 3488 1223 3552 nescio
1231 3514 1241 3566 3
1264 3510 1317 3552 me
1339 3490 1374 3552 in
1391 3490 1487 3552 variis
1506 3497 1604 3573 atque

347 3575 393 3617 Μ·
500 3585 605 3648 omnis
630 3585 698 3649 fere
723 3587 850 3669 generis
876 3589 1027 3652 remediis
1051 3611 1182 3674 operam
1207 3613 1274 3655 non
1298 3593 1398 3656 semel
1417 3592 1603 3676 perdidisse,

500 3687 577 3750 satis
603 3687 679 3752 scio.
726 3689 791 3754 Sed
815 3690 938 3754 leniora
959 3699 1090 3756 tantum
1113 3693 1290 3758 cathartica
1318 3694 1371 3758 hic
1392 3694 1600 3770 conveniunt,

498 3809 600 3873 caque
615 3791 804 3857 cochleatim
824 3799 900 3856 sunt
916 3793 1102 3877 ingerenda,
1117 3818 1177 3879 pro
1194 3797 1321 3860 ratione
1335 3797 1460 3860 aetatis.
1506 3795 1602 3858 Quae

501 3890 632 3974 quidem
658 3894 729 3958 aa?
754 3892 923 3981 ε’πίκρασιν
948 3898 1112 3962 evacuatio
1136 3920 1174 3963 eo
1203 3899 1334 3963 nomine
1362 3897 1411 3978 (ut
1437 3894 1598 3976 arbitron)

499 3993 604 4059 dictae
619 3997 701 4061 tussi
715 3997 873 4076 medetur,
887 3999 974 4081 quod
989 4001 1119 4080 scilicet,
1134 4002 1211 4067 licet
1226 4024 1292 4066 non
1300 4000 1442 4064 multum
1456 3999 1602 4062 humoris

499 4099 597 4162 serosi
611 4099 646 4163 in
661 4099 867 4183 pulmonibus
882 4102 1077 4182 inveniatur,
1092 4104 1278 4170 fervidiores
1296 4113 1408 4169 tamen
1422 4111 1456 4168 et
1472 4102 1602 4186 spiritu-

497 4201 546 4266 osi
560 4201 712 4266 hahtuse
735 4225 840 4268 massa
861 4205 1029 4288 sanguinis
1048 4207 1083 4269 in
1101 4208 1271 4290 pulmones
1290 4207 1383 4270 statis
1402 4205 1603 4290 temporibus

497 4307 677 4372 transmissi
703 4309 874 4373 atrociores
899 4309 973 4373 illos
998 4311 1158 4373 tussiendi
1183 4331 1392 4394 paroxysmos
1416 4310 1452 4372 in
1474 4309 1603 4372 tenellis

500 4409 663 4486 excitent3
686 4409 801 4474 horum
825 4419 936 4475 autem
950 4413 986 4474 in
1005 4413 1174 4494 pulmones
1192 4414 1334 4495 impetus
1348 4413 1438 4476 haud
1457 4412 1521 4475 alia
1536 4433 1603 4474 me·

498 4509 597 4574 thodo
620 4533 721 4594 aeque
739 4514 808 4577 sisti
823 4535 915 4597 posse
936 4515 1064 4578 videtur
1078 4524 1112 4579 et
1130 4516 1320 4598 praecaveri,
1337 4523 1435 4597 atque
1454 4516 1524 4592 hac,
1541 4537 1604 4597 qua

499 4619 604 4676 motus
627 4615 724 4697 priori
747 4619 926 4681 contrarius
952 4619 1164 4700 (perviscera
1192 4619 1337 4700 scilicet,)
1362 4618 1468 4682 morbi
1490 4639 1603 4683 causae

498 4715 700 4778 conciliatur.

530 4848 538 4868 ¹
556 4842 594 4890 Cf.
607 4843 701 4893 formm.
716 4848 739 4899 8,
752 4850 790 4902 al,
803 4850 847 4895 &a
941 4855 947 4884 ¹
967 4851 1005 4897 Cf.
1021 4854 1112 4900 (ibam.
1125 4853 1186 4898 Mad.
1200 4853 1229 4899 iv.
1244 4857 1266 4899 ὃ.
1279 4857 1308 4907 8;
1323 4855 1424 4900 Proresa
1439 4853 1485 4898 Iul.
1498 4867 1518 4896 c.
1532 4852 1570 4896 ll.
