3825 5759
536 659 836 725 DISSER'PA'PIO
858 660 1164 727 EPISTOLARIS.
1335 666 1405 731 387

289 843 401 905 aeger
415 821 521 906 aquis
527 821 673 901 absistat,
689 821 790 887 donec
808 822 991 906 symptoma
1008 823 1099 902 illud,
1114 825 1288 889 transitum
1308 845 1405 908 aqua·
1433 839 1476 887 Da
1488 840 1541 888 ιι.

289 946 378 989 rum
393 925 470 989 alias
489 925 730 1008 impediturum,
745 926 875 1009 penitus
896 926 1000 990 abeat.
1045 926 1177 990 Etenim
1194 928 1325 991 tametsi
1343 925 1405 992 hae
1417 905 1557 1017 ’,ΕΞΜΗΓ

293 1049 408 1111 aquae
429 1028 618 1092 humoribus
640 1028 809 1111 agitandis,
825 1049 862 1093 ac
884 1029 1019 1112 proinde
1041 1028 1205 1113 spiritibus
1224 1029 1405 1095 confusioni
1417 1041 1558 1050 ‘—

294 1130 517 1208 inducendae,
543 1130 650 1195 minus
680 1138 773 1214 aptae
802 1138 899 1195 natac
928 1132 1004 1210 sint,
1027 1154 1124 1215 quam
1154 1132 1330 1197 cathartica
1354 1136 1404 1198 vol
1459 1210 1462 1215 ‚

298 1232 470 1298 lenissima
490 1254 529 1297 er
551 1232 682 1297 officinis
705 1234 903 1317 deprompta,
927 1234 1164 1317 aliquantulum
1185 1242 1297 1300 tamen
1316 1236 1403 1301 idem

300 1334 480 1417 praestant,
497 1342 654 1418 quatenus
672 1335 792 1399 scilicet
807 1336 982 1401 dimeticae
1001 1344 1078 1400 sunt
1087 1363 1097 1414 3
1118 1345 1158 1401 ut
1174 1346 1299 1403 taceam
1317 1340 1403 1423 quod

300 1457 400 1520 saepe
414 1437 511 1501 ctiam
526 1438 676 1502 ventrem
688 1446 828 1503 movent.
875 1438 972 1504 Quod
987 1439 1015 1501 si
1031 1439 1119 1523 ipsae
1134 1460 1236 1522 aquae
1250 1440 1402 1505 humores

299 1560 342 1603 ac
371 1539 500 1623 spiritus
529 1540 723 1624 exagitando
751 1538 978 1625 tambandoque
1011 1542 1135 1605 aditum
1166 1538 1294 1606 sibimet
1323 1543 1400 1627 ipsis

296 1642 512 1726 praecludunt
536 1664 600 1726 quo
625 1642 733 1707 minus
758 1644 850 1707 facila
876 1650 1055 1723 transeant,
1077 1642 1207 1707 videant
1232 1643 1279 1707 illi
1305 1666 1401 1727 quam

296 1744 485 1829 importune
514 1754 616 1830 agunt
646 1747 701 1829 qui
729 1746 967 1811 medicamenta
998 1747 1169 1831 purgativa
1197 1766 1256 1830 per
1284 1746 1400 1810 harum

295 1868 395 1912 usum
416 1848 577 1933 imperant
599 1850 698 1913 semel
720 1858 777 1914 aut
798 1849 878 1913 bis
869 1871 905 1913 m
927 1850 1109 1933 septimana
1130 1850 1333 1928 assumenda,
1349 1850 1402 1914 vel

301 1950 402 2034 (quod
424 1951 530 2015 adhuc
551 1952 749 2035 ineptiuss)
741 1952 817 2036 ipsis
836 1952 926 2036 aquis
948 1952 1159 2016 immiscenda
1180 1950 1399 2035 praecipiunt:
1413 1968 1452 2016 οι
1463 1985 1522 2032 ιιι

296 2053 388 2118 unde
406 2054 443 2117 fit
461 2054 582 2117 tamin
602 2054 651 2117 his
671 2076 768 2137 quam
788 2054 822 2116 in
842 2054 911 2118 aliis
935 2054 1026 2137 aquis
1044 2054 1262 2133 mineralibus,
1277 2061 1316 2118 ut
1333 2049 1441 2119 noni¹
1411 2034 1534 2145 ι,
1491 2100 1555 2147 ,,1-

297 2156 404 2220 solum
434 2178 500 2220 non
530 2158 719 2241 promptius,
746 2157 802 2221 sed
828 2164 860 2221 et
889 2154 985 2241 plane
1010 2158 1135 2221 tardius
1164 2178 1202 2221 ac
1231 2158 1398 2237 difficilius,
1411 2162 1502 2211 clauso
1470 2180 1545 2227 ⁸·0122

298 2259 431 2323 eaedem
447 2268 630 2343 operentur
1388 2208 1502 2277 ”⁰¹⁰¹

349 2362 453 2445 [lla]
483 2363 548 2425 Hic
562 2362 642 2426 mihi
664 2384 731 2427 non
746 2364 957 2443 reticendum,
974 2363 1070 2447 quod,
1082 2359 1215 2428 tametsi
1234 2365 1284 2428 his
1307 2365 1398 2448 aquis
1412 2386 1507 2438 ιοιιοιο

296 2464 451 2528 ferrum'
442 2486 547 2529 messe
564 2466 598 2528 in
616 2465 778 2580 principiis
801 2467 913 2531 solutis
935 2467 1100 2530 nonnullis
1122 2466 1277 2544 videatur,
1300 2451 1464 2577 (quod¹¹¹¹
1433 2468 1553 2568 ffiffn

298 2566 384 2631 idem
404 2568 499 2651 plane
522 2575 571 2631 est
592 2589 628 2632 ac
655 2568 682 2631 ιι
704 2568 824 2631 ferrum
844 2568 1004 2683 liquidum
1024 2571 1265 2652 supponamus)
1288 2530 1438 2690 ιιιιιιιιιΞ(1
1422 2583 1539 2695 ιι11>ιι1μ

297 2676 409 2733 tamen
429 2668 551 2748 dubito,
568 2670 647 2753 quin
665 2668 796 2733 eaedem
818 2671 947 2734 nonnisi
969 2670 1129 2753 simplices
1150 2692 1252 2755 aquae
1274 2644 1455 2754 extantff⁰¹
1409 2654 1480 2756 sumi
1475 2662 1544 2770 οξζ

297 2774 416 2837 virtute
426 2774 569 2837 minerae
583 2794 641 2856 per
652 2792 748 2856 quam
759 2778 929 2837 transeunt
944 2774 1186 2857 impraegnatae
1197 2794 1234 2837 ac
1248 2772 1394 2837 infectae.
1408 2775 1536 2901 fflssdqm
1473 2790 1512 2822 em

298 2878 394 2943 Quod
414 2878 552 2962 cuipiam
573 2878 695 2961 liquido
715 2876 885 2955 constabit,
902 2877 929 2939 si
947 2897 1050 2959 aquae
1070 2877 1251 2940 communia
1273 2877 1433 2959 congiism
1409 2853 1509 2950 ⁰1m„⁸‘¹
1486 2904 1531 2951 ,11,
1511 2841 1550 2888 ¹¹¹⁸

298 2981 419 3064 aliquot
448 2982 525 3045 satia
557 3000 709 3063 maguam
725 2980 807 3043 vim
840 2979 1002 3043 clavorum
1031 2987 1177 3042 veterum
1210 3000 1249 3042 ex
1283 2979 1396 3043 calceis
1408 2966 1461 3078 ium
1465 2968 1536 3080 ‘ffb-

296 3085 422 3168 equinis
442 3088 657 3148 extractorum
676 3081 840 3146 infuderit.
888 3081 1013 3145 Sentiet
1034 3082 1154 3144 scilicet
1170 3103 1286 3164 aquam
1301 3082 1395 3160 hauc,
1409 3094 1462 3143 tu
1463 3103 1510 3145 ι

296 3192 348 3255 cui
374 3192 475 3275 pulvis
502 3192 668 3275 gallarum,
691 3190 768 3253 lolia
791 3196 850 3268 tea,
874 3190 923 3253 ιει
950 3188 1074 3266 similia,
1099 3189 1220 3253 fuerint
1243 3189 1394 3267 immista,

295 3294 408 3358 eodem
430 3294 525 3377 plane
548 3293 651 3357 colore
673 3292 761 3355 infici
783 3312 819 3355 ac
842 3292 868 3355 si
891 3313 976 3375 aqua
997 3300 1081 3355 esset
1098 3292 1197 3356 fontis
1219 3292 1393 3355 minei-alis.

294 3392 410 3476 Neque
425 3415 502 3457 sanc
523 3394 661 3457 diversos
679 3394 812 3457 effectus
832 3393 893 3457 hae
916 3416 1018 3477 aquae
1042 3395 1107 3457 aive
1127 3394 1306 3458 artificiales
1329 3392 1394 3458 sive

293 3495 509 3560 inartificiales
541 3498 663 3578 (utrum
698 3496 786 3559 enim
820 3496 942 3560 mavult
976 3498 1056 3579 quis,
1087 3497 1247 3580 appellet)
1279 3504 1393 3579 epotac

293 3597 400 3676 edent,
412 3598 508 3662 modo
523 3606 667 3682 ternpore
682 3598 801 3661 aestivo
817 3605 914 3681 atque
930 3603 1002 3662 a'c're
1017 3598 1137 3661 salubri
1152 3606 1367 3662 assumantur.

342 3700 447 3783 [ιιι]
477 3699 542 3763 Sed
556 3708 632 3764 utut
647 3700 707 3764 hoc
722 3700 773 3779 sit,
787 3700 814 3763 si
829 3700 869 3764 ob
881 3700 1116 3765 contumaciam
1131 3700 1200 3783 ejus
1214 3700 1268 3764 hic
1282 3700 1388 3763 Affec·
1399 3719 1548 3784 lnquocssu

292 3808 346 3865 tus
365 3802 476 3866 ferreis
498 3802 588 3886 aquis
610 3803 718 3866 minus
741 3803 843 3881 cedat,
860 3803 1026 3868 adeundae
1048 3811 1125 3869 sunt
1147 3824 1249 3887 aquae
1271 3802 1390 3866 calidae
1402 3786 1540 3897 ζξζξῇιξζ,

293 3905 494 3988 sulphureae,
510 3906 619 3988 quales
640 3913 716 3969 sunt
737 3912 866 3969 nostrae
891 3906 1145 3983 Bathonienses3
1168 3914 1265 3989 atque
1286 3926 1390 3988 aeger,
1405 3914 1535 3961 adeundae.

292 4016 461 4091 postquam
483 4008 586 4070 tribus
603 4008 725 4071 auroris
748 4008 910 4072 continuis
930 4030 984 4073 eas
1001 4010 1091 4072 intus
1110 4008 1327 4090 assumpserit,
1343 4028 1392 4070 se-

292 4110 405 4193 quenti
427 4110 479 4172 die
500 4110 652 4174 balneum
675 4111 885 4193 ingrediatur,
909 4118 943 4175 et
964 4120 1094 4194 postero
1116 4109 1168 4172 die
1193 4111 1312 4173 iterum
1338 4130 1391 4171 eas

292 4212 398 4287 bibat;
422 4212 507 4276 idem
529 4212 676 4277 faciendo
699 4214 883 4277 alternatim
906 4234 964 4296 per
985 4214 1065 4276 duos
1087 4232 1215 4274 meuses
1236 4211 1389 4291 integros.

291 4315 422 4378 Etenim
440 4322 509 4377 tam
532 4316 567 4377 in
587 4314 637 4377 his
656 4336 752 4397 quam
771 4314 851 4391 aliis,
868 4316 1089 4396 cujuscunque
1112 4312 1243 4375 demum
1264 4311 1391 4393 generis

291 4417 366 4495 sint,
392 4416 454 4480 hoc
480 4416 592 4481 sedulo
618 4416 809 4492 notandum,
837 4416 922 4497 quod
947 4416 983 4477 in
1005 4434 1117 4477 earum
1138 4432 1201 4474 usu
1226 4434 1264 4476 eo
1286 4432 1390 4493 usque
1443 4468 1448 4475 .

220 4512 223 4519 ⁴
290 4540 386 4601 aegro
415 4518 661 4602 persistendum,
692 4517 794 4579 donec
824 4538 890 4579 non
919 4522 1049 4578 tantum
1079 4515 1224 4577 levamen
1254 4512 1389 4595 aliquale

290 4622 418 4700 sentiat,
434 4622 499 4699 sed,
516 4642 580 4703 quo
599 4621 707 4683 minus
725 4626 940 4701 symptomata
960 4616 1069 4681 omnia
1088 4615 1177 4678 brevi
1193 4615 1390 4699 postliminio

291 4732 463 4801 revertant,
480 4724 581 4787 donoc
596 4723 729 4785 omnino
744 4722 953 4785 convalescat.

339 4827 443 4910 [lla]
471 4826 624 4889 Theriaca
648 4824 877 4903 Andromachi,
905 4826 954 4888 vel
982 4823 1057 4901 sola,
1083 4824 1110 4887 si
1133 4822 1245 4887 crebro
1271 4822 1390 4901 diuque
