3825 5759
608 642 864 707 PROCESSUS
888 642 1093 710 INTEGRI.
1334 647 1397 707 581

298 807 377 870 Post
406 805 545 888 primam
569 805 796 888 purgationem
823 790 1001 890 applicetur
1026 806 1236 890 emplastrum
1262 828 1399 890 sequens
1461 820 1503 868 Da

298 909 687 995 regimilumbffim‘-
1413 884 1546 998 nillil„

299 1045 510 1111 [amman
534 1042 565 1122 p
586 1042 887 1115 ampasoiaeninio,
1417 1028 1552 1063 ¹⁸⁸⁰⁰¹⁰⁰

580 1130 752 1202 [Emplastri]
764 1131 799 1184 ad
812 1131 953 1197 Hemiam,
965 1151 1017 1187 ana
1028 1142 1115 1204 partes
1126 1134 1265 1203 aequales;

440 1220 628 1274 Extendantur
643 1237 722 1290 super
738 1219 853 1273 alutam:
872 1220 920 1276 liat
931 1223 1102 1292 emplastrum
1123 1224 1226 1293 regioni
1249 1223 1400 1279 lumborum

439 1307 642 1363 admovendum.

702 1554 802 1620 CAP.
825 1556 1004 1621 XXVIII.¹

666 1718 716 1780 De
733 1719 837 1781 Colica
851 1719 1028 1800 Hysterica

342 1854 409 1917 an
423 1852 543 1937 specics
557 1851 725 1936 quaedam,
741 1874 799 1917 seu
812 1854 921 1936 potius
940 1854 1070 1937 insigne
1085 1875 1122 1919 ac
1136 1855 1228 1920 valde
1241 1856 1400 1921 usitatum

298 1958 488 2022 Affectionis
511 1955 703 2039 Hystericae
725 1963 916 2040 symptoma,
939 1956 993 2019 oui
1018 1956 1168 2020 comitem
1195 1978 1229 2021 te
1251 1958 1401 2042 adjungit

299 2060 389 2126 dolor
403 2060 487 2123 circa
500 2057 715 2123 scrobiculum
735 2058 838 2122 cordis
859 2059 1088 2139 atrocissimus,
1103 2061 1152 2124 uti
1172 2061 1271 2125 etiam
1286 2062 1400 2127 humo-

298 2187 372 2229 rum
386 2164 479 2228 viridi
493 2164 599 2228 colore
612 2184 670 2247 per
685 2162 893 2227 vomitionem
908 2164 1034 2247 ejectio.

348 2268 410 2352 [2.]
436 2267 556 2346 Primo,
579 2288 642 2350 quo
665 2265 799 2330 saburra
819 2265 1008 2329 vitiosorum
1030 2265 1203 2330 humorum
1224 2265 1259 2330 in
1281 2267 1400 2331 ventn‘-
1415 2278 1547 2328 Corano.

299 2372 373 2436 culo
387 2376 615 2435 contentorum
633 2368 742 2432 minus
761 2366 916 2451 impediat
935 2366 1111 2449 paregorici
1127 2367 1309 2446 efficaciam,
1326 2368 1403 2433 satis

299 2496 420 2557 magna
433 2474 598 2557 quantitas
611 2470 744 2555 liquoris
758 2468 907 2553 possetici
921 2468 1046 2533 affatim
1060 2469 1289 2553 ingurgitetur,
1306 2479 1403 2555 atque

299 2578 417 2640 iterum
441 2596 499 2658 per
522 2573 731 2637 vomitionem
755 2569 926 2653 rejiciatur,
952 2589 1070 2651 nempe
1099 2569 1243 2651 ejusdem
1269 2570 1402 2653 liquoris

206 2658 210 2662 ’
249 2726 252 2730 .
301 2676 541 2760 sesquicongius
549 2700 559 2751 ;
597 2694 661 2757 quo
689 2680 829 2756 peracto,
850 2670 984 2735 laudaui
1008 2670 1123 2753 liquidi
1148 2678 1261 2754 guttae
1287 2674 1402 2756 viginti

301 2778 444 2862 quinque
469 2776 504 2838 in
529 2796 632 2859 aquae
653 2773 849 2839 cinnamomi
872 2772 974 2852 fortis,
998 2794 1099 2857 aquae
1121 2774 1325 2856 epidemicae,
1352 2779 1401 2842 vel

302 2879 383 2944 alius
397 2877 544 2957 vehiculi,
559 2877 657 2941 uncia
670 2899 737 2941 una
753 2876 976 2960 propinentur.

350 2984 411 3068 [3.]
439 2984 482 3046 In
496 3004 559 3046 usu
573 2982 749 3066 paregorici
763 2981 825 3045 hoc
839 2980 1031 3060 notandum,
1044 2981 1130 3064 quod
1145 3002 1183 3045 eo
1198 2986 1302 3066 usque
1312 3006 1401 3069 repe·

301 3088 438 3153 tendum
460 3093 519 3166 est,
542 3086 645 3150 donec
670 3091 887 3170 symptomata
907 3082 1017 3147 omnia
1037 3083 1167 3167 penitus
1189 3087 1400 3165 cessaverint3

302 3190 448 3255 debitum
462 3190 587 3254 interea
599 3194 729 3271 tempus
748 3184 981 3271 interjiciendo,
997 3191 1035 3250 ut
1050 3185 1226 3271 dijudicare
1240 3188 1401 3257 valeamus
1478 3202 1484 3215 ’

302 3293 380 3377 quid
393 3293 482 3377 prior
496 3291 581 3355 dosis
596 3290 712 3368 effecit,
729 3296 903 3373 antequam
917 3310 1034 3353 novam
1048 3289 1244 3373 ingeramus.

351 3395 412 3479 [4.]
441 3395 477 3458 Si
491 3393 668 3477 sanguineo
681 3399 938 3476 temperamento
951 3391 1118 3475 praeditus
1132 3392 1175 3456 sit
1190 3414 1294 3477 aeger,
1310 3394 1360 3457 vel
1374 3394 1402 3458 si

302 3506 400 3563 antea
415 3498 476 3563 hoc
491 3502 706 3582 symptomata
720 3495 808 3559 haud
822 3495 964 3559 multum
978 3495 1148 3559 infestatam
1162 3496 1260 3561 fuerit
1275 3518 1312 3562 ac
1326 3497 1400 3561 viri-

302 3600 364 3665 bus
377 3600 509 3678 frocum,
524 3599 586 3663 hoc
599 3599 635 3661 in
650 3619 726 3662 casu
746 3597 877 3679 sanguis
897 3596 1038 3680 primum
1053 3618 1071 3662 e
1085 3597 1216 3663 brachio
1231 3598 1401 3665 detrahen-

303 3704 373 3781 dus,
388 3711 562 3785 antequam
576 3701 782 3767 vomitorium
796 3687 1029 3784 praescriptum
1043 3702 1242 3785 propinetm.

349 3804 411 3891 [5.]
440 3805 513 3869 Hac
538 3804 608 3888 ipsa
631 3802 786 3867 methodo
814 3803 922 3867 olavus
946 3802 1127 3885 hystericus
1156 3812 1298 3870 curatur.
1345 3806 1404 3871 Sin

303 3930 377 3973 vero
392 3907 501 3974 Colica
515 3905 689 3992 Hysterica
706 3906 889 3970 diuturnior
902 3906 1012 3985 fuerit,
1027 3927 1085 3991 per
1103 3929 1309 3993 paroxysmos
1325 3910 1402 3973 affii-

304 4032 393 4095 gens,
413 4018 486 4074 tum
506 4010 543 4073 in
564 4030 677 4074 eorum
699 4007 884 4086 intervallis,
903 4008 968 4071 sive
990 4015 1082 4072 extr-a
1102 4030 1339 4094 paroxysmum,
1356 4032 1403 4075 se·

304 4114 438 4197 quentia
450 4120 649 4196 usurpentur
658 4138 710 4175 :—

306 4290 407 4354 [Form.
421 4290 498 4353 202]
530 4287 561 4369 R,
582 4290 719 4355 [Badias]
732 4288 883 4343 Zedoariae
898 4288 1070 4343 subtilissime
1088 4290 1239 4359 pulveratae
1253 4290 1409 4348 drachmam

622 4395 705 4431 unam

586 4482 650 4519 cum
672 4416 819 4518 sulliciente
841 4464 989 4534 quantitate
1008 4465 1104 4536 Syrupi
1125 4484 1140 4519 e
1159 4466 1307 4525 Conditura
1324 4470 1405 4527 Citri-

622 4568 697 4605 orum
706 4571 714 4615 ;

448 4638 510 4693 Fiat
520 4640 603 4705 bolus,
611 4639 755 4693 sumendus
764 4657 842 4694 mane
854 4648 882 4693 et
889 4658 946 4694 sero
957 4658 1004 4711 per
1015 4642 1127 4713 triginta
1138 4643 1203 4713 dies,
1215 4648 1406 4718 superbibendo

447 4736 601 4796 sequentem
613 4726 772 4781 infusionem
782 4748 823 4779 :-
1016 4758 1018 4765 ι
1400 4750 1408 4759 -

336 4848 347 4881 v
364 4841 402 4891 ct
413 4842 486 4891 torm.
496 4843 536 4891 90.
600 4848 612 4877 ¹
631 4843 670 4890 Cl.
684 4844 776 4890 Obstru.
789 4842 852 4890 Meo.
865 4842 897 4890 ir.
910 4841 934 4892 7.
947 4843 976 4890 16
991 4859 1039 4907 aqi
1059 4847 1156 4899 Dissert
1168 4850 1243 4907 Epist.
1256 4852 1268 4908 ἱ
1283 4850 1328 4897 tto
1340 4866 1377 4913 sq.
