3825 5759
498 592 562 656 176
801 589 996 654 ΤΗΟΜΑΕ
1020 587 1279 652 SYDENHAM

352 765 471 816 nassau.
495 749 546 814 lac
567 750 704 814 crudum
725 748 822 832 paulo
845 748 1053 831 tepefactum,
1077 770 1140 831 quo
1165 747 1264 812 etiam
1284 747 1440 812 utebatur
1461 745 1529 809 solo
1555 743 1597 808 ad

343 831 481 947 ἦξξοξῗ
496 853 563 916 dies
579 859 645 916 tres
663 852 713 916 vel
728 858 867 935 quatuor
880 859 1051 935 postquam
1069 850 1186 914 electo
1201 856 1392 914 surrexerat.
1438 848 1475 911 Si
1488 847 1539 912 vel
1554 847 1598 911 ob

342 967 483 978 —·'
494 955 615 1030 lectuli,
631 955 681 1020 vel
702 955 804 1032 lactis,
819 975 917 1018 usum
938 954 1037 1017 nimis
1050 960 1255 1038 praemature
1268 951 1500 1029 intermissum,
1515 950 1598 1014 reci-

495 1057 601 1122 divam
616 1064 782 1142 pateretur
796 1077 902 1140 aeger,
913 1056 1027 1120 eadem
1037 1055 1173 1138 vestigia
1183 1055 1291 1119 denuo
1304 1053 1481 1137 repetenda
1491 1060 1596 1118 eraut.

496 1159 587 1224 Haec
608 1159 791 1237 methodus,
813 1159 841 1223 si
862 1166 950 1223 certa
976 1166 1072 1241 atque
1094 1159 1243 1242 expedita
1263 1156 1372 1235 buerit,
1392 1177 1460 1220 uon
1481 1155 1555 1219 ideo
1577 1176 1599 1218 a

493 1262 561 1326 viro
588 1261 731 1346 quolibet
752 1261 913 1346 prudente
937 1260 1171 1344 repudiabitur,
1190 1259 1276 1344 quod
1297 1258 1417 1323 fastoso
1438 1257 1598 1322 remedio·

493 1387 568 1429 rum
585 1371 743 1449 apparatu
757 1386 825 1430 non
840 1386 874 1428 se
889 1365 1044 1429 venditet.

341 1479 464 1544 bysente-
544 1468 626 1552 [la]
655 1467 853 1552 Hujusmodi
878 1467 1002 1532 febrem
1028 1467 1263 1552 symptomatis,
1285 1466 1393 1551 qualia
1418 1487 1516 1549 supra
1539 1464 1597 1528 de·

339 1544 471 1657 affl?
494 1570 689 1654 scripsimus,
701 1571 852 1654 stipatam
869 1570 908 1634 iis
923 1570 960 1633 in
973 1570 1051 1634 locis
1067 1577 1100 1633 et
1115 1569 1316 1652 temporibus
1329 1568 1463 1653 reperiri
1477 1567 1595 1652 quibus

340 1674 424 1722 araca
434 1687 477 1736 120³
495 1673 689 1757 Dysenteria
703 1672 878 1756 epidemice
895 1678 1022 1755 regnat,
1037 1679 1071 1736 et
1087 1671 1278 1736 methodum
1293 1671 1388 1749 hane,
1404 1691 1502 1753 quam
1516 1669 1596 1734 deli-

338 1753 369 1850 ἓξ
378 1747 480 1850 iffi.
494 1776 670 1853 neavimus,
686 1775 791 1839 eidem
811 1775 944 1839 omuino
964 1773 1084 1854 deberi,
1104 1774 1291 1842 testimonio
1310 1773 1370 1836 viri
1386 1773 1479 1857 probi
1499 1779 1596 1856 atque

340 1873 387 1916 ω’·
494 1877 623 1957 eruditi,
642 1877 791 1942 Doctoris
813 1877 938 1955 Butler,
957 1877 1095 1961 amplius
1117 1876 1369 1954 confirmabitur,
1389 1875 1445 1959 qui
1462 1874 1595 1939 nobilis-

495 1982 612 2046 simum
630 1980 716 2044 Dnum
731 1980 910 2044 Dominum
928 1980 1109 2044 Henricum
1127 1979 1278 2057 Howard,
1293 2001 1314 2042 a
1336 1979 1404 2042 Sua
1417 1976 1593 2061 Majestate

495 2083 598 2166 Regia
612 2082 803 2146 Britannica
822 2082 864 2147 ad
881 2083 1125 2148 Moroccensem
1144 2082 1179 2145 iu
1197 2082 1308 2146 Africa
1325 2081 1481 2164 legatum,
1496 2081 1595 2146 comi·

493 2167 641 2252 utimr
647 2210 657 2262 ;
681 2184 798 2268 quibus
812 2185 848 2248 u
861 2185 1048 2268 regionibus
1065 2187 1115 2268 (ut
1134 2185 1215 2248 mim
1231 2185 1320 2268 ipsus
1334 2184 1469 2266 minuta
1486 2183 1596 2248 osser.

493 2287 580 2352 savit
604 2287 831 2371 Dyscnteriam
853 2307 912 2371 per
935 2309 975 2352 ea
998 2294 1145 2371 tempora
1170 2287 1233 2371 (uti
1251 2287 1398 2370 semper,)
1419 2285 1597 2371 epidemice

496 2389 644 2472 grassari,
668 2395 702 2453 et
724 2389 858 2469 febrem,
882 2411 965 2473 quae
990 2411 1065 2454 oum
1083 2390 1140 2454 illa
1160 2389 1370 2474 jungebatur,
1394 2389 1527 2454 omnino
1547 2389 1597 2454 illi

496 2492 634 2556 similem
653 2513 751 2576 quam
774 2491 996 2576 depinximus3
1035 2492 1151 2576 quibus
1176 2493 1232 2557 ille
1252 2491 1444 2557 medebatur
1467 2497 1537 2557 tarn
1559 2492 1597 2556 iu

495 2594 577 2658 urbe
602 2594 786 2676 rlingitana,
811 2617 908 2679 quam
937 2595 1008 2658 aliis
1033 2595 1069 2658 in
1096 2595 1185 2674 locis,
1211 2595 1278 2660 sive
1302 2602 1462 2660 nostrates
1487 2603 1596 2662 essent

497 2697 595 2780 aegri,
611 2698 676 2762 sive
696 2695 817 2778 Mauri,
833 2698 920 2762 dicta
938 2698 1101 2776 methodo,
1116 2699 1203 2762 felici
1221 2719 1347 2782 semper
1363 2699 1471 2764 exitu:
1498 2721 1597 2782 quam

496 2800 627 2884 quidem
646 2807 763 2866 neuter
780 2800 873 2866 alteri
891 2799 1057 2880 debemus,
1077 2802 1134 2865 sed
1150 2801 1221 2885 pari
1242 2801 1375 2866 fortuna
1397 2801 1434 2866 in
1458 2801 1597 2867 eandem

496 2902 690 2968 dissitissimi
714 2903 896 2968 incidimus.
941 2903 1160 2968 Profitcbatur
1178 2910 1298 2982 autem,
1313 2904 1434 2987 optime
1447 2905 1521 2970 istic
1535 2905 1598 2970 sibi

496 3005 625 3070 cessisse
639 3005 675 3068 in
689 3005 776 3069 illius
791 3006 896 3070 morbi
914 3007 1082 3070 curatione
1096 3005 1286 3070 methodum
1303 3007 1403 3085 illam,
1414 3029 1479 3090 qua
1492 3007 1598 3090 liquo·

495 3107 539 3170 ris
554 3107 674 3171 diluvio
689 3107 944 3192 submerguntur
958 3109 1182 3192 Dyseuteriae.
1226 3110 1337 3192 Atque
1350 3110 1499 3175 existimo
1524 3131 1597 3193 ego,

496 3209 629 3273 omnino
651 3229 710 3292 par
732 3230 800 3272 esse
824 3217 863 3273 ut
888 3209 924 3273 in
947 3210 1092 3274 calidiori
1120 3211 1184 3276 isto
1209 3211 1339 3276 climate
1367 3212 1464 3296 longe
1492 3213 1597 3277 rarius

496 3331 646 3376 successu
660 3319 767 3376 carcat
782 3311 861 3376 haec
876 3313 1058 3392 methodus,
1074 3336 1171 3398 quam
1185 3315 1221 3378 iu
1235 3322 1347 3380 nostm
1360 3315 1542 3380 Britannis.
1566 3303 1572 3314 ⁹

345 3435 467 3498 Exempla
547 3411 629 3496 [18.]
657 3413 766 3477 Primo
788 3413 844 3478 illo
869 3421 1027 3480 autumno
1053 3437 1117 3499 quo
1137 3417 1266 3500 vigebat
1291 3418 1371 3482 haec
1396 3418 1597 3496 constitutio,

342 3500 484 3612 ffiflffl'
498 3514 617 3578 Daniel
637 3514 734 3593 Coxe,
751 3515 857 3595 M.D.,
872 3517 921 3581 vir
942 3518 1075 3601 ingenio
1094 3526 1126 3582 et
1145 3519 1344 3584 eruditione¹
1361 3521 1597 3600 ornatissimus,

497 3617 692 3700 Dysenteria
716 3619 901 3684 acutissima
924 3620 1084 3700 laborans,
1110 3623 1183 3705 (me,
1207 3644 1304 3706 quem
1328 3624 1499 3702 consuluit,
1524 3645 1599 3688 sua·

497 3719 617 3802 dente,)
635 3741 694 3804 ope
714 3721 859 3785 methodi
874 3723 944 3806 jam
957 3723 1108 3788 laudatae
1127 3725 1202 3804 cito,
1216 3733 1300 3805 tuto,
1317 3735 1351 3790 et
1368 3725 1532 3810 jucunde¹²
1547 3749 1600 3792 ss·

497 3827 594 3886 uatus
609 3829 658 3886 est
666 3848 676 3902 3
699 3831 772 3906 post
787 3825 921 3888 tertium
939 3826 1060 3891 scilicet
1074 3834 1265 3910 quartumve
1280 3849 1404 3908 enema,
1420 3829 1500 3894 dum
1513 3829 1598 3894 lecto

497 3923 680 4004 assiderem,
703 3933 737 3990 et
760 3927 901 3992 tormina
922 3935 956 3992 et
980 3927 1174 4014 dejectiones
1199 3932 1396 4014 sanguineae
1421 3953 1598 4010 evanuere3

496 4049 557 4092 nec
577 4027 719 4112 qualibet
733 4050 769 4093 re
788 4029 860 4108 alia,
875 4038 1004 4114 praeter
1016 4032 1093 4097 lecti
1107 4031 1148 4096 sd
1167 4033 1292 4098 dictum
1311 4035 1453 4118 spatium
1471 4035 1599 4118 patieu-

496 4131 587 4210 tiam,
603 4139 636 4196 et
650 4132 788 4196 lacteam
805 4131 955 4213 diaetam,
972 4135 1014 4199 ad
1027 4135 1200 4200 sanitatem
1216 4136 1502 4221 redintegrandam
1516 4159 1599 4222 opus

496 4234 622 4299 habuit.
666 4235 792 4300 Eodem
809 4236 905 4320 plane
920 4236 1017 4302 modo
1036 4245 1070 4302 et
1088 4237 1176 4302 idem
1189 4247 1302 4321 postea
1315 4241 1395 4304 alios
1409 4263 1508 4324 quam
1526 4241 1599 4324 plu·

496 4335 595 4399 rimos
616 4335 678 4400 hoc
692 4337 778 4402 malo
797 4337 928 4402 affectos
947 4337 1100 4416 restituit,
1116 4347 1255 4404 exeunte
1277 4362 1315 4405 eo
1335 4349 1512 4420 antumu03
1542 4363 1601 4406 an·

497 4457 541 4500 no
556 4443 665 4501 autem
679 4439 835 4522 proximo,
846 4440 939 4504 illum
954 4441 1155 4512 etiamidem
1169 4442 1358 4508 molientem
1373 4465 1445 4528 spes
1459 4444 1584 4509 fefellit.

532 4625 541 4657 ¹
559 4621 756 4676 Scanu01669.
1071 4631 1139 4691 dicit,
1154 4638 1182 4680 ut
1198 4638 1260 4690 tuto,
1271 4640 1301 4681 ut
1317 4632 1432 4693 celeriter,
1444 4641 1473 4682 ut
1489 4634 1600 4760 {ucuude

531 4697 544 4731 Ι
560 4687 640 4750 erud]
653 4689 775 4750 omnifario
786 4695 850 4740 erad.
863 4692 899 4742 ed.
913 4693 961 4746 ⁹76.
1071 4699 1164 4744 curet?
1183 4697 1262 4761 (Cela
1273 4700 1311 4748 De
1321 4700 1406 4747 Medic.
1418 4699 1452 4747 iii.
1464 4701 1487 4746 4.

532 4747 543 4780 '¹
556 4751 737 4816 “Asclepiades
749 4755 856 4804 officium
871 4771 924 4806 esse
936 4758 1028 4807 Medici
