3825 5759
460 565 526 627 288
773 561 968 627 ΤΗΟΜΑΕ
992 560 1252 628 SYDENHAM

309 749 534 809 DeMosstum
556 763 650 828 saepe
664 764 732 809 uon
746 742 810 807 nisi
832 749 905 828 post
927 741 1064 808 biduum
1085 741 1276 826 promissam
1293 741 1494 807 curationem
1509 738 1565 806 ab·

320 816 438 931 qqug.
462 847 574 912 solvet.

311 941 449 1019 Si‚o*mm·”
511 948 595 1037 [31.]
619 947 953 1014 Animadvertendum
976 955 1098 1027 autem,
1121 946 1216 1032 quod,
1237 946 1265 1011 si
1287 965 1392 1030 aeger,
1414 967 1483 1011 non
1509 945 1565 1010 ob·

309 1027 452 1148 ffltffie,
463 1060 570 1117 tante
596 1051 777 1117 abundanti
803 1052 930 1116 cautela
959 1051 1105 1136 superius
1128 1051 1258 1129 tradita,
1277 1049 1490 1114 nihilominus
1515 1070 1566 1112 re·

309 1171 353 1218 Ψ
364 1155 450 1232 recidi-
463 1155 598 1219 cidivam
613 1156 765 1239 patiatur,
784 1155 927 1238 (quaein
943 1163 1102 1239 quartana
1122 1156 1192 1240 ipsa
1210 1156 1314 1220 rarius
1335 1155 1450 1220 accidit
1468 1176 1565 1238 quam

310 1226 450 1340 {dame
462 1259 498 1322 in
512 1259 661 1322 tertianis
675 1259 725 1322 vel
740 1259 961 1344 quotidianis)
978 1267 1089 1323 tamen
1104 1258 1272 1341 prudentis
1284 1257 1407 1320 Medici
1421 1256 1484 1320 erit
1498 1252 1566 1318 non

312 1363 386 1397 ’Μ
397 1364 439 1396 ⁰¹·
462 1362 600 1425 nimium
620 1362 828 1445 pertinaciter
846 1362 995 1426 insistere
1016 1360 1169 1426 methodo
1184 1359 1320 1424 Corticis
1340 1358 1499 1442 perdicto
1515 1357 1566 1420 iu·

311 1420 435 1461 auctorato

314 1477 405 1525 eunici
463 1464 596 1528 tervalla
610 1464 792 1543 exhibendi,
809 1465 865 1528 sed
879 1486 938 1548 pro
952 1485 1011 1528 suo
1025 1461 1149 1549 jndicio
1163 1464 1233 1527 aliis
1247 1463 1351 1526 modis
1366 1462 1566 1525 curationem

310 1549 442 1655 {fflm
464 1567 615 1651 aggredi3
634 1567 687 1632 cni
696 1587 771 1650 prae
783 1569 917 1632 caeteris
926 1570 1093 1632 Deeoctum
1101 1570 1253 1631 Amorum
1267 1567 1366 1654 (quod
1377 1568 1563 1652 appellant)

311 1683 393 1746 Aeger
400 1699 445 1733 neo
463 1692 660 1754 magnopere
675 1671 854 1736 conducere
868 1672 966 1755 vulgo
981 1672 1133 1736 creditur.

312 1749 445 1879 ξοῖῗέζξο
514 1775 596 1858 [32.]
624 1774 775 1838 Diaetam
793 1773 881 1860 quod
901 1782 1025 1858 spectat
1044 1781 1273 1860 caeterumque
1291 1773 1445 1857 regimen,
1463 1793 1525 1836 nec
1546 1794 1567 1836 a

312 1879 446 1992 mpur-
465 1877 538 1942 cibo
552 1897 613 1941 nee
635 1899 655 1942 a
675 1885 756 1961 potu
778 1877 935 1941 arcendus
957 1877 1017 1941 est'
1029 1899 1134 1961 aeger,
1149 1878 1254 1963 qualis
1269 1878 1373 1963 qualis
1389 1877 1417 1940 is
1435 1875 1565 1956 demum

313 2009 354 2067 cit,
370 2023 453 2056 arcen.
465 1984 564 2049 fuerit
581 1985 639 2070 qui
659 1983 700 2048 ad
722 1983 924 2048 stomachum
946 1983 1042 2060 facit;
1064 1983 1223 2048 fructibus
1244 1991 1356 2047 tamen
1375 1980 1509 2045 horariis
1531 1985 1567 2043 et

313 2073 433 2185 ffiffim
466 2086 645 2172 liquoribus
667 2085 790 2168 frigidis
811 2085 935 2168 (utpote
957 2093 991 2150 et
1012 2085 1225 2149 infirmandae
1246 2084 1412 2168 sanguinis
1432 2103 1565 2160 massae,

315 2202 449 2250 horsriiset
467 2196 501 2254 et
529 2188 612 2252 febri
641 2188 838 2272 postliminio
867 2188 1079 2266 reducendae,
1104 2187 1279 2252 admodum
1304 2185 1565 2267 conferentibus)

314 2266 451 2394 {ifflbm
468 2313 594 2376 semper
615 2292 764 2376 exceptis.
808 2293 969 2356 Veseatur
985 2291 1096 2377 itaque
1118 2291 1268 2355 carnibus
1290 2289 1435 2373 eupeptis
1457 2294 1490 2352 et
1512 2308 1568 2350 eu-

315 2396 430 2482 ⁸¹⁰⁰efi⁸⁴
468 2396 602 2480 chymis,
626 2403 659 2460 et
681 2397 756 2460 vino
777 2395 902 2459 modice
923 2402 1038 2460 utatur
1057 2415 1117 2479 pro
1138 2401 1218 2478 potu
1239 2379 1418 2466 ordinari03
1446 2411 1513 2476 qua
1533 2409 1570 2452 re

317 2472 459 2599 Suaprpqpiqset
471 2501 538 2564 ⁸01²
552 2521 664 2583 aegros
679 2521 916 2585 nonnunquam
936 2498 1075 2577 restitui,
1090 2499 1190 2562 etiam
1204 2518 1258 2561 eos
1272 2517 1412 2584 quorum
1426 2514 1569 2578 corpora,

315 2601 444 2724 xm?
469 2603 511 2669 ob
531 2603 746 2690 frequentem¹
764 2603 862 2668 febris
882 2624 1049 2668 recursum
1064 2602 1353 2670 contracerticem
1371 2598 1464 2686 quasi
1483 2619 1570 2662 com-

315 2731 422 2792 vinoque
471 2706 607 2785 munita,
623 2707 821 2771 salutiferam
836 2707 906 2790 ejus
920 2707 985 2771 vim
1001 2707 1159 2792 perpetim
1174 2704 1359 2769 eludebant.

315 2795 411 2910 ffi‘
512 2811 630 2897 Neque
652 2831 727 2875 vero
751 2833 783 2874 se
805 2817 927 2875 temere
951 2829 1047 2874 aurae
1070 2807 1227 2891 frigidiori
1250 2804 1452 2871 committere
1474 2801 1573 2867 debet

317 2939 386 2988 Aura
397 2939 440 2988 [ἢ.
469 2932 574 2996 aeger,
590 2912 692 2977 donec
707 2913 838 2996 sanguis
853 2913 1026 2996 pristinum
1041 2911 1184 2994 vigorem
1199 2909 1239 2973 de
1254 2930 1337 2973 novo
1350 2907 1540 2972 obtinuerit.

318 3077 396 3126 teturr

468 3115 727 3196 wrmittentibus
746 3117 824 3180 olim
851 3113 1266 3200 [chaeronensem]
1294 3135 1404 3196 agens,
1426 3134 1570 3196 aegrum,

470 3217 597 3281 sublato
612 3217 734 3295 morbo,
758 3218 870 3282 sedulo
884 3226 1060 3302 purgatum
1081 3219 1121 3282 iri
1138 3217 1371 3296 admonuerim,
1391 3217 1453 3281 hoc
1474 3217 1571 3281 intel-

469 3319 528 3402 ligi
542 3319 638 3383 velim
661 3318 701 3382 de
715 3319 755 3382 iis
777 3319 881 3384 solum
895 3321 1040 3386 febribus
1055 3343 1139 3408 quae
1158 3323 1209 3388 vel
1229 3328 1343 3405 sponte
1360 3341 1428 3400 sua,
1443 3321 1494 3385 vel
1509 3321 1572 3384 alio

470 3422 536 3486 sive
557 3421 794 3486 medicamento
821 3422 886 3486 sive
911 3425 1065 3488 methodo
1085 3431 1214 3508 praeter
1236 3425 1398 3488 Corticem
1420 3423 1571 3488 Peruvia-

316 3585 461 3628 uretomnes
470 3545 551 3587 num
567 3531 660 3588 erant
675 3523 862 3589 debellatae.
896 3527 1030 3591 Etenim
1044 3527 1178 3608 curatio,
1194 3548 1269 3592 cum
1283 3527 1360 3591 huic
1374 3527 1517 3591 remedio
1531 3527 1572 3590 dc

319 3646 538 3712 evacuatoque
553 3627 623 3711 jam
641 3627 757 3713 loquor
777 3628 947 3709 innitatur,
964 3631 1156 3714 purgatione
1177 3651 1238 3694 nec
1260 3636 1345 3712 eget,
1359 3651 1420 3694 nee
1435 3629 1572 3694 eandem

319 3723 362 3756 ¹¹⁰⁸
372 3728 378 3764 ³
389 3708 459 3757 blan·
472 3731 567 3814 plane
581 3731 654 3794 fert.
682 3731 736 3796 Ita
748 3739 900 3816 potenter
914 3733 1020 3798 dictus
1035 3734 1154 3799 Cortex
1165 3734 1236 3797 sine
1250 3755 1308 3817 ope
1322 3731 1571 3797 cathartioorum

318 3773 418 3821 dissime

319 3851 434 3948 3325?-
472 3855 540 3898 non
559 3834 663 3898 solum
677 3836 885 3921 paroxysmis,
901 3837 958 3901 sed
978 3843 1011 3901 ct
1029 3837 1208 3922 dyserasiae
1223 3858 1322 3923 quam
1337 3833 1459 3918 corpori
1473 3832 1572 3896 iidem

318 3965 357 4013 ver
369 3935 454 4014 ene'mu
471 3936 668 4016 inflixerunt,
693 3937 853 4004 subvenit.
898 3939 1061 4005 Vitandae
1082 3939 1194 4026 itaque
1212 3947 1289 4004 ante
1306 3938 1423 4004 ‘omnia
1440 3956 1571 4000 evacua·

319 4030 460 4154 {mm
471 4041 576 4106 tiones
591 4043 842 4129 qualescunque,
858 4064 934 4108 cum
951 4044 1002 4108 vel
1021 4044 1232 4108 blandissima
1245 4043 1410 4120 catharsis,
1426 4040 1573 4128 quinimo

319 4159 439 4236 recidivae
471 4166 587 4210 enema
601 4167 619 4210 e
634 4146 718 4212 lacte
729 4147 924 4227 saccharato,
936 4148 973 4211 in
987 4147 1092 4213 morbi
1107 4146 1280 4212 discrimen
1291 4144 1479 4222 certissime,
1491 4143 1575 4208 forte

320 4223 450 4350 ffssffiffifn
470 4251 506 4314 in
521 4249 671 4314 morbum
681 4251 799 4336 ipsum,
815 4251 923 4315 denuo
938 4271 1073 4334 aegrum
1087 4249 1247 4334 conjiciet.
1573 4260 1576 4268 '

397 4380 409 4410 a
520 4351 616 4438 [34.]ι
641 4353 706 4418 Hic
732 4359 843 4418 autem
865 4373 1116 4423 commemorare
1137 4353 1228 4431 libet,
1251 4349 1339 4437 quod
1368 4347 1430 4413 sub
1455 4348 1576 4433 primos

320 4428 441 4542 2525*
470 4453 568 4538 hujus
584 4454 833 4522 constitutionis
848 4477 950 4521 annos
962 4463 1144 4543 symptoma
1157 4455 1322 4544 quoddam
1335 4453 1465 4537 insigne
1478 4452 1576 4517 febri-

506 4627 512 4660 ¹
528 4627 747 4695 obstupe—clud]
754 4630 874 4695 frequenti
879 4631 957 4694 febris
965 4651 1003 4682 re·
1080 4636 1092 4670 ¹
1104 4631 1300 4696 lfa-meamet]
1313 4647 1362 4681 om.
1373 4631 1410 4679 ed.
1422 4633 1470 4679 'so

473 4711 541 4742 curru
548 4695 833 4757 communitosolutiserom
842 4699 897 4746 aliis
905 4701 1004 4748 corticis
1081 4696 1087 4728 ¹
1103 4699 1202 4748 Desunt
1212 4701 1238 4758 §5
1251 4699 1347 4746 84-86
1359 4697 1385 4744 in
1397 4697 1434 4745 ed.
1446 4698 1494 4747 ’80.

474 4763 518 4806 vim
529 4761 651 4808 eludebant
662 4761 699 4807 ed.
712 4763 760 4809 ’80.

316 3005 395 3068 gidin
406 3005 442 3053 vi-
518 3014 601 3098 [33.]
624 3012 707 3078 Hie*
722 3022 832 3080 autem
847 3015 1090 3092 advertendum,
1103 3013 1201 3100 quod,
1217 3034 1291 3076 cum
1307 3011 1347 3074 de
1361 3010 1505 3074 febribus
1519 3009 1569 3072 in·
1691 3011 1694 3017 ’
