3825 5759
507 630 572 693 528
633 628 737 692 ΤΗΟ.
760 624 1021 693 SYDENHAM
1046 626 1392 693 8οΗΕ1).ΜΟΝΙΤ.
1416 630 1484 694 111.

352 807 488 856 niumm
505 810 618 874 equae,
634 788 690 854 sed
711 788 822 867 etiem,
836 787 879 853 ob
894 789 963 873 jam
985 788 1086 853 dictos
1105 788 1256 868 rationes,
1271 810 1341 855 non
1360 790 1431 854 sine
1447 796 1615 875 praesenti

364 872 480 986 ᾗζῗὲζ
505 892 647 977 periculo
673 898 852 956 sumentur.
908 891 1026 974 Neque
1051 890 1160 954 minus
1186 891 1270 955 mule
1292 893 1486 977 quandoque
1510 897 1613 978 poda·

352 1002 489 1091 Μ
506 994 601 1079 griois
623 992 708 1058 oedit
730 1014 885 1077 aquarum
910 993 1117 1057 minerslium
1139 1014 1227 1071 usus,
1241 994 1339 1059 modo
1361 1015 1455 1059 senes
1476 996 1612 1076 fuerint,

352 1092 476 1141 minerali-
509 1098 558 1179 (ut
572 1102 650 1161 sunt
670 1096 881 1179 plerumque)
900 1102 933 1159 et
954 1095 1075 1178 pariter
1092 1096 1233 1177 eorporis
1253 1095 1370 1159 habitu
1390 1096 1612 1181 phlegmatieo

352 1172 747 1297 iddidffoeimbeeffloqum
782 1198 818 1261 in
843 1197 894 1263 his
923 1197 1012 1261 enim
1039 1218 1276 1281 nonnunquam
1297 1198 1445 1263 Netinos
1465 1201 1548 1264 vires
1570 1223 1612 1266 eo

352 1286 489 1399 mm*
506 1322 608 1385 usque
623 1308 700 1366 sunt
714 1300 905 1365 imminutae
920 1320 957 1364 ae
972 1299 1123 1377 succisso,
1140 1306 1177 1363 ut
1191 1300 1325 1365 omnino
1337 1302 1552 1367 metuendum
1566 1305 1612 1367 sit

505 1424 549 1469 ne
570 1410 663 1468 tants
684 1403 774 1487 eopia
795 1422 952 1485 uquarum
973 1403 1104 1485 penitus
1125 1401 1305 1467 obruuntur
1324 1424 1362 1467 so
1382 1405 1609 1471 suoeumbnnt.

506 1506 581 1571 Sive
610 1527 684 1570 vero
711 1505 773 1569 hoc
806 1505 843 1569 iu
871 1526 969 1569 eausa
1000 1504 1043 1567 sit
1075 1524 1179 1567 noxae
1207 1526 1305 1587 quum
1334 1505 1449 1570 exinde
1475 1508 1611 1591 capiunt

504 1608 653 1673 homines
671 1607 729 1672 tali
746 1607 861 1672 habitu
883 1628 920 1671 ao
939 1612 1195 1689 temmrumento
1209 1606 1357 1689 praediti,
1373 1608 1437 1671 sive
1456 1630 1525 1674 non
1546 1611 1609 1688 sit;

505 1710 588 1775 illud
600 1710 681 1775 mihi
695 1710 985 1793 compertissimum
999 1716 1058 1787 est,
1073 1709 1163 1772 houd
1180 1729 1308 1791 psuom,
1323 1730 1461 1791 quorum
1474 1732 1612 1795 oorporn

507 1812 569 1877 hoo
588 1812 701 1877 morbo
716 1813 818 1876 fructu
839 1812 1014 1876 admodum
1036 1818 1069 1874 et
1092 1810 1183 1893 qussi
1205 1810 1353 1875 oonfeets
1365 1812 1505 1891 fluerunt,
1519 1813 1611 1879 hisee

505 1914 599 1998 equis
613 1915 823 1998 interemptos
838 1914 923 1978 diem
938 1934 1033 1977 suum
1047 1912 1172 1977 obiisse.

557 2016 640 2101 [lu]
667 2016 777 2100 Atque
801 2016 881 2079 haee
907 2036 1017 2079 eorum
1043 2016 1110 2078 fere
1133 2036 1261 2078 summa
1285 2022 1344 2094 est,
1367 2036 1450 2099 quae
1469 2016 1553 2081 mihi
1574 2018 1613 2083 in

508 2117 694 2181 morborum
709 2118 873 2183 curatione
887 2118 1044 2182 haetenus
1058 2117 1277 2196 innotescunt,
1292 2117 1334 2181 ad
1348 2118 1433 2181 diem
1448 2140 1514 2202 quo
1527 2119 1614 2185 haec

509 2218 622 2296 scribo,
654 2219 851 2302 Septembris
888 2220 1008 2285 scilicet
1044 2220 1230 2284 vicesimum
1266 2227 1300 2285 et
1335 2242 1469 2302 nonum,
1508 2223 1614 2289 Anno

510 2321 643 2387 Domini
659 2322 753 2387 1686.
