3825 5759
548 628 612 694 168
856 629 1052 696 ΤΗΟΜΑΕ
1076 629 1334 696 SYDENHAM

404 791 523 843 nrsrnr.
537 782 714 867 ¹sanguinis
739 804 796 866 per
818 805 948 848 omnem
973 783 1078 848 morbi
1100 783 1271 847 decursum
1296 782 1411 846 iisdem
1432 780 1647 858 admiscetur3

393 857 532 972 ἦῗξξῗῗῗ
546 907 610 968 quo
636 907 703 949 non
729 885 889 964 obstante,
916 886 1024 968 (modo
1044 886 1229 968 frequentes
1255 885 1321 949 rint
1344 885 1549 969 dejectiones,
1571 905 1648 947 cum

393 985 526 998 ..-
545 989 666 1052 ventris
687 987 881 1052 torminibus
900 995 933 1052 et
953 988 1089 1052 colluvie
1107 988 1260 1070 mucosa)
1281 988 1413 1052 morbus
1431 986 1521 1050 baud
1538 986 1647 1049 minus

544 1097 631 1154 reete
654 1091 844 1172 Dysmteria
865 1090 1043 1168 vocabitur,
1067 1112 1164 1173 quam
1191 1090 1218 1153 si
1241 1112 1308 1153 una
1332 1097 1480 1154 manaret
1502 1088 1645 1171 sanguis.

393 1199 523 1250 casino·
546 1191 679 1257 Interea
698 1193 852 1276 temporis
871 1214 976 1276 aeger,
992 1193 1020 1256 si
1036 1193 1087 1256 vel
1104 1199 1210 1256 aetate
1224 1193 1347 1271 floreat,
1362 1194 1413 1257 vel
1427 1192 1647 1256 cardiacorum

390 1273 525 1392 3335*
545 1295 799 1378 opeincalescat,
811 1295 988 1373 sacristae
1003 1295 1441 1379 linguosubalbidaquadam
1450 1295 1646 1377 musanus

391 1392 512 1504 palpasse
545 1396 644 1462 dense
673 1397 787 1476 obsita,
811 1405 854 1475 et,
878 1397 905 1461 si
930 1397 1153 1461 vehementius
1181 1397 1280 1461 tuerit
1305 1397 1529 1474 excalefactus,
1551 1397 1646 1479 nigra

391 1473 522 1570 babbin-
545 1499 644 1562 etiam
673 1505 770 1582 atque
799 1500 891 1563 sicca.
941 1499 1198 1563 Prosternuntur
1230 1499 1405 1562 admodum
1433 1499 1526 1576 vires,
1553 1497 1645 1562 dissi·

390 1587 524 1637 ⁰⁰⁰¹¹¹¹⁰d²
543 1587 664 1685 pantur
684 1601 824 1684 spiritus,
840 1603 968 1666 nullum
987 1624 1055 1666 non
1075 1602 1166 1665 adest
1184 1601 1282 1665 febris
1299 1602 1384 1665 male
1402 1608 1546 1665 moratae
1560 1600 1643 1663 indi·

543 1704 640 1768 cium.
684 1704 762 1768 Non
792 1704 917 1768 dolores
947 1711 1078 1768 tantum
1108 1725 1251 1767 summos
1279 1710 1378 1787 atque
1406 1702 1643 1786 aegritudinem

543 1803 648 1869 adfert
662 1806 724 1870 hoo
743 1807 874 1884 malum,
892 1806 957 1884 red,
974 1806 1037 1869 nisi
1057 1807 1161 1891 perite
1179 1813 1347 1884 tractetur,
1363 1806 1479 1888 ingens
1494 1805 1593 1868 etiam
1607 1803 1643 1867 in

542 1908 628 1971 vitae
643 1907 813 1972 discrimen
829 1929 962 1992 aegrum
977 1907 1125 1994 perducit
1133 1933 1143 1987 3
1170 1929 1246 1989 eum
1260 1907 1348 1972 enim
1363 1909 1432 1991 jam
1450 1907 1642 1970 imminutae

543 2010 657 2072 caloris
671 2009 777 2073 vitalis
789 2031 826 2074 ac
841 2011 1014 2093 spirituum
1025 2011 1135 2094 copiae
1150 2010 1300 2075 acrebris
1311 2010 1400 2074 hisee
1411 2009 1643 2093 dejectionibus

544 2118 621 2174 ante
641 2111 872 2176 exhauriantur
892 2134 989 2196 quam
1011 2134 1147 2196 peccans
1168 2113 1304 2176 materia
1322 2112 1425 2195 possit
1446 2115 1465 2176 e
1485 2111 1644 2194 sanguine

544 2212 717 2292 exturbari,
733 2235 890 2278 manuum
906 2236 943 2280 ao
957 2215 1077 2299 pedum
1094 2215 1214 2299 frigore
1232 2214 1488 2298 superveniente,
1504 2221 1644 2310 amorte

543 2315 786 2399 periclitabitur,
803 2317 901 2380 etiam
920 2318 1010 2381 intra
1029 2318 1216 2382 morborum
1236 2324 1406 2382 acutorum
1422 2316 1570 2401 periodos
1587 2338 1644 2399 op·

543 2417 701 2500 petenda;
725 2417 811 2500 quod
831 2418 858 2481 si
875 2419 1053 2484 intentatas
1074 2421 1249 2484 Parcarum
1270 2441 1387 2483 manns
1406 2420 1468 2483 bac
1487 2418 1556 2482 viee
1575 2419 1644 2482 eln-

544 2519 631 2596 serit,
646 2518 740 2603 plura
760 2527 871 2584 tamen
892 2520 1008 2585 diversi
1029 2523 1156 2604 generis
1178 2529 1395 2607 symptomata
1415 2523 1570 2585 miserum
1589 2542 1643 2584 ex-

542 2628 686 2704 pectant.
730 2621 833 2686 Verbi
855 2623 969 2706 gratia,
989 2646 1224 2708 nonnunquam
1241 2645 1409 2708 progresso
1430 2623 1553 2702 morbo,
1573 2623 1645 2687 loco

542 2724 782 2788 filamentornm
802 2725 1054 2808 sanguineorum
1075 2747 1158 2810 quae
1171 2726 1285 2790 eodem
1302 2727 1478 2809 incipiente
1492 2726 1643 2810 dejectio·

542 2825 639 2890 nibus
662 2826 816 2910 permista
833 2828 975 2912 conspici
995 2829 1151 2907 solebant,
1167 2829 1298 2911 sangnis
1320 2829 1472 2908 sincerus,
1487 2850 1530 2892 ne
1547 2849 1644 2892 muoo

543 2929 674 3014 quidem
702 2929 900 3010 intermixto,
930 2931 1061 3012 largiori
1091 2931 1273 3015 quantitate
1302 2931 1439 3012 singulis
1473 2930 1644 2996 conatibus

543 3032 705 3116 egeritur,
738 3032 833 3116 quod,
854 3053 929 3097 eum
952 3031 1141 3097 corrosionis
1166 3035 1325 3117 majorum
1351 3033 1473 3116 aliquot
1494 3053 1645 3097 rasorum
1763 3110 1764 3125 χ

544 3155 626 3218 quae
646 3133 803 3198 intestina
823 3142 1011 3218 perreptant
1033 3143 1263 3218 argumentum
1284 3135 1336 3213 sit,
1355 3156 1452 3217 aegro
1473 3134 1645 3198 interitum

391 3247 511 3360 lampas
544 3235 698 3299 minatur.
728 3235 977 3319 Nonnunquam
986 3237 1085 3300 etiam
1094 3236 1405 3320 intestinaamagno
1416 3236 1471 3300 illo
1482 3236 1643 3314 incendio,

389 3329 454 3377 quan
472 3325 534 3374 oque
709 3336 717 3350 ·
775 3337 782 3351 ·
925 3338 932 3352 ·
1046 3337 1053 3351 ·
1307 3339 1315 3353 ·

385 3336 1646 3525 emttttlttilttffilttttttttttttpltt

392 3547 508 3611 Aphthao
546 3539 686 3622 insuper,
703 3549 841 3606 exeunte
860 3542 983 3620 morbo,
998 3542 1062 3606 oris
1077 3543 1206 3606 interna
1224 3543 1395 3625 faucesque
1415 3563 1646 3626 saepenumero

390 3617 522 3723 ἓξὲξ.
545 3639 712 3719 οιιιιεηι,
735 3643 892 3726 imprimis
917 3644 976 3708 aas
1001 3665 1116 3727 eorpus
1141 3643 1199 3706 aa
1222 3641 1320 3707 fuerit
1346 3643 1586 3719 excusatum,
1611 3651 1647 3707 et

392 3745 481 3850 “lmffst
544 3743 698 3807 materiae
726 3746 888 3827 peccantis
917 3746 1083 3810 evacuatio
1111 3744 1355 3809 medicamentis
1389 3744 1646 3828 astringentibus
1690 3825 1693 3828 g

392 3817 526 3913 iebiiiiiifn
545 3846 709 3930 impedita,
735 3870 802 3912 non
831 3858 942 3914 exacto
971 3848 1061 3934 prius
1089 3870 1149 3935 per
1177 3847 1354 3913 cathartica
1378 3848 1483 3912 morbi
1511 3849 1644 3914 fomite}

390 3936 441 3978 ¹¹¹¹·
546 3954 643 4031 atque
656 3949 718 4012 bae
733 3951 862 4033 quidem
877 3961 1016 4016 mortem
1030 3952 1256 4016 imminentem
1269 3951 1498 4034 utplurimum
1518 3951 1645 4016 denun-

543 4051 641 4116 ciant.
692 4052 752 4136 [4.]
781 4053 878 4119 Quod
889 4054 915 4117 si
930 4053 1095 4138 praedicta
1105 4059 1321 4137 symptomata
1331 4052 1527 4135 superaverit
1537 4073 1646 4136 aeger,

544 4158 578 4216 et
606 4152 739 4218 morbus
767 4153 803 4217 in
831 4147 967 4236 longum
995 4154 1154 4232 trahatur,
1180 4155 1313 4218 tandem
1346 4154 1503 4219 intestina
1531 4155 1647 4219 ordine

544 4274 690 4338 quaeque
706 4276 764 4318 suo
781 4255 931 4319 deorsum
948 4277 1058 4320 versus
1077 4255 1160 4320 affici
1175 4255 1335 4334 videntur,
1352 4255 1455 4320 donec
1468 4257 1504 4320 in
1518 4265 1647 4321 rectum

544 4356 737 4420 intestinum
747 4358 871 4421 malum
885 4379 982 4422 omne
993 4358 1193 4437 detrudatur,
1204 4366 1238 4422 et
1253 4359 1287 4422 in
1302 4365 1485 4423 tenesmum
1500 4359 1649 4439 desinat3

545 4477 609 4540 quo
620 4459 715 4536 facto,
725 4459 822 4543 longe
838 4479 928 4523 secus
944 4465 1041 4542 atque
1051 4458 1088 4522 in
1096 4459 1308 4543 Dysenteriis,
1320 4460 1515 4544 dejectiones
1525 4468 1647 4526 sterco-

544 4577 636 4621 rosae
656 4559 972 4624 vehementissimum
991 4560 1155 4624 intestinis
1174 4561 1317 4625 dolorem
1331 4561 1486 4641 inferunt,
1504 4563 1565 4625 alvi
1586 4564 1649 4627 sci·

544 4657 621 4722 licet
642 4659 784 4730 faecibus
801 4663 963 4727 teneriora
982 4663 1089 4727 adhuc
1106 4663 1261 4727 intestina
1279 4663 1365 4727 inter
1384 4665 1650 4742 descendendum

545 4759 752 4841 radentibus3
784 4783 858 4828 eum
885 4764 1080 4848 dejectiones
1104 4786 1254 4830 mucosae
1283 4787 1321 4830 eo
1346 4773 1476 4831 tantum
1500 4775 1650 4852 tempore
