3825 5759
425 642 830 711 OBSERVATIONUM
845 642 1131 708 MEDIOARUM
1157 648 1215 703 111.
1233 653 1259 701 2.
1337 643 1400 707 lte

201 837 204 841 ·
291 807 378 871 tium
404 827 441 869 ac
466 804 710 869 discutientium
739 804 859 887 (quales
880 806 966 867 'sunt
992 805 1123 882 malvae,
1145 803 1222 867 folia
1245 801 1398 881 verbasci,
1411 818 1553 868 Virronis

292 908 448 985 moun,
463 908 555 986 uun,
571 929 647 971 sum
661 896 792 971 noeais
807 898 1029 971 enimomnes
1044 915 1077 969 et
1091 906 1248 988 menon)
1265 907 1301 969 in
1315 906 1398 971 uste
1411 882 1551 996 ξξζξζςξ

292 1017 458 1073 coctarum
472 1009 564 1073 facile
578 1009 722 1092 fugatim.
762 1010 872 1091 Atque
887 1010 967 1072 haec
981 1009 1022 1072 de
1036 1008 1171 1073 hutoria
1184 1018 1217 1073 et
1232 1011 1398 1074 curatione
1409 1013 1551 1092 Q

293 1113 509 1191 Variolarum,
525 1134 607 1196 quae
621 1133 680 1197 per
695 1111 775 1175 duos
789 1112 885 1176 hosce
905 1134 1008 1176 annos
1028 1120 1190 1195 grassatae
1205 1120 1292 1191 sunt,
1309 1136 1397 1197 quas,

292 1224 332 1281 ut
347 1216 388 1280 ab
410 1217 480 1280 aliis
500 1215 666 1299 speciebus
685 1237 766 1299 quae
785 1216 949 1281 insecutae
973 1224 1049 1280 sunt
1069 1216 1228 1295 dirimam,
1245 1218 1399 1299 legitimos

293 1318 454 1403 appellare
468 1318 573 1382 libuit.

359 1492 434 1554 Quae
444 1502 585 1563 aquantur
596 1512 625 1546 ea
637 1502 699 1546 aunt
711 1492 741 1545 de
753 1492 847 1563 quidm
859 1494 918 1546 dixi
930 1511 987 1563 sup.
998 1511 1042 1564 pp.
1058 1497 1118 1557 120,
1132 1497 1192 1557 13⁵,
1207 1496 1265 1558 139,
1280 1498 1337 1547 141.

453 1603 506 1653 Ine.
525 1605 588 1653 Sect.
606 1604 639 1653 iv.
655 1604 681 1653 in
698 1604 750 1654 edd
767 1603 805 1653 '66
824 1604 860 1669 (p.
877 1604 953 1664 iun),
967 1605 1006 1652 ’68
1021 1604 1055 1667 (p.
1070 1603 1145 1665 lit),
1158 1604 1242 1651 sic:-

328 1701 822 1763 “Quaudoquideminmorepoaitumest,
867 1716 919 1749 sam
937 1702 963 1749 in
980 1700 1115 1763 malignam
1133 1700 1248 1763 aliquam,
1265 1708 1339 1762 atque
1355 1717 1397 1749 ve·

293 1774 321 1814 ut
335 1768 377 1829 qui
388 1766 418 1813 de
430 1766 548 1813 Febribus
559 1766 701 1822 disseruere,
713 1766 822 1814 Variolas
867 1775 981 1813 nenatam
1001 1765 1127 1820 maurium
1143 1765 1169 1811 in
1186 1765 1312 1827 sanguinis
1333 1766 1398 1814 mole

294 1832 376 1887 etiam,
386 1837 411 1878 et
418 1829 546 1878 Morbilloa
554 1830 682 1893 attingant,
688 1830 823 1891 egoiisdem
866 1830 1039 1893 hospitantem,
1047 1835 1120 1891 atque
1129 1829 1159 1875 ab
1167 1830 1252 1876 eadem
1261 1829 1397 1891 expulsam,

294 1910 392 1957 quoque
408 1894 517 1957 vestigiis
534 1894 695 1941 insistendum
714 1895 822 1953 arbitror,
867 1894 987 1956 rejiciunt
1022 1894 1110 1956 Neque
1123 1893 1188 1941 enim
1203 1893 1273 1940 video
1289 1894 1331 1955 qui
1347 1894 1397 1953 fiat,

294 1960 336 2007 aed
348 1965 480 2021 utrumque
491 1959 605 2006 morbum
616 1958 662 2006 sub
671 1958 823 2007 Variolarum
867 1966 902 2015 ut,
921 1964 1045 2006 momento
1062 1958 1134 2021 quasi
1154 1957 1277 2020 temporis,
1297 1960 1398 2019 sanguia

294 2024 373 2086 capite
400 2022 560 2086 complectar;
584 2022 673 2085 partim
699 2022 823 2071 brevitatis
867 2022 1064 2085 alicujus,quem
1075 2022 1396 2084 moxistacontagieaii'ec-

294 2103 377 2143 causa
386 2088 476 2149 partim
485 2088 598 2150 quoniam
610 2094 712 2148 uterque
721 2087 822 2135 eandem
865 2092 920 2135 tum
932 2102 1104 2150 apponemus,
1111 2093 1178 2134 tanto
1189 2086 1319 2149 purulento
1329 2086 1398 2136 illius

294 2152 427 2199 curationis
438 2151 581 2199 methodum
590 2150 636 2198 sibi
648 2150 775 2199 vendicare
786 2153 823 2199 vi·
866 2152 981 2199 materiae
992 2159 1109 2215 apparatu
1120 2151 1253 2198 instructus
1267 2151 1306 2207 ait,
1318 2166 1397 2213 quau·

293 2216 370 2274 detur,
378 2224 594 2277 quantumcunque
601 2215 730 2262 discrimen
739 2231 770 2263 ex
778 2231 821 2263 na·
866 2222 906 2262 tus
920 2217 945 2263 in
959 2216 1006 2263 hoc
1018 2216 1102 2263 morbo
1116 2215 1255 2264 secernitur.
1291 2216 1335 2263 Uti
1349 2232 1395 2266 neo

293 2286 350 2327 tura
362 2296 406 2327 sua
421 2280 572 2343 propriisque
583 2279 716 2327 rationibus
732 2280 820 2327 admit·
865 2278 929 2327 illud
942 2287 1025 2328 mente
1039 2295 1161 2342 assequor,
1176 2280 1296 2342 siquidem
1311 2289 1394 2329 conta·

294 2350 355 2402 taut,
369 2345 398 2391 de
415 2360 464 2407 quo
480 2345 533 2407 jam
549 2359 597 2391 non
616 2344 675 2391 libet
692 2344 823 2406 quicquam
866 2343 1071 2406 giumamaligua
1077 2345 1158 2407 aliqua
1164 2360 1238 2391 causa
1245 2354 1395 2407 suggeratur,

295 2408 425 2471 disputare.
866 2408 1113 2470 quamobremia‚qui
1122 2408 1395 2472 illoafficitur,atquee

328 2472 476 2520 “Existimo
491 2472 573 2534 itaque
582 2470 694 2519 Variolas
708 2473 822 2521 morbum
867 2474 951 2520 morbo
965 2488 1009 2520 suo
1023 2472 1154 2528 convaluit,
1166 2472 1322 2535 postmodam
1337 2475 1395 2523 novi

294 2551 347 2585 ease
369 2537 481 2599 sanguini
503 2536 711 2599 superinductum,
731 2552 822 2585 novum
866 2537 973 2600 conugii
984 2552 1032 2584 non
1044 2544 1094 2583 tam
1105 2552 1182 2599 capax
1193 2536 1231 2594 sit,
1241 2544 1314 2598 atque
1324 2544 1396 2586 antea

296 2602 418 2663 quendam
429 2608 519 2648 statum
531 2600 600 2663 quasi
613 2599 740 2647 affectanti.
775 2601 823 2650 Est
865 2601 951 2657 iuerat,
964 2617 994 2649 ex
1009 2604 1174 2649 Variolctoram
1191 2600 1232 2661 (ut
1246 2601 1280 2648 sic
1292 2601 1394 2663 dicam)

295 2666 360 2713 enini
373 2663 820 2727 sanguiahumanusluxuriantiscu-
865 2666 986 2713 convictu.
1025 2666 1097 2712 Certe
1122 2665 1149 2712 in
1170 2664 1224 2712 aliis
1250 2665 1343 2712 morbis
1363 2681 1394 2713 ex

291 2730 392 2790 jusdam
411 2745 439 2776 ac
459 2728 599 2792 praedivitis
615 2735 715 2776 naturae
734 2730 822 2792 liquor,
866 2730 975 2791 maligna
987 2730 1071 2791 aliqua
1081 2744 1155 2776 cauca
1167 2728 1358 2791 dependentibus
1368 2729 1394 2777 id

296 2794 435 2855 multosque
446 2794 471 2840 iu
483 2808 509 2841 se
520 2807 606 2840 succos
617 2792 743 2854 opulentos
755 2809 820 2841 com·
867 2794 974 2855 quotidie
985 2794 1120 2849 cernimus3
1138 2794 1181 2855 qui
1194 2794 1329 2840 enimcum
1341 2793 1393 2841 foe-

294 2857 416 2920 plectitur,
427 2857 535 2919 adeoque
545 2872 588 2920 per
599 2862 677 2903 totum
689 2858 753 2905 vitae
767 2874 821 2906 cur·
866 2858 934 2904 mina
948 2874 1000 2905 rem
1014 2857 1127 2905 habuerit
1141 2857 1182 2905 lue
1197 2872 1298 2905 venerea
1312 2857 1394 2919 inqui-

296 2921 401 2970 rienlum
410 2922 436 2969 in
445 2922 528 2969 eodem
535 2921 824 2984 staturarissimepersis·
866 2930 930 2979 nata,
938 2938 987 2970 nou
998 2922 1088 2978 minus,
1095 2922 1168 2969 etiam
1179 2929 1308 2983 postquam
1320 2922 1395 2970 semel

295 2986 338 3041 tit3
355 3001 441 3033 verum
454 2986 562 3048 deponito
571 2986 698 3047 (tanquam
707 2987 822 3050 exuviis,)
867 2994 939 3048 atque
947 2986 1037 3033 iterum
1047 3002 1077 3033 ex
1088 2986 1135 3033 isto
1146 2986 1230 3033 morbo
1238 2986 1396 3044 convaluerit,

295 3050 376 3097 aauvo
384 3050 463 3112 genio,
473 3056 545 3113 atque
555 3056 680 3104 contextu.
690 3051 764 3098 semel
773 3052 821 3099 sal·
866 3049 892 3097 in
906 3051 1011 3097 eundem
1024 3050 1138 3113 proclivis
1153 3056 1197 3107 est,
1208 3065 1283 3111 quam
1296 3049 1316 3096 ai
1330 3065 1394 3098 nun·

295 3120 344 3163 tem
356 3114 449 3171 invita,
458 3115 579 3176 insignem
589 3113 695 3175 aliquam
707 3116 822 3163 mutatio·
867 3129 941 3175 quam
966 3115 1085 3162 hactenus
1109 3128 1138 3161 eo
1164 3114 1276 3161 detentus
1301 3113 1394 3165 suisset.

295 3193 351 3226 nem
368 3178 449 3225 subire
464 3186 536 3241 aptus
548 3184 620 3225 uatus
632 3185 823 3241 estuovamquc
868 3176 955 3240 Neque
974 3194 1030 3227 vero
1051 3178 1140 3235 nescio,
1157 3178 1200 3239 qui
1219 3177 1331 3225 Variolas
1348 3178 1394 3226 ali-

296 3242 336 3303 (ut
348 3242 382 3289 sic
393 3242 498 3304 laquea)
504 3240 604 3303 smmum
612 3242 717 3290 induere.
740 3242 824 3305 Atque
867 3244 965 3305 quando
973 3243 1038 3305 passi
1047 3251 1111 3299 sunt,
1118 3257 1295 3303 nonnunquam
1306 3242 1331 3289 iu
1341 3258 1394 3291 eas-

295 3306 355 3354 baec
366 3306 428 3354 mihi
438 3306 468 3353 de
478 3306 517 3353 bis
525 3307 596 3354 rebus
607 3322 677 3368 saepe
688 3306 823 3367 meditanti,
868 3308 922 3354 dem
938 3308 1018 3356 denuo
1030 3307 1137 3371 prolabi;
1160 3306 1202 3354 sed
1216 3321 1304 3369 nempe
1316 3308 1395 3355 rarius

295 3384 344 3417 non
354 3371 468 3419 inidonea
478 3370 539 3419 ratio
549 3371 602 3418 risa
613 3376 658 3427 est,
670 3386 715 3419 cur
724 3371 823 3420 illorum
866 3370 913 3419 hoc
928 3372 1055 3434 contingit,
1067 3386 1141 3433 quam
1157 3378 1184 3419 ut
1198 3386 1285 3418 causae
1299 3378 1396 3421 nostrae

295 3434 404 3497 angus,
418 3434 578 3497 qainondam
589 3435 652 3483 hanc
664 3435 824 3485 mutationem
868 3435 1000 3499 quicquam
1023 3434 1172 3484 incommodi
1198 3435 1281 3482 afferre
1303 3436 1393 3498 possit3

353 3514 383 3545 us
397 3506 442 3555 eat,
454 3500 554 3547 eandem
573 3506 623 3546 tam
638 3500 709 3546 facile
723 3501 822 3548 subeat:
866 3499 1001 3547 universim
1023 3500 1088 3547 euim
1110 3500 1238 3561 loquendo,
1253 3498 1297 3561 qui
1319 3501 1395 3549 semel

295 3514 419 3611 maimo
434 3564 499 3611 enim
514 3563 623 3625 impulsu
638 3563 698 3611 illuc
714 3564 823 3623 inclinat,
867 3562 973 3611 Variolis
988 3564 1118 3611 defunctus
1133 3570 1176 3619 est,
1189 3563 1218 3610 de
1234 3564 1396 3613 inscrutatus

296 3627 334 3674 rel
353 3642 384 3675 ex
402 3626 461 3690 ipsis
480 3626 583 3675 effluviis
600 3642 630 3675 ex
647 3631 823 3690 aegrotantium
867 3628 898 3675 ab
906 3643 989 3676 earnm
1001 3629 1102 3675 incursu
1110 3635 1241 3691 reputatur.
1276 3626 1396 3677 Materiae

296 3692 414 3752 sanguine
440 3691 602 3747 transmissis;
627 3707 676 3740 non
703 3708 773 3741 secus
795 3709 823 3741 ac
867 3692 1396 3756 autemexcretaeimpuritasfoeditasquein

295 3770 376 3817 poma,
389 3756 824 3819 quaeipsamaturasuntetiamea
867 3756 913 3803 hoo
924 3758 1016 3814 morbo,
1028 3757 1168 3819 praesertim
1182 3756 1277 3819 quando
1288 3763 1337 3804 tem
1370 3774 1393 3805 s-

296 3834 358 3881 quae
373 3820 400 3866 in
414 3819 504 3867 vicinia
516 3820 671 3882 reperiuntur
683 3820 708 3869 in
722 3822 824 3870 eandem
867 3826 916 3867 tate
925 3821 1061 3869 autumnali
1072 3821 1195 3878 invaserit,
1205 3821 1308 3883 spectari
1316 3836 1343 3868 so
1354 3822 1394 3881 ta,

296 3884 458 3931 conditionem
476 3884 607 3959 perducem
623 3884 707 3932 solent
741 3885 824 3948 Atque
867 3900 916 3932 non
927 3886 1006 3948 inagis
1020 3884 1154 3947 malignam
1169 3892 1241 3947 atque
1252 3892 1395 3934 venenatam

296 3947 360 3995 idem
372 3948 398 3995 in
411 3948 496 3995 mulus
509 3948 564 3995 aliis
576 3950 715 4011 corporibus
728 3964 824 3998 cernere
867 3948 933 3996 illius
943 3957 1055 3997 naturam
1067 3950 1194 4011 significat,
1204 3964 1277 4011 quam
1286 3949 1395 4010 ejusdem

296 4018 340 4068 eat,
353 4028 416 4075 quae
431 4012 469 4059 vel
483 4013 576 4074 Juuctis
592 4013 771 4075 superficiebus,
784 4014 823 4063 vel
867 4014 1004 4077 contagiem
1015 4014 1040 4061 id
1051 4014 1199 4076 significasse
1207 4014 1260 4073 jam
1270 4012 1394 4063 diximus:

295 4074 391 4136 influxu
402 4076 507 4139 quodam
517 4092 530 4123 e
541 4076 708 4139 longinquare
718 4078 823 4127 invicem
868 4080 968 4141 sanguia
984 4078 1048 4125 enim
1065 4084 1148 4140 coepta
1164 4077 1210 4123 bac
1225 4076 1396 4125 immutatione

296 4140 418 4204 afficiunn
434 4146 458 4188 et
468 4140 526 4188 licet
534 4140 646 4203 pleraque
657 4140 755 4189 illorum
767 4158 822 4191 san·
867 4142 1048 4190 renovationem
1066 4143 1106 4189 aui
1122 4140 1233 4193 moliens,
1248 4154 1279 4186 ex
1298 4142 1396 4202 propria

331 4204 385 4251 inea
399 4220 481 4252 masaa
495 4204 568 4267 (quae
580 4206 683 4253 tenerior
698 4212 742 4263 est,
752 4214 823 4268 atque
867 4221 948 4255 massa
958 4205 1088 4269 particulas
1099 4203 1217 4266 ejusmodi
1231 4202 1322 4264 selegit,
1334 4219 1396 4265 quae

296 4214 480 4389 ξμηάβολοςὰ
498 4268 577 4316 multo
595 4270 677 4317 minus
695 4270 726 4317 ad
741 4278 822 4318 niuta-
867 4270 964 4318 tametsi
993 4284 1049 4317 cum
1075 4275 1125 4315 tota
1148 4266 1212 4313 mole
1238 4266 1396 4327 aequabiliter

315 4348 386 4381 ouem
395 4348 472 4395 prona
478 4332 612 4391 videantur,
620 4334 735 4395 utrinque
742 4340 823 4383 tamen
868 4335 1018 4390 commistae,
1034 4332 1092 4379 satis
1111 4344 1186 4393 purae
1206 4329 1313 4385 suerunt»
1328 4345 1395 4378 ¹¹⁰1]ss

295 4396 325 4454 ad
334 4396 520 4445 similitudinem
530 4398 682 4445 acceduntac
691 4399 712 4445 si
721 4399 822 4446 eandem
867 4405 948 4446 tamen
968 4403 1119 4459 aggregatae,
1135 4408 1276 4454 novumque
1295 4401 1395 4441 contex-

295 4468 440 4523 eppeterent
485 4460 519 4507 Et
545 4461 643 4523 quidem
664 4462 711 4509 hac
732 4463 823 4510 ratione
866 4470 918 4509 tum
931 4462 1038 4523 adeptae,
1048 4456 1197 4519 corruptelae
1207 4456 1313 4518 speciem
1321 4457 1394 4505 indu-

295 4526 459 4587 contagiosum
472 4524 547 4587 hujus
559 4526 637 4572 morbi
650 4534 762 4573 naturam
776 4540 824 4573 non
867 4534 925 4581 unt;
943 4540 991 4572 non
1005 4523 1075 4570 aliter
1089 4535 1163 4585 quam
1179 4520 1219 4579 (ut
1232 4520 1289 4567 alibi
1303 4522 1396 4571 dictum

295 4588 383 4641 minori
391 4588 479 4636 saltem
486 4588 696 4637 verisimilitudine
703 4590 824 4637 declarare
868 4588 924 4651 est)
938 4586 1073 4635 ventriculo
1089 4587 1239 4647 ingestorum
1254 4593 1334 4648 partes
1350 4586 1395 4634 ali-

295 4650 359 4711 uest,
377 4668 453 4714 quam
471 4666 578 4713 eaquae
596 4666 627 4699 ex
645 4654 753 4715 ejusdem
772 4668 823 4700 nia·
868 4668 937 4715 quae,
950 4659 1079 4713 postquam
1090 4650 1222 4711 incorpore
1231 4658 1314 4697 nostro
1321 4668 1395 4709 μετα-

293 4714 406 4778 lignitate
422 4714 510 4763 adduci
531 4716 604 4771 solet;
623 4718 681 4779 quiu
704 4724 728 4763 et
747 4716 825 4763 multo
868 4714 948 4773 βολήν
959 4715 1093 4763 subierunt

294 4781 384 4828 melius
400 4779 478 4826 nodos
493 4776 548 4824 illos
563 4780 675 4841 explicat,
690 4794 751 4841 quos
768 4794 823 4826 nec·
897 4781 993 4829 “Porro
1005 4794 1082 4841 neque
1091 4776 1153 4826 illud
1164 4775 1396 4837 malignitatemVa·

294 4844 402 4893 teresibi
415 4842 536 4899 videntur,
549 4842 754 4903 quiVariolarum
767 4858 824 4890 cau·
870 4846 986 4894 tiniarum
1008 4843 1066 4891 satis
1085 4854 1185 4903 arguere
1207 4840 1309 4896 videtur,
1332 4841 1396 4899 quod
