<?xml version="1.0" encoding="UTF-8"?>
<!DOCTYPE html PUBLIC "-//W3C//DTD XHTML 1.0 Transitional//EN"
    "http://www.w3.org/TR/xhtml1/DTD/xhtml1-transitional.dtd">
<html xmlns="http://www.w3.org/1999/xhtml" xml:lang="en" lang="en">
 <head>
  <title>
</title>
<meta http-equiv="Content-Type" content="text/html;charset=utf-8" />
  <meta name='ocr-system' content='tesseract 3.04.00' />
  <meta name='ocr-capabilities' content='ocr_page ocr_carea ocr_par ocr_line ocrx_word'/>
</head>
<body>
  <div class='ocr_page' id='page_1' title='image "./thomaesydenhamm00greegoog_0548.png"; bbox 0 0 3825 5759; ppageno 0'>
   <div class='ocr_carea' id='block_1_1' title="bbox 510 628 1260 695">
    <p class='ocr_par' dir='ltr' id='par_1_1' title="bbox 510 628 1260 695">
     <span class='ocr_line' id='line_1_1' title="bbox 510 628 1260 695; baseline 0.008 -6"><span class='ocrx_word' id='word_1_1' title='bbox 510 628 575 690; x_wconf 83' lang='lat'><strong>518</strong></span> <span class='ocrx_word' id='word_1_2' title='bbox 778 628 975 694; x_wconf 78' lang='lat' dir='ltr'>&#39;PHOMAE</span> <span class='ocrx_word' id='word_1_3' title='bbox 999 629 1260 695; x_wconf 80' lang='lat' dir='ltr'>SYDENHAM</span> 
     </span>
    </p>
   </div>
   <div class='ocr_carea' id='block_1_2' title="bbox 355 788 1619 4667">
    <p class='ocr_par' dir='ltr' id='par_1_2' title="bbox 357 788 1617 975">
     <span class='ocr_line' id='line_1_2' title="bbox 357 788 1617 904; baseline 0.005 -49"><span class='ocrx_word' id='word_1_4' title='bbox 357 803 496 855; x_wconf 69' lang='lat' dir='ltr'><strong>narrare</strong></span> <span class='ocrx_word' id='word_1_5' title='bbox 509 788 588 853; x_wconf 90' lang='lat' dir='ltr'><strong>nino</strong></span> <span class='ocrx_word' id='word_1_6' title='bbox 601 809 732 855; x_wconf 86' lang='lat' dir='ltr'><strong>necesse</strong></span> <span class='ocrx_word' id='word_1_7' title='bbox 747 798 796 855; x_wconf 87' lang='lat' dir='ltr'><strong>est</strong></span> <span class='ocrx_word' id='word_1_8' title='bbox 809 798 848 855; x_wconf 91' lang='lat' dir='ltr'><strong>ut</strong></span> <span class='ocrx_word' id='word_1_9' title='bbox 863 790 950 855; x_wconf 85' lang='lat' dir='ltr'><strong>dicta</strong></span> <span class='ocrx_word' id='word_1_10' title='bbox 964 791 1049 856; x_wconf 83' lang='lat' dir='ltr'><strong>dosis</strong></span> <span class='ocrx_word' id='word_1_11' title='bbox 1064 800 1176 856; x_wconf 85' lang='lat' dir='ltr'><strong>octava</strong></span> <span class='ocrx_word' id='word_1_12' title='bbox 1189 793 1240 904; x_wconf 88' lang='lat' dir='ltr'><strong>vel</strong></span> <span class='ocrx_word' id='word_1_13' title='bbox 1254 793 1353 858; x_wconf 85' lang='lat' dir='ltr'><strong>etiam</strong></span> <span class='ocrx_word' id='word_1_14' title='bbox 1367 800 1475 859; x_wconf 84' lang='lat' dir='ltr'><strong>sexta¹</strong></span> <span class='ocrx_word' id='word_1_15' title='bbox 1485 816 1617 880; x_wconf 87' lang='lat' dir='ltr'><strong>quaque</strong></span> 
     </span>
     <span class='ocr_line' id='line_1_3' title="bbox 365 870 777 975; baseline 0 -56"><span class='ocrx_word' id='word_1_16' title='bbox 365 870 451 919; x_wconf 82' lang='lat' dir='ltr'><strong>Pnrrrr</strong></span> <span class='ocrx_word' id='word_1_17' title='bbox 424 883 490 919; x_wconf 80' lang='lat' dir='ltr'><strong>arna</strong></span> <span class='ocrx_word' id='word_1_18' title='bbox 509 890 589 955; x_wconf 61' lang='lat' dir='ltr'><strong>hora</strong></span> <span class='ocrx_word' id='word_1_19' title='bbox 602 898 777 975; x_wconf 60' lang='lat' dir='ltr'><strong>repetam</strong></span> 
     </span>
    </p>

    <p class='ocr_par' dir='ltr' id='par_1_3' title="bbox 355 992 1614 1183">
     <span class='ocr_line' id='line_1_4' title="bbox 355 992 1614 1077; baseline 0.006 -20"><span class='ocrx_word' id='word_1_20' title='bbox 355 1001 496 1065; x_wconf 61' lang='grc' dir='ltr'><strong>ὗζοῖηῒ·</strong></span> <span class='ocrx_word' id='word_1_21' title='bbox 558 992 641 1077; x_wconf 93' lang='lat'><strong>[11]</strong></span> <span class='ocrx_word' id='word_1_22' title='bbox 669 994 753 1057; x_wconf 83' lang='lat' dir='ltr'><strong>Cum</strong></span> <span class='ocrx_word' id='word_1_23' title='bbox 768 1014 842 1059; x_wconf 89' lang='lat' dir='ltr'><strong>vero</strong></span> <span class='ocrx_word' id='word_1_24' title='bbox 859 994 919 1058; x_wconf 90' lang='lat' dir='ltr'><strong>sub</strong></span> <span class='ocrx_word' id='word_1_25' title='bbox 938 994 1063 1059; x_wconf 77' lang='lat' dir='ltr'><strong>ultimis</strong></span> <span class='ocrx_word' id='word_1_26' title='bbox 1079 995 1185 1061; x_wconf 87' lang='lat' dir='ltr'><strong>morbi</strong></span> <span class='ocrx_word' id='word_1_27' title='bbox 1202 996 1316 1061; x_wconf 89' lang='lat' dir='ltr'><strong>dicbus</strong></span> <span class='ocrx_word' id='word_1_28' title='bbox 1333 996 1422 1061; x_wconf 92' lang='lat' dir='ltr'><strong>baud</strong></span> <span class='ocrx_word' id='word_1_29' title='bbox 1438 1018 1512 1062; x_wconf 86' lang='lat' dir='ltr'><strong>raro</strong></span> <span class='ocrx_word' id='word_1_30' title='bbox 1529 1001 1614 1065; x_wconf 82' lang='lat' dir='ltr'><strong>rcci-</strong></span> 
     </span>
     <span class='ocr_line' id='line_1_5' title="bbox 417 1094 1614 1193; baseline 0.005 -34.5"><span class='ocrx_word' id='word_1_31' title='bbox 417 1094 575 1193; x_wconf 57' lang='lat' dir='ltr'><strong>m¹¹⁰,dat</strong></span> <span class='ocrx_word' id='word_1_32' title='bbox 599 1094 686 1179; x_wconf 80' lang='lat' dir='ltr'><strong>aegri</strong></span> <span class='ocrx_word' id='word_1_33' title='bbox 708 1096 816 1159; x_wconf 84' lang='lat' dir='ltr'><strong>alvum</strong></span> <span class='ocrx_word' id='word_1_34' title='bbox 836 1096 966 1180; x_wconf 89' lang='lat' dir='ltr'><strong>(partim</strong></span> <span class='ocrx_word' id='word_1_35' title='bbox 989 1118 1010 1161; x_wconf 90' lang='lat' dir='ltr'><strong>a</strong></span> <span class='ocrx_word' id='word_1_36' title='bbox 1029 1098 1135 1162; x_wconf 89' lang='lat' dir='ltr'><strong>morbi</strong></span> <span class='ocrx_word' id='word_1_37' title='bbox 1155 1105 1283 1176; x_wconf 85' lang='lat' dir='ltr'><strong>natura,</strong></span> <span class='ocrx_word' id='word_1_38' title='bbox 1304 1100 1424 1182; x_wconf 91' lang='lat' dir='ltr'><strong>partim</strong></span> <span class='ocrx_word' id='word_1_39' title='bbox 1451 1121 1471 1164; x_wconf 93' lang='lat' dir='ltr'><strong>a</strong></span> <span class='ocrx_word' id='word_1_40' title='bbox 1490 1121 1614 1183; x_wconf 83' lang='lat' dir='ltr'><strong>magna</strong></span> 
     </span>
    </p>

    <p class='ocr_par' dir='ltr' id='par_1_4' title="bbox 355 1144 1612 1593">
     <span class='ocr_line' id='line_1_6' title="bbox 355 1144 1612 1285; baseline 0.003 -23"><span class='ocrx_word' id='word_1_41' title='bbox 355 1144 458 1257; x_wconf 52' lang='lat' dir='ltr'><strong>didi?</strong></span> <span class='ocrx_word' id='word_1_42' title='bbox 415 1224 498 1273; x_wconf 74' lang='grc' dir='ltr'>ιιριι·</span> <span class='ocrx_word' id='word_1_43' title='bbox 508 1199 766 1283; x_wconf 88' lang='lat' dir='ltr'><strong>paregoricorum</strong></span> <span class='ocrx_word' id='word_1_44' title='bbox 787 1199 828 1279; x_wconf 90' lang='lat' dir='ltr'><strong>vi,</strong></span> <span class='ocrx_word' id='word_1_45' title='bbox 851 1220 990 1283; x_wconf 89' lang='lat' dir='ltr'><strong>quorum</strong></span> <span class='ocrx_word' id='word_1_46' title='bbox 1010 1222 1105 1284; x_wconf 90' lang='lat' dir='ltr'><strong>opem</strong></span> <span class='ocrx_word' id='word_1_47' title='bbox 1125 1202 1222 1285; x_wconf 86' lang='lat' dir='ltr'><strong>plane</strong></span> <span class='ocrx_word' id='word_1_48' title='bbox 1244 1201 1438 1284; x_wconf 85' lang='lat' dir='ltr'><strong>deposcebat</strong></span> <span class='ocrx_word' id='word_1_49' title='bbox 1458 1203 1612 1266; x_wconf 88' lang='lat' dir='ltr'><strong>medendi</strong></span> 
     </span>
     <span class='ocr_line' id='line_1_7' title="bbox 356 1274 1611 1385; baseline 0.005 -21.077"><span class='ocrx_word' id='word_1_50' title='bbox 356 1274 442 1322; x_wconf 81' lang='grc'><strong>”””’</strong></span> <span class='ocrx_word' id='word_1_51' title='bbox 444 1282 613 1383; x_wconf 70' lang='lat' dir='ltr'><strong>te&#39;ratio,)</strong></span> <span class='ocrx_word' id='word_1_52' title='bbox 630 1300 678 1365; x_wconf 89' lang='lat' dir='ltr'><strong>ita</strong></span> <span class='ocrx_word' id='word_1_53' title='bbox 698 1300 911 1385; x_wconf 75' lang='lat' dir='ltr'><strong>constipatam</strong></span> <span class='ocrx_word' id='word_1_54' title='bbox 933 1322 1012 1380; x_wconf 87' lang='lat' dir='ltr'><strong>esse,</strong></span> <span class='ocrx_word' id='word_1_55' title='bbox 1027 1308 1065 1365; x_wconf 89' lang='lat' dir='ltr'><strong>ut</strong></span> <span class='ocrx_word' id='word_1_56' title='bbox 1083 1308 1157 1366; x_wconf 89' lang='lat' dir='ltr'><strong>tum</strong></span> <span class='ocrx_word' id='word_1_57' title='bbox 1177 1303 1245 1369; x_wconf 83' lang='lat' dir='ltr'><strong>fere</strong></span> <span class='ocrx_word' id='word_1_58' title='bbox 1264 1305 1442 1369; x_wconf 83' lang='lat' dir='ltr'><strong>suffocetur</strong></span> <span class='ocrx_word' id='word_1_59' title='bbox 1456 1305 1522 1384; x_wconf 89' lang='lat' dir='ltr'><strong>ille,</strong></span> <span class='ocrx_word' id='word_1_60' title='bbox 1536 1312 1611 1370; x_wconf 88' lang='lat' dir='ltr'><strong>tum</strong></span> 
     </span>
     <span class='ocr_line' id='line_1_8' title="bbox 508 1402 1610 1490; baseline 0.005 -24"><span class='ocrx_word' id='word_1_61' title='bbox 508 1402 620 1467; x_wconf 78' lang='lat' dir='ltr'><strong>Febris</strong></span> <span class='ocrx_word' id='word_1_62' title='bbox 635 1403 761 1467; x_wconf 88' lang='lat' dir='ltr'><strong>adeum</strong></span> <span class='ocrx_word' id='word_1_63' title='bbox 774 1403 910 1487; x_wconf 88' lang='lat' dir='ltr'><strong>gradum</strong></span> <span class='ocrx_word' id='word_1_64' title='bbox 926 1404 1106 1469; x_wconf 85' lang='lat' dir='ltr'><strong>ascenderit</strong></span> <span class='ocrx_word' id='word_1_65' title='bbox 1120 1406 1182 1469; x_wconf 89' lang='lat' dir='ltr'><strong>ut</strong></span> <span class='ocrx_word' id='word_1_66' title='bbox 1169 1428 1239 1489; x_wconf 82' lang='lat' dir='ltr'><strong>Jam</strong></span> <span class='ocrx_word' id='word_1_67' title='bbox 1254 1406 1295 1470; x_wconf 92' lang='lat' dir='ltr'><strong>de</strong></span> <span class='ocrx_word' id='word_1_68' title='bbox 1309 1427 1406 1489; x_wconf 90' lang='lat' dir='ltr'><strong>aegro</strong></span> <span class='ocrx_word' id='word_1_69' title='bbox 1419 1428 1522 1490; x_wconf 90' lang='lat' dir='ltr'><strong>paene</strong></span> <span class='ocrx_word' id='word_1_70' title='bbox 1533 1428 1610 1472; x_wconf 90' lang='lat' dir='ltr'><strong>con-</strong></span> 
     </span>
     <span class='ocr_line' id='line_1_9' title="bbox 508 1505 1611 1593; baseline 0.005 -25"><span class='ocrx_word' id='word_1_71' title='bbox 508 1505 683 1569; x_wconf 86' lang='lat' dir='ltr'><strong>clamatum</strong></span> <span class='ocrx_word' id='word_1_72' title='bbox 698 1506 863 1585; x_wconf 81' lang='lat' dir='ltr'><strong>videatur3</strong></span> <span class='ocrx_word' id='word_1_73' title='bbox 886 1506 968 1570; x_wconf 90' lang='lat' dir='ltr'><strong>duro</strong></span> <span class='ocrx_word' id='word_1_74' title='bbox 987 1506 1063 1570; x_wconf 84' lang='lat' dir='ltr'><strong>huic</strong></span> <span class='ocrx_word' id='word_1_75' title='bbox 1081 1508 1168 1571; x_wconf 92' lang='lat' dir='ltr'><strong>nodo</strong></span> <span class='ocrx_word' id='word_1_76' title='bbox 1187 1508 1288 1571; x_wconf 90' lang='lat' dir='ltr'><strong>durus</strong></span> <span class='ocrx_word' id='word_1_77' title='bbox 1307 1528 1430 1573; x_wconf 81' lang='lat' dir='ltr'><strong>cuncus</strong></span> <span class='ocrx_word' id='word_1_78' title='bbox 1448 1511 1611 1593; x_wconf 86' lang='lat' dir='ltr'><strong>aptandus</strong></span> 
     </span>
    </p>

    <p class='ocr_par' dir='ltr' id='par_1_5' title="bbox 508 1610 1608 1800">
     <span class='ocr_line' id='line_1_10' title="bbox 508 1610 1608 1699; baseline 0.004 -22"><span class='ocrx_word' id='word_1_79' title='bbox 508 1618 576 1689; x_wconf 81' lang='lat' dir='ltr'><strong>est3</strong></span> <span class='ocrx_word' id='word_1_80' title='bbox 599 1616 632 1675; x_wconf 87' lang='lat' dir='ltr'><strong>et</strong></span> <span class='ocrx_word' id='word_1_81' title='bbox 642 1610 739 1675; x_wconf 87' lang='lat' dir='ltr'><strong>rebus</strong></span> <span class='ocrx_word' id='word_1_82' title='bbox 754 1611 799 1675; x_wconf 92' lang='lat' dir='ltr'><strong>sic</strong></span> <span class='ocrx_word' id='word_1_83' title='bbox 813 1611 986 1691; x_wconf 86' lang='lat' dir='ltr'><strong>stantibus,</strong></span> <span class='ocrx_word' id='word_1_84' title='bbox 997 1612 1094 1695; x_wconf 88' lang='lat' dir='ltr'><strong>longe</strong></span> <span class='ocrx_word' id='word_1_85' title='bbox 1107 1614 1216 1677; x_wconf 89' lang='lat' dir='ltr'><strong>minus</strong></span> <span class='ocrx_word' id='word_1_86' title='bbox 1231 1635 1328 1697; x_wconf 87' lang='lat' dir='ltr'><strong>aegro</strong></span> <span class='ocrx_word' id='word_1_87' title='bbox 1341 1616 1477 1699; x_wconf 84' lang='lat' dir='ltr'><strong>periculi</strong></span> <span class='ocrx_word' id='word_1_88' title='bbox 1491 1617 1552 1681; x_wconf 86' lang='lat' dir='ltr'><strong>erit</strong></span> <span class='ocrx_word' id='word_1_89' title='bbox 1566 1616 1608 1680; x_wconf 89' lang='lat' dir='ltr'><strong>ab</strong></span> 
     </span>
     <span class='ocr_line' id='line_1_11' title="bbox 508 1715 1608 1800; baseline 0.002 -19"><span class='ocrx_word' id='word_1_90' title='bbox 508 1722 673 1800; x_wconf 86' lang='lat' dir='ltr'><strong>assumpto</strong></span> <span class='ocrx_word' id='word_1_91' title='bbox 690 1715 867 1779; x_wconf 88' lang='lat' dir='ltr'><strong>cathartico</strong></span> <span class='ocrx_word' id='word_1_92' title='bbox 888 1715 1041 1794; x_wconf 87' lang='lat' dir='ltr'><strong>leniente,</strong></span> <span class='ocrx_word' id='word_1_93' title='bbox 1063 1737 1159 1799; x_wconf 89' lang='lat' dir='ltr'><strong>quam</strong></span> <span class='ocrx_word' id='word_1_94' title='bbox 1175 1737 1196 1780; x_wconf 90' lang='lat' dir='ltr'><strong>a</strong></span> <span class='ocrx_word' id='word_1_95' title='bbox 1209 1716 1313 1782; x_wconf 81' lang='lat' dir='ltr'><strong>Febre</strong></span> <span class='ocrx_word' id='word_1_96' title='bbox 1329 1738 1368 1782; x_wconf 91' lang='lat' dir='ltr'><strong>cc</strong></span> <span class='ocrx_word' id='word_1_97' title='bbox 1386 1719 1608 1784; x_wconf 77' lang='lat' dir='ltr'><strong>vehementiae</strong></span> 
     </span>
    </p>

    <p class='ocr_par' dir='ltr' id='par_1_6' title="bbox 506 1819 1607 1905">
     <span class='ocr_line' id='line_1_12' title="bbox 506 1819 1607 1905; baseline 0 -20"><span class='ocrx_word' id='word_1_98' title='bbox 506 1821 548 1885; x_wconf 87' lang='lat' dir='ltr'><strong>ab</strong></span> <span class='ocrx_word' id='word_1_99' title='bbox 563 1821 741 1885; x_wconf 87' lang='lat' dir='ltr'><strong>alvinarum</strong></span> <span class='ocrx_word' id='word_1_100' title='bbox 755 1819 880 1884; x_wconf 84' lang='lat' dir='ltr'><strong>laecum</strong></span> <span class='ocrx_word' id='word_1_101' title='bbox 894 1820 1076 1885; x_wconf 86' lang='lat' dir='ltr'><strong>retentione</strong></span> <span class='ocrx_word' id='word_1_102' title='bbox 1092 1827 1252 1903; x_wconf 81' lang='lat' dir='ltr'><strong>provecta</strong></span> <span class='ocrx_word' id='word_1_103' title='bbox 1291 1820 1357 1885; x_wconf 90' lang='lat' dir='ltr'><strong>Hic</strong></span> <span class='ocrx_word' id='word_1_104' title='bbox 1371 1842 1432 1905; x_wconf 86' lang='lat' dir='ltr'><strong>ego</strong></span> <span class='ocrx_word' id='word_1_105' title='bbox 1446 1822 1524 1886; x_wconf 88' lang='lat' dir='ltr'><strong>satis</strong></span> <span class='ocrx_word' id='word_1_106' title='bbox 1537 1822 1607 1885; x_wconf 85' lang='lat' dir='ltr'><strong>feli-</strong></span> 
     </span>
    </p>

    <p class='ocr_par' dir='ltr' id='par_1_7' title="bbox 506 1921 1608 2109">
     <span class='ocr_line' id='line_1_13' title="bbox 508 1921 1607 2006; baseline 0 -19"><span class='ocrx_word' id='word_1_107' title='bbox 508 1924 590 1988; x_wconf 87' lang='lat' dir='ltr'><strong>citer·</strong></span> <span class='ocrx_word' id='word_1_108' title='bbox 617 1922 782 1987; x_wconf 72' lang='lat' dir='ltr'><strong>electuarii</strong></span> <span class='ocrx_word' id='word_1_109' title='bbox 809 1921 934 1986; x_wconf 88' lang='lat' dir='ltr'><strong>lcnitivi</strong></span> <span class='ocrx_word' id='word_1_110' title='bbox 962 1921 1217 2006; x_wconf 85' lang='lat' dir='ltr'><strong>sesquiunciam⁸</strong></span> <span class='ocrx_word' id='word_1_111' title='bbox 1239 1923 1277 1986; x_wconf 90' lang='lat' dir='ltr'><strong>in</strong></span> <span class='ocrx_word' id='word_1_112' title='bbox 1302 1944 1404 2006; x_wconf 88' lang='lat' dir='ltr'><strong>aquae</strong></span> <span class='ocrx_word' id='word_1_113' title='bbox 1429 1923 1607 1987; x_wconf 85' lang='lat' dir='ltr'><strong>stillatitiae</strong></span> 
     </span>
     <span class='ocr_line' id='line_1_14' title="bbox 506 2023 1608 2109; baseline 0 -19"><span class='ocrx_word' id='word_1_114' title='bbox 506 2025 662 2090; x_wconf 80' lang='lat' dir='ltr'><strong>tenuioris</strong></span> <span class='ocrx_word' id='word_1_115' title='bbox 690 2024 839 2107; x_wconf 85' lang='lat' dir='ltr'><strong>(exempli</strong></span> <span class='ocrx_word' id='word_1_116' title='bbox 869 2023 982 2107; x_wconf 85' lang='lat' dir='ltr'><strong>gratia,</strong></span> <span class='ocrx_word' id='word_1_117' title='bbox 1008 2044 1110 2107; x_wconf 86' lang='lat' dir='ltr'><strong>aquae</strong></span> <span class='ocrx_word' id='word_1_118' title='bbox 1138 2024 1280 2103; x_wconf 86' lang='lat' dir='ltr'><strong>cichorii,</strong></span> <span class='ocrx_word' id='word_1_119' title='bbox 1304 2026 1356 2089; x_wconf 89' lang='lat' dir='ltr'><strong>vel</strong></span> <span class='ocrx_word' id='word_1_120' title='bbox 1384 2047 1487 2109; x_wconf 87' lang='lat' dir='ltr'><strong>aquae</strong></span> <span class='ocrx_word' id='word_1_121' title='bbox 1515 2026 1608 2090; x_wconf 82' lang='lat' dir='ltr'><strong>lactis</strong></span> 
     </span>
    </p>

    <p class='ocr_par' dir='ltr' id='par_1_8' title="bbox 426 2124 1608 2307">
     <span class='ocr_line' id='line_1_15' title="bbox 426 2124 1608 2210; baseline 0.003 -23"><span class='ocrx_word' id='word_1_122' title='bbox 426 2161 430 2173; x_wconf 91' lang='lat'>·</span> <span class='ocrx_word' id='word_1_123' title='bbox 507 2124 709 2209; x_wconf 67' lang='lat' dir='ltr'><strong>cleriteriaa)</strong></span> <span class='ocrx_word' id='word_1_124' title='bbox 732 2126 837 2190; x_wconf 88' lang='lat' dir='ltr'><strong>unciis</strong></span> <span class='ocrx_word' id='word_1_125' title='bbox 852 2132 992 2208; x_wconf 88' lang='lat' dir='ltr'><strong>quatuor</strong></span> <span class='ocrx_word' id='word_1_126' title='bbox 1007 2126 1146 2191; x_wconf 86' lang='lat' dir='ltr'><strong>solutam</strong></span> <span class='ocrx_word' id='word_1_127' title='bbox 1167 2126 1342 2210; x_wconf 88' lang='lat' dir='ltr'><strong>propinavi.</strong></span> <span class='ocrx_word' id='word_1_128' title='bbox 1388 2127 1455 2193; x_wconf 76' lang='lat' dir='ltr'><strong>Qui</strong></span> <span class='ocrx_word' id='word_1_129' title='bbox 1476 2127 1608 2210; x_wconf 88' lang='lat' dir='ltr'><strong>quidem</strong></span> 
     </span>
     <span class='ocr_line' id='line_1_16' title="bbox 506 2226 1607 2307; baseline 0.005 -19"><span class='ocrx_word' id='word_1_130' title='bbox 506 2226 653 2307; x_wconf 88' lang='lat' dir='ltr'><strong>haustus,</strong></span> <span class='ocrx_word' id='word_1_131' title='bbox 667 2229 754 2307; x_wconf 85' lang='lat' dir='ltr'><strong>licet,</strong></span> <span class='ocrx_word' id='word_1_132' title='bbox 768 2234 841 2291; x_wconf 89' lang='lat' dir='ltr'><strong>tum</strong></span> <span class='ocrx_word' id='word_1_133' title='bbox 855 2226 897 2293; x_wconf 92' lang='lat' dir='ltr'><strong>ob</strong></span> <span class='ocrx_word' id='word_1_134' title='bbox 912 2227 976 2291; x_wconf 89' lang='lat' dir='ltr'><strong>alvi</strong></span> <span class='ocrx_word' id='word_1_135' title='bbox 994 2228 1255 2293; x_wconf 81' lang='lat' dir='ltr'><strong>constrictionem</strong></span> <span class='ocrx_word' id='word_1_136' title='bbox 1268 2229 1345 2294; x_wconf 90' lang='lat' dir='ltr'><strong>huic</strong></span> <span class='ocrx_word' id='word_1_137' title='bbox 1358 2228 1489 2293; x_wconf 82' lang='lat' dir='ltr'><strong>affectui</strong></span> <span class='ocrx_word' id='word_1_138' title='bbox 1502 2230 1607 2293; x_wconf 87' lang='lat' dir='ltr'><strong>solen·</strong></span> 
     </span>
    </p>

    <p class='ocr_par' dir='ltr' id='par_1_9' title="bbox 506 2329 1608 2415">
     <span class='ocr_line' id='line_1_17' title="bbox 506 2329 1608 2415; baseline 0 -20"><span class='ocrx_word' id='word_1_139' title='bbox 506 2352 594 2409; x_wconf 89' lang='lat' dir='ltr'><strong>nem,</strong></span> <span class='ocrx_word' id='word_1_140' title='bbox 608 2336 681 2395; x_wconf 89' lang='lat' dir='ltr'><strong>tum</strong></span> <span class='ocrx_word' id='word_1_141' title='bbox 700 2330 799 2395; x_wconf 86' lang='lat' dir='ltr'><strong>etiam</strong></span> <span class='ocrx_word' id='word_1_142' title='bbox 818 2330 859 2395; x_wconf 93' lang='lat' dir='ltr'><strong>ob</strong></span> <span class='ocrx_word' id='word_1_143' title='bbox 880 2329 1115 2395; x_wconf 86' lang='lat' dir='ltr'><strong>diuturniorem</strong></span> <span class='ocrx_word' id='word_1_144' title='bbox 1134 2330 1382 2415; x_wconf 84' lang='lat' dir='ltr'><strong>hypnoticorum</strong></span> <span class='ocrx_word' id='word_1_145' title='bbox 1395 2352 1502 2409; x_wconf 88' lang='lat' dir='ltr'><strong>usum,</strong></span> <span class='ocrx_word' id='word_1_146' title='bbox 1517 2332 1608 2395; x_wconf 91' lang='lat' dir='ltr'><strong>baud</strong></span> 
     </span>
    </p>

    <p class='ocr_par' dir='ltr' id='par_1_10' title="bbox 506 2432 1607 2518">
     <span class='ocr_line' id='line_1_18' title="bbox 506 2432 1607 2518; baseline 0.002 -21"><span class='ocrx_word' id='word_1_147' title='bbox 506 2433 554 2497; x_wconf 86' lang='lat' dir='ltr'><strong>ita</strong></span> <span class='ocrx_word' id='word_1_148' title='bbox 567 2432 674 2497; x_wconf 85' lang='lat' dir='ltr'><strong>subito</strong></span> <span class='ocrx_word' id='word_1_149' title='bbox 687 2438 833 2496; x_wconf 87' lang='lat' dir='ltr'><strong>ventrem</strong></span> <span class='ocrx_word' id='word_1_150' title='bbox 849 2433 984 2511; x_wconf 86' lang='lat' dir='ltr'><strong>exolvat,</strong></span> <span class='ocrx_word' id='word_1_151' title='bbox 998 2434 1187 2518; x_wconf 86' lang='lat' dir='ltr'><strong>plerumque</strong></span> <span class='ocrx_word' id='word_1_152' title='bbox 1206 2442 1327 2513; x_wconf 88' lang='lat' dir='ltr'><strong>tamen,</strong></span> <span class='ocrx_word' id='word_1_153' title='bbox 1342 2435 1370 2497; x_wconf 88' lang='lat' dir='ltr'><strong>si</strong></span> <span class='ocrx_word' id='word_1_154' title='bbox 1383 2455 1479 2498; x_wconf 86' lang='lat' dir='ltr'><strong>mane</strong></span> <span class='ocrx_word' id='word_1_155' title='bbox 1493 2434 1607 2517; x_wconf 89' lang='lat' dir='ltr'><strong>deglu-</strong></span> 
     </span>
    </p>

    <p class='ocr_par' dir='ltr' id='par_1_11' title="bbox 506 2535 1607 2725">
     <span class='ocr_line' id='line_1_19' title="bbox 506 2535 1607 2621; baseline 0.001 -22"><span class='ocrx_word' id='word_1_156' title='bbox 506 2535 616 2613; x_wconf 86' lang='lat' dir='ltr'><strong>tiatur,</strong></span> <span class='ocrx_word' id='word_1_157' title='bbox 629 2540 704 2599; x_wconf 88' lang='lat' dir='ltr'><strong>ante</strong></span> <span class='ocrx_word' id='word_1_158' title='bbox 718 2542 848 2601; x_wconf 86' lang='lat' dir='ltr'><strong>noctem</strong></span> <span class='ocrx_word' id='word_1_159' title='bbox 863 2535 1057 2620; x_wconf 84' lang='lat' dir='ltr'><strong>dejectiones</strong></span> <span class='ocrx_word' id='word_1_160' title='bbox 1070 2536 1194 2620; x_wconf 88' lang='lat' dir='ltr'><strong>aliquas</strong></span> <span class='ocrx_word' id='word_1_161' title='bbox 1204 2538 1299 2621; x_wconf 88' lang='lat' dir='ltr'><strong>parit.</strong></span> <span class='ocrx_word' id='word_1_162' title='bbox 1345 2537 1443 2602; x_wconf 78' lang='lat' dir='ltr'><strong>Quod</strong></span> <span class='ocrx_word' id='word_1_163' title='bbox 1456 2537 1485 2600; x_wconf 88' lang='lat' dir='ltr'><strong>si</strong></span> <span class='ocrx_word' id='word_1_164' title='bbox 1498 2537 1607 2600; x_wconf 82' lang='lat' dir='ltr'><strong>miuus</strong></span> 
     </span>
     <span class='ocr_line' id='line_1_20' title="bbox 506 2634 1606 2725; baseline 0 -24"><span class='ocrx_word' id='word_1_165' title='bbox 506 2634 666 2721; x_wconf 87' lang='lat' dir='ltr'><strong>praestare</strong></span> <span class='ocrx_word' id='word_1_166' title='bbox 687 2638 800 2717; x_wconf 82' lang='lat' dir='ltr'><strong>valeat,</strong></span> <span class='ocrx_word' id='word_1_167' title='bbox 820 2644 966 2703; x_wconf 85' lang='lat' dir='ltr'><strong>attamen</strong></span> <span class='ocrx_word' id='word_1_168' title='bbox 989 2640 1212 2724; x_wconf 84' lang='lat' dir='ltr'><strong>paregoricum</strong></span> <span class='ocrx_word' id='word_1_169' title='bbox 1231 2639 1355 2725; x_wconf 89' lang='lat' dir='ltr'><strong>vesperi</strong></span> <span class='ocrx_word' id='word_1_170' title='bbox 1376 2638 1606 2703; x_wconf 87' lang='lat' dir='ltr'><strong>assumendum</strong></span> 
     </span>
    </p>

    <p class='ocr_par' dir='ltr' id='par_1_12' title="bbox 507 2740 1606 2828">
     <span class='ocr_line' id='line_1_21' title="bbox 507 2740 1606 2828; baseline 0.004 -23"><span class='ocrx_word' id='word_1_171' title='bbox 507 2747 566 2819; x_wconf 89' lang='lat' dir='ltr'><strong>est,</strong></span> <span class='ocrx_word' id='word_1_172' title='bbox 586 2740 652 2805; x_wconf 91' lang='lat' dir='ltr'><strong>imo</strong></span> <span class='ocrx_word' id='word_1_173' title='bbox 668 2747 701 2805; x_wconf 88' lang='lat' dir='ltr'><strong>et</strong></span> <span class='ocrx_word' id='word_1_174' title='bbox 721 2741 825 2821; x_wconf 90' lang='lat' dir='ltr'><strong>citius,</strong></span> <span class='ocrx_word' id='word_1_175' title='bbox 845 2762 913 2807; x_wconf 92' lang='lat' dir='ltr'><strong>nou</strong></span> <span class='ocrx_word' id='word_1_176' title='bbox 929 2742 1079 2809; x_wconf 89' lang='lat' dir='ltr'><strong>obstante</strong></span> <span class='ocrx_word' id='word_1_177' title='bbox 1095 2742 1291 2808; x_wconf 65' lang='lat' dir='ltr'><strong>catharticcl</strong></span> <span class='ocrx_word' id='word_1_178' title='bbox 1308 2764 1414 2827; x_wconf 89' lang='lat' dir='ltr'><strong>nuper</strong></span> <span class='ocrx_word' id='word_1_179' title='bbox 1429 2751 1606 2828; x_wconf 86' lang='lat' dir='ltr'><strong>assumpto,</strong></span> 
     </span>
    </p>

    <p class='ocr_par' dir='ltr' id='par_1_13' title="bbox 506 2844 1606 2930">
     <span class='ocr_line' id='line_1_22' title="bbox 506 2844 1606 2930; baseline 0.001 -21"><span class='ocrx_word' id='word_1_180' title='bbox 506 2845 534 2909; x_wconf 90' lang='lat' dir='ltr'><strong>si</strong></span> <span class='ocrx_word' id='word_1_181' title='bbox 547 2845 644 2910; x_wconf 91' lang='lat' dir='ltr'><strong>modo</strong></span> <span class='ocrx_word' id='word_1_182' title='bbox 653 2844 845 2928; x_wconf 90' lang='lat' dir='ltr'><strong>inquietudo</strong></span> <span class='ocrx_word' id='word_1_183' title='bbox 858 2846 985 2930; x_wconf 87' lang='lat' dir='ltr'><strong>ingens,</strong></span> <span class='ocrx_word' id='word_1_184' title='bbox 996 2854 1054 2911; x_wconf 88' lang='lat' dir='ltr'><strong>aut</strong></span> <span class='ocrx_word' id='word_1_185' title='bbox 1068 2846 1234 2929; x_wconf 80' lang='lat' dir='ltr'><strong>aegritudo</strong></span> <span class='ocrx_word' id='word_1_186' title='bbox 1249 2847 1356 2930; x_wconf 88' lang='lat' dir='ltr'><strong>aliqua</strong></span> <span class='ocrx_word' id='word_1_187' title='bbox 1365 2846 1509 2929; x_wconf 89' lang='lat' dir='ltr'><strong>insignis,</strong></span> <span class='ocrx_word' id='word_1_188' title='bbox 1520 2847 1606 2930; x_wconf 88' lang='lat' dir='ltr'><strong>peri·</strong></span> 
     </span>
    </p>

    <p class='ocr_par' dir='ltr' id='par_1_14' title="bbox 505 2948 1605 3033">
     <span class='ocr_line' id='line_1_23' title="bbox 505 2948 1605 3033; baseline 0 -20"><span class='ocrx_word' id='word_1_189' title='bbox 505 2948 613 3013; x_wconf 89' lang='lat' dir='ltr'><strong>culum</strong></span> <span class='ocrx_word' id='word_1_190' title='bbox 642 2949 820 3028; x_wconf 88' lang='lat' dir='ltr'><strong>minitetur,</strong></span> <span class='ocrx_word' id='word_1_191' title='bbox 843 2970 887 3014; x_wconf 88' lang='lat' dir='ltr'><strong>ne</strong></span> <span class='ocrx_word' id='word_1_192' title='bbox 915 2970 1011 3033; x_wconf 82' lang='lat' dir='ltr'><strong>aeger</strong></span> <span class='ocrx_word' id='word_1_193' title='bbox 1037 2950 1100 3014; x_wconf 89' lang='lat' dir='ltr'><strong>boc</strong></span> <span class='ocrx_word' id='word_1_194' title='bbox 1127 2949 1286 3033; x_wconf 85' lang='lat' dir='ltr'><strong>pracsidio</strong></span> <span class='ocrx_word' id='word_1_195' title='bbox 1315 2948 1500 3027; x_wconf 89' lang='lat' dir='ltr'><strong>destitutus,</strong></span> <span class='ocrx_word' id='word_1_196' title='bbox 1525 2950 1605 3013; x_wconf 89' lang='lat' dir='ltr'><strong>dnm</strong></span> 
     </span>
    </p>

    <p class='ocr_par' dir='ltr' id='par_1_15' title="bbox 383 3053 1606 3239">
     <span class='ocr_line' id='line_1_24' title="bbox 383 3053 1606 3145; baseline 0.001 -28"><span class='ocrx_word' id='word_1_197' title='bbox 383 3132 389 3145; x_wconf 35' lang='lat'><strong>·</strong></span> <span class='ocrx_word' id='word_1_198' title='bbox 506 3053 699 3137; x_wconf 79' lang='lat' dir='ltr'><strong>dejectiones</strong></span> <span class='ocrx_word' id='word_1_199' title='bbox 731 3076 791 3119; x_wconf 86' lang='lat' dir='ltr'><strong>nos</strong></span> <span class='ocrx_word' id='word_1_200' title='bbox 823 3054 1067 3137; x_wconf 88' lang='lat' dir='ltr'><strong>praestolamur,</strong></span> <span class='ocrx_word' id='word_1_201' title='bbox 1095 3053 1168 3118; x_wconf 89' lang='lat' dir='ltr'><strong>luce</strong></span> <span class='ocrx_word' id='word_1_202' title='bbox 1196 3054 1348 3137; x_wconf 86' lang='lat' dir='ltr'><strong>privetur.</strong></span> <span class='ocrx_word' id='word_1_203' title='bbox 1407 3054 1480 3117; x_wconf 90' lang='lat' dir='ltr'><strong>Nec</strong></span> <span class='ocrx_word' id='word_1_204' title='bbox 1508 3074 1606 3137; x_wconf 83' lang='lat' dir='ltr'><strong>aeger</strong></span> 
     </span>
     <span class='ocr_line' id='line_1_25' title="bbox 505 3154 1605 3239; baseline 0.001 -20"><span class='ocrx_word' id='word_1_205' title='bbox 505 3154 616 3219; x_wconf 88' lang='lat' dir='ltr'><strong>damni</strong></span> <span class='ocrx_word' id='word_1_206' title='bbox 628 3156 679 3220; x_wconf 89' lang='lat' dir='ltr'><strong>vel</strong></span> <span class='ocrx_word' id='word_1_207' title='bbox 695 3156 867 3221; x_wconf 90' lang='lat' dir='ltr'><strong>minimum</strong></span> <span class='ocrx_word' id='word_1_208' title='bbox 884 3176 923 3221; x_wconf 87' lang='lat' dir='ltr'><strong>ex</strong></span> <span class='ocrx_word' id='word_1_209' title='bbox 939 3155 1001 3220; x_wconf 92' lang='lat' dir='ltr'><strong>hoc</strong></span> <span class='ocrx_word' id='word_1_210' title='bbox 1017 3163 1087 3219; x_wconf 89' lang='lat' dir='ltr'><strong>tam</strong></span> <span class='ocrx_word' id='word_1_211' title='bbox 1102 3154 1170 3220; x_wconf 87' lang='lat' dir='ltr'><strong>leni</strong></span> <span class='ocrx_word' id='word_1_212' title='bbox 1187 3155 1363 3219; x_wconf 86' lang='lat' dir='ltr'><strong>cathartico</strong></span> <span class='ocrx_word' id='word_1_213' title='bbox 1379 3155 1494 3239; x_wconf 87' lang='lat' dir='ltr'><strong>capiet,</strong></span> <span class='ocrx_word' id='word_1_214' title='bbox 1510 3156 1538 3220; x_wconf 87' lang='lat' dir='ltr'><strong>si</strong></span> <span class='ocrx_word' id='word_1_215' title='bbox 1554 3158 1605 3221; x_wconf 89' lang='lat' dir='ltr'><strong>ni·</strong></span> 
     </span>
    </p>

    <p class='ocr_par' dir='ltr' id='par_1_16' title="bbox 504 3256 1604 3341">
     <span class='ocr_line' id='line_1_26' title="bbox 504 3256 1604 3341; baseline 0.001 -20"><span class='ocrx_word' id='word_1_216' title='bbox 504 3256 552 3321; x_wconf 91' lang='lat' dir='ltr'><strong>hil</strong></span> <span class='ocrx_word' id='word_1_217' title='bbox 569 3278 699 3340; x_wconf 81' lang='lat' dir='ltr'><strong>prorsus</strong></span> <span class='ocrx_word' id='word_1_218' title='bbox 719 3258 835 3322; x_wconf 87' lang='lat' dir='ltr'><strong>efficiat</strong></span> <span class='ocrx_word' id='word_1_219' title='bbox 854 3256 896 3321; x_wconf 89' lang='lat' dir='ltr'><strong>ad</strong></span> <span class='ocrx_word' id='word_1_220' title='bbox 915 3256 1129 3341; x_wconf 84' lang='lat' dir='ltr'><strong>dejectionem</strong></span> <span class='ocrx_word' id='word_1_221' title='bbox 1145 3257 1391 3341; x_wconf 83' lang='lat' dir='ltr'><strong>provocandam.</strong></span> <span class='ocrx_word' id='word_1_222' title='bbox 1437 3257 1473 3320; x_wconf 85' lang='lat' dir='ltr'><strong>Si</strong></span> <span class='ocrx_word' id='word_1_223' title='bbox 1494 3259 1604 3341; x_wconf 82' lang='lat' dir='ltr'><strong>itaque</strong></span> 
     </span>
    </p>

    <p class='ocr_par' dir='ltr' id='par_1_17' title="bbox 503 3356 1603 3443">
     <span class='ocr_line' id='line_1_27' title="bbox 503 3356 1603 3443; baseline 0.002 -22"><span class='ocrx_word' id='word_1_224' title='bbox 503 3356 608 3441; x_wconf 91' lang='lat' dir='ltr'><strong>primo</strong></span> <span class='ocrx_word' id='word_1_225' title='bbox 629 3359 681 3422; x_wconf 90' lang='lat' dir='ltr'><strong>die</strong></span> <span class='ocrx_word' id='word_1_226' title='bbox 702 3358 784 3423; x_wconf 90' lang='lat' dir='ltr'><strong>votis</strong></span> <span class='ocrx_word' id='word_1_227' title='bbox 805 3378 873 3422; x_wconf 92' lang='lat' dir='ltr'><strong>non</strong></span> <span class='ocrx_word' id='word_1_228' title='bbox 893 3358 1096 3441; x_wconf 87' lang='lat' dir='ltr'><strong>respondeat,</strong></span> <span class='ocrx_word' id='word_1_229' title='bbox 1114 3359 1251 3423; x_wconf 86' lang='lat' dir='ltr'><strong>iteretur</strong></span> <span class='ocrx_word' id='word_1_230' title='bbox 1271 3358 1415 3441; x_wconf 86' lang='lat' dir='ltr'><strong>proxime</strong></span> <span class='ocrx_word' id='word_1_231' title='bbox 1436 3360 1583 3443; x_wconf 84' lang='lat' dir='ltr'><strong>sequenti</strong></span> <span class='ocrx_word' id='word_1_232' title='bbox 1592 3387 1603 3438; x_wconf 65' lang='grc' dir='ltr'><strong><em>ς</em></strong></span> 
     </span>
    </p>

    <p class='ocr_par' dir='ltr' id='par_1_18' title="bbox 504 3458 1604 3543">
     <span class='ocr_line' id='line_1_28' title="bbox 504 3458 1604 3543; baseline 0.001 -20"><span class='ocrx_word' id='word_1_233' title='bbox 504 3480 586 3543; x_wconf 90' lang='lat' dir='ltr'><strong>quac</strong></span> <span class='ocrx_word' id='word_1_234' title='bbox 601 3459 742 3523; x_wconf 87' lang='lat' dir='ltr'><strong>secrmda</strong></span> <span class='ocrx_word' id='word_1_235' title='bbox 758 3458 843 3523; x_wconf 87' lang='lat' dir='ltr'><strong>dosis</strong></span> <span class='ocrx_word' id='word_1_236' title='bbox 859 3459 957 3543; x_wconf 89' lang='lat' dir='ltr'><strong>priori</strong></span> <span class='ocrx_word' id='word_1_237' title='bbox 974 3458 1010 3522; x_wconf 92' lang='lat' dir='ltr'><strong>iu</strong></span> <span class='ocrx_word' id='word_1_238' title='bbox 1027 3460 1188 3543; x_wconf 86' lang='lat' dir='ltr'><strong>suppetias</strong></span> <span class='ocrx_word' id='word_1_239' title='bbox 1203 3460 1288 3538; x_wconf 85' lang='lat' dir='ltr'><strong>data,</strong></span> <span class='ocrx_word' id='word_1_240' title='bbox 1302 3460 1465 3524; x_wconf 82' lang='lat' dir='ltr'><strong>rarissuuc</strong></span> <span class='ocrx_word' id='word_1_241' title='bbox 1482 3460 1604 3525; x_wconf 87' lang='lat' dir='ltr'><strong>Medici</strong></span> 
     </span>
    </p>

    <p class='ocr_par' dir='ltr' id='par_1_19' title="bbox 504 3557 1603 3646">
     <span class='ocr_line' id='line_1_29' title="bbox 504 3557 1603 3646; baseline 0 -21"><span class='ocrx_word' id='word_1_242' title='bbox 504 3580 599 3644; x_wconf 91' lang='lat' dir='ltr'><strong>opem</strong></span> <span class='ocrx_word' id='word_1_243' title='bbox 622 3559 848 3624; x_wconf 71' lang='lat' dir='ltr'><strong>bustrabiturt</strong></span> <span class='ocrx_word' id='word_1_244' title='bbox 886 3568 920 3625; x_wconf 91' lang='lat' dir='ltr'><strong>at</strong></span> <span class='ocrx_word' id='word_1_245' title='bbox 944 3560 971 3624; x_wconf 89' lang='lat' dir='ltr'><strong>si</strong></span> <span class='ocrx_word' id='word_1_246' title='bbox 991 3560 1095 3644; x_wconf 90' lang='lat' dir='ltr'><strong>primo</strong></span> <span class='ocrx_word' id='word_1_247' title='bbox 1117 3560 1170 3625; x_wconf 92' lang='lat' dir='ltr'><strong>die</strong></span> <span class='ocrx_word' id='word_1_248' title='bbox 1188 3561 1223 3624; x_wconf 91' lang='lat' dir='ltr'><strong>id</strong></span> <span class='ocrx_word' id='word_1_249' title='bbox 1244 3557 1356 3644; x_wconf 84' lang='lat' dir='ltr'><strong>egerit,</strong></span> <span class='ocrx_word' id='word_1_250' title='bbox 1375 3567 1415 3624; x_wconf 88' lang='lat' dir='ltr'><strong>ut</strong></span> <span class='ocrx_word' id='word_1_251' title='bbox 1433 3561 1532 3646; x_wconf 88' lang='lat' dir='ltr'><strong>hujus</strong></span> <span class='ocrx_word' id='word_1_252' title='bbox 1553 3584 1603 3626; x_wconf 86' lang='lat' dir='ltr'><strong>sa·</strong></span> 
     </span>
    </p>

    <p class='ocr_par' dir='ltr' id='par_1_20' title="bbox 502 3660 1603 3850">
     <span class='ocr_line' id='line_1_30' title="bbox 502 3660 1603 3745; baseline 0.005 -21"><span class='ocrx_word' id='word_1_253' title='bbox 502 3661 619 3725; x_wconf 80' lang='lat' dir='ltr'><strong>borrae</strong></span> <span class='ocrx_word' id='word_1_254' title='bbox 645 3666 804 3743; x_wconf 90' lang='lat' dir='ltr'><strong>quantum</strong></span> <span class='ocrx_word' id='word_1_255' title='bbox 832 3661 910 3724; x_wconf 85' lang='lat' dir='ltr'><strong>ratis</strong></span> <span class='ocrx_word' id='word_1_256' title='bbox 935 3660 972 3725; x_wconf 85' lang='lat' dir='ltr'><strong>in</strong></span> <span class='ocrx_word' id='word_1_257' title='bbox 999 3683 1151 3745; x_wconf 86' lang='lat' dir='ltr'><strong>praeseus</strong></span> <span class='ocrx_word' id='word_1_258' title='bbox 1176 3663 1447 3742; x_wconf 70' lang='lat' dir='ltr'><strong>estsubduxisse</strong></span> <span class='ocrx_word' id='word_1_259' title='bbox 1472 3664 1603 3729; x_wconf 88' lang='lat' dir='ltr'><strong>Medico</strong></span> 
     </span>
     <span class='ocr_line' id='line_1_31' title="bbox 502 3760 1602 3850; baseline 0.003 -23"><span class='ocrx_word' id='word_1_260' title='bbox 502 3760 658 3841; x_wconf 87' lang='lat' dir='ltr'><strong>videatur,</strong></span> <span class='ocrx_word' id='word_1_261' title='bbox 679 3768 776 3846; x_wconf 88' lang='lat' dir='ltr'><strong>atque</strong></span> <span class='ocrx_word' id='word_1_262' title='bbox 798 3782 893 3847; x_wconf 87' lang='lat' dir='ltr'><strong>aeger</strong></span> <span class='ocrx_word' id='word_1_263' title='bbox 912 3764 1028 3828; x_wconf 84' lang='lat' dir='ltr'><strong>exinde</strong></span> <span class='ocrx_word' id='word_1_264' title='bbox 1049 3765 1175 3842; x_wconf 84' lang='lat' dir='ltr'><strong>melius</strong></span> <span class='ocrx_word' id='word_1_265' title='bbox 1187 3786 1221 3830; x_wconf 89' lang='lat' dir='ltr'><strong>se</strong></span> <span class='ocrx_word' id='word_1_266' title='bbox 1242 3764 1362 3830; x_wconf 90' lang='lat' dir='ltr'><strong>babere</strong></span> <span class='ocrx_word' id='word_1_267' title='bbox 1379 3767 1532 3850; x_wconf 70' lang='lat' dir='ltr'><strong>&#39;coepent</strong></span> <span class='ocrx_word' id='word_1_268' title='bbox 1552 3788 1602 3830; x_wconf 89' lang='lat' dir='ltr'><strong>sc-</strong></span> 
     </span>
    </p>

    <p class='ocr_par' dir='ltr' id='par_1_21' title="bbox 502 3862 1601 3951">
     <span class='ocr_line' id='line_1_32' title="bbox 502 3862 1601 3951; baseline 0.002 -24"><span class='ocrx_word' id='word_1_269' title='bbox 502 3862 608 3927; x_wconf 88' lang='lat' dir='ltr'><strong>cunda</strong></span> <span class='ocrx_word' id='word_1_270' title='bbox 635 3862 721 3927; x_wconf 88' lang='lat' dir='ltr'><strong>dosis</strong></span> <span class='ocrx_word' id='word_1_271' title='bbox 744 3863 780 3927; x_wconf 94' lang='lat' dir='ltr'><strong>irr</strong></span> <span class='ocrx_word' id='word_1_272' title='bbox 804 3864 893 3927; x_wconf 88' lang='lat' dir='ltr'><strong>aliud</strong></span> <span class='ocrx_word' id='word_1_273' title='bbox 920 3870 1049 3948; x_wconf 89' lang='lat' dir='ltr'><strong>tempus</strong></span> <span class='ocrx_word' id='word_1_274' title='bbox 1072 3873 1180 3949; x_wconf 88' lang='lat' dir='ltr'><strong>potest</strong></span> <span class='ocrx_word' id='word_1_275' title='bbox 1204 3866 1334 3931; x_wconf 84' lang='lat' dir='ltr'><strong>differri.</strong></span> <span class='ocrx_word' id='word_1_276' title='bbox 1384 3868 1467 3951; x_wconf 75' lang='lat' dir='ltr'><strong>[la]</strong></span> <span class='ocrx_word' id='word_1_277' title='bbox 1492 3867 1601 3948; x_wconf 81' lang='lat' dir='ltr'><strong>Atque</strong></span> 
     </span>
    </p>

    <p class='ocr_par' dir='ltr' id='par_1_22' title="bbox 502 3968 1601 4053">
     <span class='ocr_line' id='line_1_33' title="bbox 502 3968 1601 4053; baseline -0.001 -21"><span class='ocrx_word' id='word_1_278' title='bbox 502 3968 564 4033; x_wconf 92' lang='lat' dir='ltr'><strong>hac</strong></span> <span class='ocrx_word' id='word_1_279' title='bbox 584 3968 709 4032; x_wconf 84' lang='lat' dir='ltr'><strong>ratione</strong></span> <span class='ocrx_word' id='word_1_280' title='bbox 730 3974 799 4032; x_wconf 86' lang='lat' dir='ltr'><strong>tam</strong></span> <span class='ocrx_word' id='word_1_281' title='bbox 820 3968 1035 4032; x_wconf 86' lang='lat' dir='ltr'><strong>venae-sectio</strong></span> <span class='ocrx_word' id='word_1_282' title='bbox 1058 3990 1155 4052; x_wconf 88' lang='lat' dir='ltr'><strong>quam</strong></span> <span class='ocrx_word' id='word_1_283' title='bbox 1180 3969 1335 4033; x_wconf 82' lang='lat' dir='ltr'><strong>catharais</strong></span> <span class='ocrx_word' id='word_1_284' title='bbox 1355 3990 1415 4053; x_wconf 91' lang='lat' dir='ltr'><strong>per</strong></span> <span class='ocrx_word' id='word_1_285' title='bbox 1433 3968 1601 4031; x_wconf 84' lang='lat' dir='ltr'><strong>intervalla</strong></span> 
     </span>
    </p>

    <p class='ocr_par' dir='ltr' id='par_1_23' title="bbox 502 4069 1602 4155">
     <span class='ocr_line' id='line_1_34' title="bbox 502 4069 1602 4155; baseline 0.001 -22"><span class='ocrx_word' id='word_1_286' title='bbox 502 4070 604 4155; x_wconf 84' lang='lat' dir='ltr'><strong>repeti</strong></span> <span class='ocrx_word' id='word_1_287' title='bbox 618 4069 752 4155; x_wconf 87' lang='lat' dir='ltr'><strong>possint,</strong></span> <span class='ocrx_word' id='word_1_288' title='bbox 768 4076 864 4154; x_wconf 91' lang='lat' dir='ltr'><strong>prout</strong></span> <span class='ocrx_word' id='word_1_289' title='bbox 879 4069 989 4134; x_wconf 82' lang='lat' dir='ltr'><strong>Febris</strong></span> <span class='ocrx_word' id='word_1_290' title='bbox 1008 4091 1079 4135; x_wconf 86' lang='lat' dir='ltr'><strong>mos</strong></span> <span class='ocrx_word' id='word_1_291' title='bbox 1100 4076 1198 4153; x_wconf 90' lang='lat' dir='ltr'><strong>atque</strong></span> <span class='ocrx_word' id='word_1_292' title='bbox 1215 4070 1304 4154; x_wconf 85' lang='lat' dir='ltr'><strong>aegri</strong></span> <span class='ocrx_word' id='word_1_293' title='bbox 1320 4069 1511 4154; x_wconf 89' lang='lat' dir='ltr'><strong>inquietudo</strong></span> <span class='ocrx_word' id='word_1_294' title='bbox 1526 4091 1602 4153; x_wconf 90' lang='lat' dir='ltr'><strong>pos·</strong></span> 
     </span>
    </p>

    <p class='ocr_par' dir='ltr' id='par_1_24' title="bbox 502 4171 1600 4251">
     <span class='ocr_line' id='line_1_35' title="bbox 502 4171 1600 4251; baseline -0.002 -14"><span class='ocrx_word' id='word_1_295' title='bbox 502 4172 606 4238; x_wconf 88' lang='lat' dir='ltr'><strong>tulare</strong></span> <span class='ocrx_word' id='word_1_296' title='bbox 620 4172 800 4251; x_wconf 85' lang='lat' dir='ltr'><strong>videantur,</strong></span> <span class='ocrx_word' id='word_1_297' title='bbox 812 4171 913 4237; x_wconf 88' lang='lat' dir='ltr'><strong>donce</strong></span> <span class='ocrx_word' id='word_1_298' title='bbox 927 4172 1061 4235; x_wconf 86' lang='lat' dir='ltr'><strong>tandem</strong></span> <span class='ocrx_word' id='word_1_299' title='bbox 1074 4193 1126 4236; x_wconf 88' lang='lat' dir='ltr'><strong>res</strong></span> <span class='ocrx_word' id='word_1_300' title='bbox 1139 4172 1177 4237; x_wconf 90' lang='lat' dir='ltr'><strong>in</strong></span> <span class='ocrx_word' id='word_1_301' title='bbox 1188 4172 1270 4237; x_wconf 89' lang='lat' dir='ltr'><strong>vado</strong></span> <span class='ocrx_word' id='word_1_302' title='bbox 1284 4173 1338 4236; x_wconf 89' lang='lat' dir='ltr'><strong>sit.</strong></span> <span class='ocrx_word' id='word_1_303' title='bbox 1377 4172 1600 4236; x_wconf 88' lang='lat' dir='ltr'><strong>Veruntamen</strong></span> 
     </span>
    </p>

    <p class='ocr_par' dir='ltr' id='par_1_25' title="bbox 501 4274 1603 4359">
     <span class='ocr_line' id='line_1_36' title="bbox 501 4274 1603 4359; baseline 0 -20"><span class='ocrx_word' id='word_1_304' title='bbox 501 4276 538 4339; x_wconf 91' lang='lat' dir='ltr'><strong>in</strong></span> <span class='ocrx_word' id='word_1_305' title='bbox 558 4275 740 4341; x_wconf 83' lang='lat' dir='ltr'><strong>catharaeos</strong></span> <span class='ocrx_word' id='word_1_306' title='bbox 764 4274 895 4359; x_wconf 88' lang='lat' dir='ltr'><strong>negotio</strong></span> <span class='ocrx_word' id='word_1_307' title='bbox 919 4274 1000 4339; x_wconf 90' lang='lat' dir='ltr'><strong>illud</strong></span> <span class='ocrx_word' id='word_1_308' title='bbox 1024 4275 1125 4358; x_wconf 89' lang='lat' dir='ltr'><strong>probe</strong></span> <span class='ocrx_word' id='word_1_309' title='bbox 1146 4276 1254 4341; x_wconf 86' lang='lat' dir='ltr'><strong>notari</strong></span> <span class='ocrx_word' id='word_1_310' title='bbox 1273 4276 1379 4354; x_wconf 89' lang='lat' dir='ltr'><strong>velim,</strong></span> <span class='ocrx_word' id='word_1_311' title='bbox 1402 4276 1457 4358; x_wconf 88' lang='lat' dir='ltr'><strong>(ne</strong></span> <span class='ocrx_word' id='word_1_312' title='bbox 1481 4276 1603 4359; x_wconf 87' lang='lat' dir='ltr'><strong>injecta</strong></span> 
     </span>
    </p>

    <p class='ocr_par' dir='ltr' id='par_1_26' title="bbox 501 4377 1619 4667">
     <span class='ocr_line' id='line_1_37' title="bbox 502 4377 1602 4463; baseline -0.003 -20"><span class='ocrx_word' id='word_1_313' title='bbox 502 4380 571 4463; x_wconf 87' lang='lat' dir='ltr'><strong>ejus</strong></span> <span class='ocrx_word' id='word_1_314' title='bbox 595 4378 643 4443; x_wconf 88' lang='lat' dir='ltr'><strong>rei</strong></span> <span class='ocrx_word' id='word_1_315' title='bbox 669 4377 793 4443; x_wconf 87' lang='lat' dir='ltr'><strong>mentio</strong></span> <span class='ocrx_word' id='word_1_316' title='bbox 818 4378 916 4461; x_wconf 88' lang='lat' dir='ltr'><strong>longe</strong></span> <span class='ocrx_word' id='word_1_317' title='bbox 940 4377 1014 4460; x_wconf 91' lang='lat' dir='ltr'><strong>plus</strong></span> <span class='ocrx_word' id='word_1_318' title='bbox 1042 4378 1153 4442; x_wconf 87' lang='lat' dir='ltr'><strong>damni</strong></span> <span class='ocrx_word' id='word_1_319' title='bbox 1181 4399 1280 4462; x_wconf 87' lang='lat' dir='ltr'><strong>quam</strong></span> <span class='ocrx_word' id='word_1_320' title='bbox 1308 4377 1520 4441; x_wconf 87' lang='lat' dir='ltr'><strong>emolumenti</strong></span> <span class='ocrx_word' id='word_1_321' title='bbox 1544 4398 1602 4460; x_wconf 89' lang='lat' dir='ltr'><strong>ap-</strong></span> 
     </span>
     <span class='ocr_line' id='line_1_38' title="bbox 501 4479 1619 4565; baseline -0.004 -20"><span class='ocrx_word' id='word_1_322' title='bbox 501 4482 629 4563; x_wconf 69' lang='lat' dir='ltr'><strong>portet)</strong></span> <span class='ocrx_word' id='word_1_323' title='bbox 660 4502 795 4565; x_wconf 87' lang='lat' dir='ltr'><strong>aegrum</strong></span> <span class='ocrx_word' id='word_1_324' title='bbox 819 4501 887 4545; x_wconf 92' lang='lat' dir='ltr'><strong>non</strong></span> <span class='ocrx_word' id='word_1_325' title='bbox 912 4501 982 4545; x_wconf 82' lang='lat' dir='ltr'><strong>ease</strong></span> <span class='ocrx_word' id='word_1_326' title='bbox 1005 4480 1213 4564; x_wconf 87' lang='lat' dir='ltr'><strong>purgandum</strong></span> <span class='ocrx_word' id='word_1_327' title='bbox 1240 4480 1305 4544; x_wconf 82' lang='lat' dir='ltr'><strong>uisi</strong></span> <span class='ocrx_word' id='word_1_328' title='bbox 1328 4479 1506 4543; x_wconf 84' lang='lat' dir='ltr'><strong>facessente</strong></span> <span class='ocrx_word' id='word_1_329' title='bbox 1530 4479 1619 4563; x_wconf 66' lang='lat' dir='ltr'><strong>jam‘</strong></span> 
     </span>
     <span class='ocr_line' id='line_1_39' title="bbox 501 4580 1602 4667; baseline -0.001 -22"><span class='ocrx_word' id='word_1_330' title='bbox 501 4582 624 4661; x_wconf 90' lang='lat' dir='ltr'><strong>morbo,</strong></span> <span class='ocrx_word' id='word_1_331' title='bbox 641 4582 731 4646; x_wconf 88' lang='lat' dir='ltr'><strong>verbi</strong></span> <span class='ocrx_word' id='word_1_332' title='bbox 750 4582 863 4667; x_wconf 68' lang='lat' dir='ltr'><strong>gratia</strong></span> <span class='ocrx_word' id='word_1_333' title='bbox 879 4582 930 4647; x_wconf 89' lang='lat' dir='ltr'><strong>die</strong></span> <span class='ocrx_word' id='word_1_334' title='bbox 945 4583 1070 4647; x_wconf 89' lang='lat' dir='ltr'><strong>decimo</strong></span> <span class='ocrx_word' id='word_1_335' title='bbox 1088 4584 1195 4661; x_wconf 88' lang='lat' dir='ltr'><strong>tertio,</strong></span> <span class='ocrx_word' id='word_1_336' title='bbox 1213 4590 1271 4647; x_wconf 90' lang='lat' dir='ltr'><strong>aut</strong></span> <span class='ocrx_word' id='word_1_337' title='bbox 1290 4602 1402 4647; x_wconf 88' lang='lat' dir='ltr'><strong>corum</strong></span> <span class='ocrx_word' id='word_1_338' title='bbox 1418 4580 1527 4663; x_wconf 88' lang='lat' dir='ltr'><strong>aliquo</strong></span> <span class='ocrx_word' id='word_1_339' title='bbox 1546 4582 1602 4663; x_wconf 91' lang='lat' dir='ltr'><strong>qui</strong></span> 
     </span>
    </p>
   </div>
   <div class='ocr_carea' id='block_1_3' title="bbox 532 4738 1540 4869">
    <p class='ocr_par' dir='ltr' id='par_1_27' title="bbox 532 4738 1540 4869">
     <span class='ocr_line' id='line_1_40' title="bbox 532 4738 1540 4806; baseline -0.005 -15"><span class='ocrx_word' id='word_1_340' title='bbox 532 4746 672 4791; x_wconf 74' lang='lat' dir='ltr'><strong>&#39;ueletiam</strong></span> <span class='ocrx_word' id='word_1_341' title='bbox 682 4745 759 4806; x_wconf 68' lang='lat' dir='ltr'><strong>rena]</strong></span> <span class='ocrx_word' id='word_1_342' title='bbox 773 4758 820 4791; x_wconf 88' lang='lat' dir='ltr'><strong>om.</strong></span> <span class='ocrx_word' id='word_1_343' title='bbox 832 4744 869 4792; x_wconf 83' lang='lat' dir='ltr'><strong>ed.</strong></span> <span class='ocrx_word' id='word_1_344' title='bbox 881 4744 929 4792; x_wconf 77' lang='lat'>¹86.</span> <span class='ocrx_word' id='word_1_345' title='bbox 1140 4740 1281 4805; x_wconf 57' lang='lat' dir='ltr'><strong>brawa]</strong></span> <span class='ocrx_word' id='word_1_346' title='bbox 1291 4744 1431 4805; x_wconf 72' lang='lat' dir='ltr'><strong>peregerim</strong></span> <span class='ocrx_word' id='word_1_347' title='bbox 1440 4740 1479 4788; x_wconf 87' lang='lat' dir='ltr'><strong>ed.</strong></span> <span class='ocrx_word' id='word_1_348' title='bbox 1490 4738 1540 4787; x_wconf 80' lang='lat'><strong>¹86.</strong></span> 
     </span>
     <span class='ocr_line' id='line_1_41' title="bbox 532 4808 894 4869; baseline 0 -13"><span class='ocrx_word' id='word_1_349' title='bbox 532 4816 542 4838; x_wconf 87' lang='lat'><strong>&#39;¹</strong></span> <span class='ocrx_word' id='word_1_350' title='bbox 558 4808 737 4869; x_wconf 67' lang='lat' dir='ltr'><strong>corpulentiam]</strong></span> <span class='ocrx_word' id='word_1_351' title='bbox 750 4808 784 4869; x_wconf 69' lang='lat' dir='ltr'><strong>gij</strong></span> <span class='ocrx_word' id='word_1_352' title='bbox 795 4808 833 4855; x_wconf 81' lang='lat' dir='ltr'><strong>ed.</strong></span> <span class='ocrx_word' id='word_1_353' title='bbox 847 4809 894 4856; x_wconf 76' lang='lat'>⁸86.</span> 
     </span>
    </p>
   </div>
   <div class='ocr_carea' id='block_1_4' title="bbox 0 0 1918 5759">
    <p class='ocr_par' dir='ltr' id='par_1_28' title="bbox 0 0 1918 5759">
     <span class='ocr_line' id='line_1_42' title="bbox 0 0 1918 5759; baseline 0 4"><span class='ocrx_word' id='word_1_354' title='bbox 0 0 1918 5759; x_wconf 95' lang='lat' dir='ltr'><strong> </strong></span> 
     </span>
    </p>
   </div>
  </div>
 </body>
</html>
