3825 5759
527 685 749 750 EPISTOLA
771 685 800 748 I.
821 681 1152 750 RESPONSORIA.
1324 683 1389 745 299

288 868 439 932 praesens
457 847 655 912 Constitutio
676 847 912 930 aliquantulum
933 845 1103 924 remiserit,
1119 842 1318 926 eandemque
1338 863 1387 904 se·
1400 839 1547 904 DrMoss.

289 952 336 1016 rie
352 951 491 1034 quadam
506 972 666 1017 annorum
680 970 922 1032 permansuram
938 956 1114 1032 antequam
1127 947 1227 1030 pestis
1247 966 1319 1009 eam
1333 965 1387 1008 ex.
1412 920 1529 1034 {2¹⁰3}

1400 1053 1542 1064 ——-

291 1052 420 1136 ceperit.
468 1049 553 1136 [58]
574 1051 636 1114 Per
656 1071 758 1114 annos
780 1057 889 1114 autem
907 1071 1019 1114 omnes
1037 1051 1207 1133 (quotquot
1222 1047 1388 1112 demumii

290 1153 433 1234 fuerint)
449 1151 564 1234 quibus
579 1149 690 1214 Febris
704 1150 784 1214 haec
796 1151 1004 1233 grassabitur,
1015 1153 1275 1216 intermittentes
1290 1150 1389 1214 etiam

292 1255 428 1319 subinde
451 1276 485 1318 se
507 1261 648 1332 exerent,
664 1273 701 1316 ac
715 1253 842 1317 fortean
862 1274 1099 1336 nonnunquam
1120 1275 1178 1337 pro
1197 1253 1288 1317 brevi
1306 1260 1391 1315 tem·

291 1379 368 1441 pore
388 1357 593 1441 Epidemicae
612 1355 746 1420 evadent
757 1382 767 1434 ;
796 1355 924 1438 quando
947 1355 1068 1419 scihcet
1089 1356 1261 1420 manifesta
1282 1355 1390 1438 aliqua

292 1461 375 1526 aeris
398 1459 568 1543 temperies
593 1458 633 1522 ad
656 1458 690 1522 id
714 1457 896 1542 symbolum
919 1479 1016 1520 suum
1039 1458 1192 1522 conferet.
1218 1459 1291 1521 'An
1314 1457 1391 1521 huic

292 1561 388 1626 Febri
411 1568 519 1626 cortex
543 1561 740 1624 Peruvianus
761 1581 862 1644 aeque
884 1559 1067 1624 medebitur
1089 1581 1127 1626 ac
1149 1582 1239 1625 nunc
1263 1561 1391 1624 dierum

292 1663 450 1728 Febribus
465 1662 763 1727 Intermittentibus
778 1663 870 1743 solet,
885 1685 951 1728 non
967 1663 1071 1728 habeo
1085 1669 1173 1728 certo
1188 1663 1303 1726 dicere.
1343 1664 1392 1726 At

291 1768 327 1832 in
342 1774 441 1850 peste,
458 1774 555 1851 atque
570 1765 764 1849 Epidemicis
783 1765 945 1828 continuis
961 1786 1043 1848 quae
1057 1765 1194 1829 eandem
1208 1763 1321 1828 ordine
1336 1785 1390 1828 ex·
1403 1775 1434 1823 ln
1445 1783 1511 1852 peste
1520 1784 1545 1826 et

292 1871 421 1954 cipient,
440 1868 648 1946 debellandis,
663 1889 730 1933 non
750 1869 828 1932 ahos
846 1867 979 1932 effectus
994 1888 1034 1932 ex
1050 1868 1119 1951 ejus
1138 1889 1201 1932 usu
1223 1841 1538 1953 expectarefgffi,

291 1973 377 2052 licet,
404 1994 501 2056 quam
530 1993 687 2055 eosquos
716 1970 811 2034 bodie
840 1969 876 2032 in
904 1968 1085 2052 pleuritide,
1113 1967 1390 2052 peripneumonia,
1402 1971 1545 2019 torusobest

292 2075 421 2160 angina,
437 2095 474 2138 ac
489 2075 523 2138 id
538 2095 640 2156 genus
648 2073 792 2136 febribus
806 2069 1073 2149 inflammatoriis,
1084 2070 1250 2148 videmus,
1274 2069 1391 2153 quibus
1403 2043 1491 2083 ⁰⁰³⁶*

292 2199 360 2241 non
381 2182 510 2240 tantum
528 2196 595 2238 non
610 2173 750 2257 prodest,
766 2172 823 2236 sed
845 2181 879 2236 et
896 2173 992 2256 plane
1007 2172 1108 2237 obest.
1156 2172 1221 2237 Sed
1240 2179 1278 2236 ut
1298 2178 1337 2236 ut
1355 2172 1391 2236 id
1403 2192 1542 2269 Epidauri

292 2278 400 2356 fuerit,
412 2299 450 2342 co
462 2297 558 2358 quem
574 2275 712 2339 diximus
723 2276 819 2339 modo
833 2275 869 2338 in
883 2282 1049 2359 posterum
1058 2277 1322 2360 Epidemicomm
1335 2276 1390 2341 alii
1401 2257 1534 2370 {fflffi

293 2381 371 2446 ahos
391 2381 560 2464 excipient,
584 2379 611 2442 si
633 2379 763 2462 quidem
782 2379 912 2442 Natura
934 2379 1075 2444 eundem
1094 2380 1250 2459 ordinem,
1274 2400 1311 2443 ac
1333 2387 1500 2463 percipient.

292 2484 407 2568 viginti
423 2490 561 2567 quatuor
572 2503 674 2546 anuos
689 2482 805 2546 ultimo
819 2483 1060 2566 praeterlapsos,
1076 2483 1299 2550 observaverit.

342 2689 425 2772 [tu]
452 2689 561 2771 Atque
582 2687 663 2752 haec
685 2687 752 2751 fere
772 2693 849 2751 sunt
871 2687 990 2766 omnia,
1005 2689 1066 2752 Vir
1084 2689 1258 2771 plurimum
1279 2689 1392 2754 Hono·
1405 2711 1539 2759 annuar-

294 2791 404 2868 rande,
417 2811 498 2872 quae
508 2789 547 2853 de
559 2788 683 2852 Morbis
693 2789 887 2872 Epidemicis
899 2811 1059 2853 annorum
1074 2791 1257 2873 nuperrime
1269 2791 1391 2873 elapso·
1400 2790 1548 2853 Q„
1630 2777 1637 2786 ’

294 2913 368 2954 rum
383 2891 562 2955 observavi:
578 2891 614 2954 in
626 2891 862 2954 Rheumatismi
874 2913 947 2955 vero
958 2892 1123 2956 curatione
1137 2894 1270 2974 (namet
1282 2891 1321 2954 de
1335 2893 1391 2958 illo
1404 2907 1486 2969 Aeger

295 2993 394 3057 etiam
404 2991 516 3056 morbo
531 2992 727 3076 quaerebam)
746 3013 976 3076 saepenumero
990 2993 1071 3056 mihi
1089 2992 1189 3056 subiit
1200 2993 1321 3056 'lecum
1336 2994 1392 3057 do·
1404 2971 1534 3084 ffiffi

293 3096 360 3160 lere
372 3096 458 3179 quod
469 3117 535 3158 non
546 3095 609 3158 nisi
618 3095 744 3178 ingenti
756 3095 922 3178 sanguinis
931 3095 962 3158 vi
972 3095 1118 3179 repetitis
1128 3097 1392 3161 venae-sectioni
1403 3101 1499 3158 borma
1511 3101 1532 3148 si

293 3197 355 3262 bus
370 3198 496 3277 educta,
509 3219 547 3261 ea
557 3199 657 3280 possit
671 3197 780 3280 perfici
789 3223 799 3275 ;
814 3197 901 3261 unde
917 3219 984 3262 non
998 3204 1129 3261 tantum
1143 3199 1231 3281 aegri
1241 3199 1324 3262 vires
1334 3221 1393 3283 pro
1404 3164 1531 3277 miii

293 3307 438 3385 tempore
453 3300 658 3383 frangvmtur,
675 3299 740 3378 sed,
756 3300 784 3364 si
798 3300 894 3382 paulo
909 3300 1007 3364 fuerit
1021 3300 1151 3364 Natura
1165 3301 1310 3380 debilior,
1323 3302 1395 3365 aliis
1406 3294 1462 3341 ‘³⁰¹¹
1471 3311 1546 3344 ¹¹¹³¹¹¹¹

329 3404 336 3416 .
507 3403 513 3415 .
768 3402 773 3414 .
984 3403 990 3415 .
1214 3404 1221 3416 ,
1406 3358 1526 3407 celebrata

294 3410 392 3468 etlam
412 3401 531 3466 morbis
551 3403 592 3466 ad
611 3423 713 3466 annos
733 3403 855 3484 abquot
875 3401 1030 3466 obnoxior
1047 3402 1113 3467 fere
1132 3403 1278 3467 reddrtur
1286 3431 1296 3483 3
1319 3426 1550 3481 cumcuretursa-

293 3513 366 3590 post
387 3506 458 3570 illos
479 3506 602 3589 elapsos
622 3505 758 3568 materia
773 3505 1055 3570 Rheumatismum
1077 3507 1167 3588 prius
1189 3488 1547 3599 committensfigffllfbi*

291 3609 361 3691 jam
380 3607 415 3670 in
434 3608 602 3690 pulmones
623 3607 764 3690 depluat,
781 3628 877 3690 aegro
897 3608 1018 3672 scilicet
1035 3609 1154 3691 frigore
1173 3611 1329 3692 perculso,
1344 3610 1396 3674 vel
1407 3569 1527 3667 ieddiliii·⁸

295 3711 358 3774 alia
371 3711 479 3794 aliqua
492 3708 655 3797 προφάσει
672 3711 782 3776 leviori
802 3711 955 3774 diathesis
975 3711 1080 3775 latens
1095 3711 1131 3774 in
1149 3713 1306 3795 sanguine
1324 3713 1394 3796 jam

294 3815 429 3880 ferasin
444 3823 552 3880 actum
566 3817 783 3899 protrudatur.
829 3815 892 3880 His
910 3817 950 3880 de
966 3817 1070 3880 causis
1085 3817 1222 3900 experiri
1236 3818 1336 3882 statui
1351 3839 1396 3881 an

294 3918 362 3982 ulla
376 3919 438 3982 alia
452 3919 623 3982 methodus
642 3919 781 3996 daretur,
797 3941 817 3982 a
834 3919 988 3982 reiterata
1001 3919 1097 3982 toties
1111 3919 1331 4001 phlebotomia
1345 3919 1395 3982 di-

294 4039 393 4098 versa,
410 4043 473 4104 qua
485 4021 540 4084 bic
559 4020 689 4084 morbus
704 4021 804 4104 possit
819 4020 981 4084 debellari.
1028 4021 1118 4084 Serio
1132 4021 1242 4103 itaque
1257 4043 1393 4104 perpen-

296 4123 375 4187 dens
390 4124 476 4207 quod
493 4125 626 4188 affectus
640 4123 702 4188 iste
720 4124 781 4207 (uti
799 4124 993 4207 jampridem
1012 4123 1048 4186 in
1063 4124 1234 4186 Amorum
1249 4125 1393 4186 Haterio

300 4225 355 4308 [vi.
371 4229 402 4289 5.
417 4227 463 4310 4.]
484 4226 660 4308 subinnui)
683 4226 723 4292 ab
745 4226 999 4292 inflammatione
1018 4225 1166 4288 videatur
1187 4225 1273 4302 oriri,
1296 4225 1394 4306 (quod

294 4335 366 4392 tum
385 4336 511 4393 caetera
529 4334 671 4412 arguunt
686 4328 916 4412 phaenomena,
932 4335 1005 4392 tum
1023 4327 1212 4409 praesertim
1226 4326 1394 4408 sanguinis

294 4437 458 4514 epertusa
472 4453 554 4496 vena
575 4432 670 4510 color,
686 4437 799 4514 utpote
822 4431 876 4513 qui
899 4429 1142 4513 pleuriticorum
1163 4428 1315 4511 sanguini
1335 4449 1394 4512 per

293 4535 402 4598 omnia
417 4535 528 4598 similis
540 4536 610 4616 est‚)
625 4533 758 4598 tandem
770 4533 947 4596 verosimile
963 4552 1032 4594 esse
1043 4530 1229 4614 judicabam
1243 4531 1394 4596 morbum
1433 4600 1440 4612 ‚

293 4634 381 4700 hunc
404 4637 510 4702 diaeta
532 4636 678 4720 simplici,
699 4635 873 4700 admodum
894 4634 1115 4716 refrigerante,
1134 4639 1167 4697 et
1189 4633 1394 4699 mediocriter
1405 4599 1469 4713 ,ἷζε
1468 4607 1540 4714 1202,

293 4738 469 4817 nutriente,
482 4761 578 4822 aegro
586 4739 752 4822 imperata,
763 4759 863 4821 aeque
872 4737 1009 4800 feliciter
1019 4743 1117 4820 atque
1125 4737 1270 4820 repetitis
1278 4759 1392 4802 venae-
1403 4729 1531 4840 ppetuu-

294 4840 489 4906 sectionibus
510 4841 673 4926 profligari
693 4863 803 4924 possc;
830 4841 928 4904 etiam
950 4838 1086 4918 evitatis,
1108 4861 1189 4922 quae
1211 4839 1304 4903 alteri
1325 4861 1392 4904 mc·
1405 4793 1548 4904 ausitidis.
