3825 5759
389 564 787 630 oasnavlmouuru
810 565 1097 630 Maoroaauu
1121 580 1170 634 rv.
1188 584 1258 646 aa.
1325 565 1389 630 16⁷

274 733 372 790 rente
382 724 585 791 eoautumno
594 727 903 812 Dysenterias,qi1ae
913 726 1387 810 cumiisdemiugrediebantur,
1412 740 1532 791 naseas.

279 828 464 911 aequabant
486 849 634 906 numero,
654 850 698 892 ne
721 829 826 892 dicam
845 830 1069 911 eruperoboot.
1113 829 1226 893 Febris
1243 830 1388 894 nunciis
1402 806 1541 920 aqpqppu

279 931 425 1009 accessit,
441 953 531 995 nunc
548 931 671 995 aberat.
694 932 963 1015 Dysenteriarum
979 953 1038 1014 per
1050 931 1085 994 id
1099 938 1228 1015 tempus
1237 937 1534 1016 gruson-ff

276 1033 363 1096 tium
374 1034 572 1098 torminibus
583 1034 672 1098 dicta
681 1035 802 1098 ventris
817 1034 971 1098 'lormiua
981 1034 1114 1098 omnino
1127 1035 1385 1118 respondebant3
1398 1038 1486 1107 ΜΕ*
1496 1048 1542 1108 Ψ

280 1137 482 1200 atrocissima
500 1158 619 1220 nempe
637 1137 717 1200 baec
739 1143 843 1214 erant,
864 1145 897 1200 et
918 1157 978 1220 per
997 1137 1169 1202 intervalla
1186 1139 1384 1216 cruciabant,
1398 1104 1531 1208 iiiiii*

278 1237 390 1300 nullae
422 1259 498 1302 vero
535 1238 755 1322 sequebantur
788 1237 984 1322 dejectiones
1016 1239 1070 1302 vel
1105 1245 1301 1304 stercorosae
1334 1241 1384 1305 vel
1397 1225 1542 1336 Ὲᾞξ

279 1361 441 1404 mucosae.
485 1340 561 1403 Pari
575 1343 673 1424 passu
692 1361 767 1404 cum
781 1341 985 1424 Dysenteriis
1004 1362 1063 1424 per
1081 1348 1278 1405 autumnum
1295 1343 1384 1406 hune
1396 1303 1532 1418 inbiasse

277 1463 412 1506 omnem
427 1443 654 1525 procedebant,
670 1443 726 1506 sed
750 1443 799 1524 (ut
817 1443 885 1526 jam
906 1443 948 1526 [c.
961 1445 991 1506 1.
1006 1445 1024 1528 q
1038 1443 1083 1526 1.]
1110 1443 1300 1524 docuimus)
1316 1466 1385 1508 non
1396 1414 1462 1465 Μ’

277 1565 356 1607 eum
379 1544 495 1607 iisdem
518 1565 576 1626 per
600 1565 702 1608 annos
726 1551 897 1628 sequentes
922 1545 1021 1628 hujus
1044 1544 1294 1608 Constitutionis
1317 1546 1384 1629 epi·

280 1645 406 1710 demice
425 1646 562 1729 'amplius
583 1645 790 1710 invadebant.
846 1647 930 1710 Cum
953 1666 1028 1709 vero
1047 1646 1201 1708 Tonnina
1216 1646 1297 1710 haec
1310 1647 1383 1710 siue

279 1747 515 1830 dejectionibus
534 1769 641 1830 neque
654 1756 772 1812 natura
786 1770 854 1827 sua,
870 1769 976 1830 neque
989 1749 1047 1811 illa
1060 1768 1125 1830 qua
1144 1747 1384 1830 promptissime

279 1849 491 1933 sopiebantur
501 1849 664 1929 methodo,
677 1851 908 1934 aDysenteriis
920 1850 1062 1912 multum
1073 1849 1260 1929 dissideant,
1272 1849 1313 1912 ad
1324 1849 1383 1914 has

278 1971 333 2014 me
348 1952 491 2016 consero.

330 2052 392 2136 [2.]
412 2054 637 2118 Animadverti
651 2054 800 2118 morbum
814 2055 912 2134 huno,
924 2055 976 2118 uti
989 2076 1088 2134 nunc,
1103 2055 1153 2119 ita
1163 2054 1231 2118 fere
1245 2073 1380 2137 semper,
1393 2061 1541 2129 Dynenteria

278 2154 433 2218 autumni
450 2155 543 2220 initio
560 2156 712 2220 invadere
729 2157 840 2234 solere,
856 2164 889 2220 et
910 2157 1181 2240 appropinquanti
1197 2156 1307 2241 hyemi
1323 2177 1381 2238 pro
1394 2133 1537 2243 ffiffi„

275 2258 564 2339 tempore'oedere.
610 2257 693 2322 Cum
708 2279 783 2322 vero
798 2279 959 2322 annorum
973 2260 1070 2323 series
1088 2259 1191 2322 eidem
1206 2257 1382 2341 epidemice
1394 2260 1516 2334 invadere,

277 2359 487 2441 producendo
502 2359 640 2422 nimium
654 2361 873 2438 faveat,unum
889 2361 1066 2424 alterumve
1080 2361 1179 2424 etiam
1194 2360 1304 2442 quovis
1319 2359 1382 2422 alio
1394 2339 1522 2448 ζῖἶζοὲω’

276 2465 426 2543 tempore
447 2468 555 2544 potest
576 2461 689 2539 ferire3
721 2462 801 2544 quin
822 2470 856 2526 et
877 2463 964 2527 circa
984 2463 1067 2526 veris
1087 2464 1279 2544 ingressum,
1299 2461 1382 2524 forte
1394 2450 1477 2561 27³⁰*
1489 2466 1527 2497 ⁰⁰·

280 2562 381 2626 etiam
395 2564 565 2640 maturius,
583 2564 622 2644 (si
637 2584 754 2646 nempe
769 2585 848 2628 aura
866 2564 1000 2628 calidior
1012 2563 1292 2649 intemperantiori
1306 2563 1383 2645 gelu
1395 2529 1509 2640 elffii

277 2664 456 2749 derepente
475 2665 582 2729 soluto
597 2685 671 2730 mox
685 2665 927 2748 supervenerit)
944 2667 1053 2749 plures
1067 2666 1190 2749 aliquot
1204 2666 1381 2728 incessere:

172 2846 177 2861 Ι
278 2765 379 2844 unde,
395 2767 546 2850 perpauci
560 2767 636 2831 licet
651 2767 773 2831 fuerint
787 2768 845 2852 qui
865 2769 926 2832 hoc
941 2769 1161 2851 corripiantur
1169 2767 1292 2844 morbo,
1308 2788 1383 2830 cum

276 2867 408 2932 tamenr
420 2869 454 2932 id
466 2877 610 2952 tempore
624 2870 671 2932 ita
680 2869 786 2934 alieno
800 2870 980 2952 contingat,
993 2870 1071 2934 satis
1085 2870 1151 2933 scio
1159 2870 1248 2932 illam
1263 2869 1382 2932 eonsti-

277 2971 443 3036 tutionem
467 2973 556 3036 haud
578 2972 781 3036 mediocriter
806 2972 882 3035 huic
908 2971 1020 3035 morbo
1046 2971 1225 3054 suffragari
1270 2973 1382 3056 Atque

277 3073 328 3136 ita
348 3095 382 3136 se
403 3094 455 3137 res
477 3073 592 3136 habuit
611 3095 668 3156 per
687 3095 741 3136 eos
762 3095 864 3136 annos
884 3073 1001 3156 quibua
1017 3074 1229 3156 Dysenteriae
1250 3072 1298 3136 ita
1316 3073 1382 3136 late

275 3174 580 3258 depopulabantur3
613 3175 804 3257 quandoque
828 3175 915 3238 enim
941 3174 1026 3238 circa
1054 3175 1152 3238 finem
1175 3174 1300 3257 hyemis
1324 3182 1382 3237 aut

276 3277 364 3340 veris
385 3277 516 3341 initium
539 3277 600 3358 (uti
627 3277 669 3360 [e.
692 3276 736 3362 1.]
761 3277 907 3359 dictum)
927 3276 981 3340 hic
999 3275 1131 3340 morbus
1145 3275 1234 3338 hunc
1250 3275 1382 3338 illumve

276 3379 428 3442 vexabat.
1155 3391 1158 3394 ’

330 3481 391 3564 [3.]
417 3481 518 3545 Nunc
537 3501 612 3545 cum
630 3481 736 3564 rigore
750 3482 944 3564 horroreque
963 3481 1150 3564 aggreditur
1168 3480 1222 3544 hic
1236 3479 1377 3557 morbus,
1391 3494 1513 3557 Dyme·

278 3603 362 3664 quos
384 3584 529 3666 sequitur
549 3583 650 3647 totius
673 3583 812 3666 corporis
834 3584 930 3660 calor,
953 3585 1002 3666 (ut
1023 3583 1059 3646 iu
1080 3583 1224 3646 febribus
1246 3582 1378 3644 solenne
1390 3559 1497 3686 ΞᾙΙζ

278 3685 353 3761 est,)
374 3690 471 3766 atque
488 3684 576 3748 hune
594 3684 683 3748 brevi
702 3691 775 3767 post
794 3685 915 3748 ventris
935 3685 1085 3762 tormina,
1103 3685 1167 3748 iata
1183 3704 1258 3747 vero
1275 3683 1379 3768 dejec-

279 3785 397 3850 tiones.
443 3786 546 3872 Saepe
564 3807 638 3850 vero
653 3785 744 3849 nulla
762 3786 925 3849 antecedit
942 3786 1040 3850 febris
1054 3786 1246 3869 praesensio,
1262 3801 1379 3867 agmen

278 3897 392 3952 autem
415 3887 539 3952 ducunt
556 3888 707 3966 tormina,
731 3887 924 3970 dejectiones
943 3889 1194 3972 subsequuntur.
1246 3887 1380 3968 Semper

279 3995 393 4052 tamen
407 3989 498 4054 adest
515 3990 631 4073 iugens
651 3990 811 4054 cruciatus
829 3999 862 4054 et
879 3991 1107 4054 intestinorum
1127 3988 1288 4070 depressio
1304 4009 1380 4051 cum

281 4089 391 4154 dolore
412 4091 537 4174 quoties
557 4099 750 4156 exoneratur
770 4093 869 4170 alnis,
884 4113 960 4155 eum
979 4091 1099 4155 crebris
1118 4089 1232 4152 itidem
1249 4088 1379 4170 dejecti-

279 4190 408 4272 onibus,
435 4200 468 4256 et
493 4192 720 4258 molestissimo
744 4193 903 4260 viscerum
926 4193 1074 4256 omnium
1099 4189 1191 4271 quasi
1214 4188 1379 4252 descensu.

273 4294 488 4377 Dejectiones
509 4314 656 4358 mucosae
676 4304 753 4360 sunt
771 4316 893 4372 omnes,
908 4315 977 4358 non
996 4300 1201 4368 stercorosae,
1216 4288 1280 4352 nisi
1295 4290 1381 4370 quod

282 4415 519 4479 nonnunquam
541 4402 716 4462 stercorosa
740 4395 969 4479 interponitur,
989 4392 1086 4474 idque
1108 4390 1178 4453 sine
1200 4390 1309 4454 dolore
1330 4389 1380 4452 in-

279 4496 375 4580 signi.
421 4494 568 4560 Mucosis
586 4496 674 4562 hisce
694 4495 927 4582 dejectionibus
949 4495 1192 4558 intertexrmtur
1213 4490 1381 4572 sanguinis

276 4599 440 4684 quaedam
454 4596 653 4660 lineamenta
660 4623 670 4676 ;
686 4599 878 4682 quandoque
889 4605 1000 4660 tamen
1011 4608 1053 4658 ne
1067 4592 1240 4658 minimum
1251 4591 1382 4675 quidem

689 4722 699 4754 ¹
714 4721 802 4784 tumen]
815 4735 862 4772 om.
875 4722 912 4770 ed.
925 4710 988 4772 '76.'
