3825 5759
371 787 414 835 Dr
427 785 513 833 Vixi·

522 607 589 672 344
835 607 1032 674 'PHOMAE
1056 607 1315 672 SYDENHAM

526 769 625 833 vitam
639 769 708 852 ipso
722 769 807 833 facto
822 769 1036 852 extinguant)
1056 790 1153 853 quam
1167 768 1271 852 magis
1286 767 1393 832 dubiis
1408 788 1446 832 ac
1459 768 1650 832 fallacibus
1721 740 1722 745 ἵ

371 851 513 898 ⁰2¹⁵⁰⁰²¹·
527 872 676 936 Mecnae
691 871 781 935 Ares
799 872 929 954 regulis.
974 871 1124 955 Exempli
1138 871 1262 954 grstia:
1285 869 1375 934 febre
1390 869 1527 934 arcente
1540 871 1648 934 laba

387 927 499 962 rtucnr.

369 985 515 997 ————

380 2623 497 2682 Naturae,

379 2704 427 2738 non
439 2689 503 2748 Arri,

406 2769 420 2802 ο
470 2761 480 2802 t

525 996 602 1039 rans
616 974 772 1039 tenuioris
792 982 887 1059 potus
902 974 1105 1057 refrigerium
1122 972 1297 1036 liberaliori
1314 993 1416 1036 manu
1438 991 1646 1035 concessum

525 1075 566 1138 iri
585 1075 793 1138 vehementer
815 1075 970 1158 efflagitat
979 1100 989 1153 ;
1023 1075 1113 1139 Artis
1133 1075 1204 1159 jam
1224 1075 1436 1152 theoremata,
1455 1073 1645 1157 hypothesi

526 1175 622 1238 alicui
636 1175 756 1253 innixa,
774 1197 855 1258 quae
870 1177 931 1240 sibi
946 1177 1046 1240 ulium
1064 1199 1197 1261 scopum
1210 1177 1372 1260 proponit,
1389 1197 1530 1259 quocum
1547 1198 1642 1259 pug-

525 1285 585 1342 nat
606 1277 738 1362 liquoris
760 1279 909 1362 frigentis
930 1279 1145 1362 indulgentia,
1172 1279 1330 1363 appetitui
1352 1279 1578 1357 adversantur,
1603 1289 1640 1343 et

526 1379 624 1464 hujus
638 1380 708 1444 loco
723 1380 996 1445 medicamentum
1010 1381 1193 1445 cardiacum
1207 1382 1381 1464 imperant.
1423 1380 1519 1444 Idem
1534 1401 1640 1463 aeger

527 1483 674 1548 alimenti
695 1504 792 1548 omne
814 1505 927 1567 genus,
949 1484 1081 1567 dempto
1103 1491 1184 1566 potu
1205 1483 1307 1562 tenui,
1328 1482 1547 1566 maximopere
1566 1483 1638 1545 fas·

527 1585 602 1650 tidit
612 1612 622 1663 ;
651 1585 704 1650 hic
730 1587 803 1665 Ars,
823 1587 964 1650 maxime
985 1586 1042 1649 illa
1065 1607 1163 1669 quem
1184 1587 1379 1669 profitentur
1399 1584 1577 1648 curatrices
1602 1594 1638 1648 et

528 1689 623 1752 amici
640 1689 814 1768 adstantes,
831 1690 964 1754 omnino
983 1687 1218 1754 comedendum
1232 1709 1301 1751 esse
1319 1687 1436 1752 acriter
1449 1687 1636 1750 contendit.

528 1792 632 1869 Alter,
652 1799 725 1875 post
749 1791 941 1856 diuturnum
962 1792 1003 1856 ab
1023 1790 1136 1855 eadem
1158 1812 1257 1855 causa
1276 1791 1476 1874 languorem,
1498 1789 1637 1854 absurdi

529 1895 660 1978 aliquid,
672 1901 705 1958 et
721 1895 807 1977 quod
817 1895 900 1958 forte
915 1916 1031 1959 nocere
1045 1916 1138 1978 posse
1151 1895 1308 1973 videatur,
1319 1895 1437 1959 obnixe
1446 1895 1552 1978 petit3
1567 1895 1636 1958 Ars

527 1997 648 2060 iterum
670 1996 807 2061 molesta
827 2017 860 2060 se
881 1998 1025 2080 opponit,
1041 2003 1075 2061 et
1097 2004 1236 2062 mortem
1255 1999 1398 2062 intentat
1419 2019 1544 2061 morem
1563 2019 1635 2060 nou

530 2097 667 2178 gerenti,
689 2097 752 2160 nisi
769 2098 851 2161 sorte
873 2098 962 2181 ipsus
985 2099 1114 2162 Artifex
1134 2121 1251 2164 sanum
1270 2100 1363 2163 illum
1388 2099 1635 2183 prudentissimi

529 2199 737 2282 Hippocratis
751 2201 969 2281 Aptmismem
990 2202 1036 2286 [ii.
1053 2205 1106 2266 38.
1121 2209 1147 2266 t.
1163 2203 1359 2289 iii.p.717.]
1378 2203 1477 2286 probe
1495 2223 1634 2267 concox-

531 2300 602 2378 erit,
631 2299 692 2383 [Τὸ
714 2303 839 2387 σμικρῷ
859 2305 967 2389 χεῖρον
988 2302 1042 2368 καὶ
1066 2303 1158 2383 πόμα
1178 2303 1234 2369 καὶ
1255 2306 1367 2384 σιτίον,
1392 2302 1481 2385 ἥδιον
1502 2302 1546 2380 δὲ,
1567 2305 1634 2368 τῶν

528 2399 706 2480 βελτιόνων
721 2402 789 2484 μὲν,
805 2401 1002 2490 ἀηδεστέρων
1023 2403 1065 2485 δὲ,
1085 2409 1214 2487 μᾶλλον
1227 2404 1375 2494 αἱρετέον,
1393 2408 1416 2470 i.
1426 2407 1470 2490 e.]
1494 2407 1588 2470 cum
1601 2413 1633 2470 et

525 2509 621 2584 potas
633 2506 732 2586 poulo
748 2505 891 2586 deterior,
906 2509 1159 2598 cerumtamen,
1174 2510 1351 2573 melioribus
1368 2510 1499 2592 prum,
1514 2511 1572 2573 red
1583 2512 1631 2571 ia·

529 2607 723 2680 marteribus
736 2608 808 2690 (hoc
822 2615 881 2688 est,
897 2611 999 2674 mines
1010 2613 1137 2694 pratia)
1151 2618 1197 2676 eat
1211 2612 1447 2694 anteponendus.
1484 2611 1567 2695 [27]
1586 2612 1630 2674 In

379 2768 404 2800 m
421 2770 469 2802 ses
529 2711 582 2775 his
597 2711 747 2776 omnihus
762 2712 909 2777 Naturae
927 2715 976 2796 (ut
992 2714 1140 2797 videtur,)
1165 2715 1421 2779 aberrationibus
1444 2713 1571 2798 quilibet
1589 2714 1626 2775 in

377 2819 504 2880 gerendus.

532 2815 622 2898 praxi
645 2815 770 2879 medica
791 2817 841 2880 vel
866 2816 1071 2881 mediocriter
1092 2824 1246 2896 versatus,
1268 2817 1365 2882 modo
1390 2819 1535 2882 animum
1555 2814 1626 2878 dili-

532 2925 646 3000 genter
657 2918 839 2998 adverterit,
849 2920 942 2984 facile
954 2919 1118 2998 concedet,
1131 2942 1242 3004 aegros
1253 2920 1342 2984 haud
1356 2941 1484 3004 paucos,
1495 2919 1553 2983 ubi
1566 2919 1628 3002 pri-

527 3041 621 3088 mum
636 3021 755 3104 (spreto
767 3021 888 3086 Medici
900 3022 1097 3105 dictamine)
1110 3024 1205 3106 genio
1217 3044 1275 3086 suo
1286 3021 1585 3099 obsecundaverint,
1596 3042 1628 3084 se

530 3124 646 3186 melius
666 3123 828 3188 habuisse.
872 3125 990 3208 Neque
1009 3125 1071 3190 hoc
1085 3147 1163 3190 sane
1182 3126 1363 3205 mirabitur,
1379 3127 1436 3210 qui
1457 3146 1569 3190 secum
1581 3147 1627 3189 re·

529 3225 701 3306 putaverit,
714 3226 994 3308 Sapientissimum
1003 3230 1498 3294 rerumomnium00un1ronru
1510 3228 1628 3292 Sraro·

532 3345 668 3408 neuque
690 3327 928 3392 universatem
951 3331 1111 3413 exquisito
1133 3332 1245 3397 ordine
1267 3332 1516 3410 absolvissent,
1537 3332 1628 3395 sicuti

532 3427 641 3490 omnia
655 3427 802 3492 Naturae
824 3430 909 3494 mela
923 3431 965 3495 sd
984 3433 1243 3499 concinnandam
1265 3435 1367 3499 totius
1386 3434 1491 3518 operis
1505 3433 1626 3497 harmo-

532 3527 621 3592 niam
643 3529 771 3613 egregie
795 3533 991 3616 conspirent,
1014 3535 1061 3599 ita
1082 3557 1194 3600 eorum
1215 3537 1343 3620 singula
1364 3536 1472 3600 divino
1493 3535 1626 3618 quodam

530 3629 675 3711 artificio,
698 3633 844 3717 propriae
867 3636 1026 3730 essentiae
1046 3639 1137 3721 quusi
1163 3640 1349 3716 intertexto,
1372 3638 1546 3716 donantur,
1568 3658 1625 3720 quo

531 3731 715 3816 subjectum
737 3736 849 3800 eadem
867 3737 953 3801 mala
975 3761 995 3802 a
1014 3761 1048 3803 se
1071 3741 1260 3819 amoliatur,
1284 3740 1371 3824 quod
1389 3740 1424 3803 iu
1445 3737 1625 3804 morborum

379 3851 519 3928 morbiue
532 3857 629 3919 quern
643 3838 787 3922 plurium
802 3847 971 3904 acutorum
986 3841 1076 3905 exitu
1090 3843 1231 3906 natrrrali
1246 3842 1323 3906 satis
1342 3841 1495 3920 cernitur,
1514 3843 1626 3924 (codor

377 3923 519 4029 qqupqpm
533 3939 613 4020 dico,
624 3941 679 4024 qui
690 3941 915 4024 utplurimum
927 3943 1063 4008 DEUM
1073 3944 1195 4008 habeut
1207 3943 1386 4022 authorem,
1399 3944 1482 4007 sicut
1491 3942 1624 4007 chronici

376 4045 517 4096 habentne·
529 4043 616 4126 ipsos
631 4045 713 4129 nos,)
730 4045 780 4109 uti
795 4045 893 4110 etiam
912 4047 948 4110 in
967 4045 1232 4130 propensioribus
1253 4045 1323 4108 istis
1338 4065 1421 4128 quae
1434 4045 1516 4108 tales
1535 4041 1622 4107 comi·

376 4112 480 4170 thorem,

374 4177 511 4226 sicutehrc
531 4155 645 4214 teutur
670 4149 809 4229 morbos,
834 4157 867 4216 et
894 4149 935 4214 ad
965 4171 1099 4234 aegrum
1122 4149 1163 4213 ab
1186 4149 1242 4212 illa
1264 4147 1406 4233 pernicie
1428 4145 1622 4211 liberandum

376 4242 428 4354 222¹
437 4242 503 4307 ΨΜ
530 4251 615 4316 viam
630 4259 772 4332 struunt,
788 4274 886 4336 quem
896 4253 960 4316 Ars
976 4253 1089 4331 adfert,
1102 4253 1226 4336 quoties
1237 4251 1271 4316 iu
1286 4252 1393 4316 fatuos
1403 4250 1500 4315 cadit.
1523 4249 1622 4361 Atque

529 4355 566 4418 in
580 4355 641 4420 hoc
656 4377 733 4420 sane
750 4355 834 4420 bene
849 4377 924 4420 cum
938 4355 1124 4420 hominibus
1143 4353 1260 4437 agium,
1284 4375 1422 4437 quorum
1437 4372 1539 4435 genus
1557 4371 1621 4412 um-

529 4480 657 4522 versum
688 4461 782 4524 aliter
810 4481 845 4524 se
874 4479 1030 4544 perquam
1059 4459 1143 4522 male
1172 4456 1338 4521 habuisset
1366 4462 1440 4519 tum
1464 4474 1541 4518 cum
1565 4452 1621 4517 Ars

530 4559 661 4626 Medica
675 4563 763 4627 intra
777 4563 888 4628 breves
901 4562 1057 4627 Hellados
1072 4561 1229 4626 caucellos
1243 4567 1314 4625 tota
1328 4566 1448 4636 staret3
1471 4577 1553 4640 quae
1561 4553 1620 4638 qui·

529 4662 605 4725 dem
621 4683 691 4728 eam
705 4666 771 4730 fere
786 4667 827 4730 ad
842 4673 1001 4730 terrarum
1020 4665 1132 4730 orbem
1150 4664 1391 4747 proportionem
1409 4660 1518 4737 habet,
1535 4677 1621 4741 quam

530 4765 628 4830 habet
643 4767 794 4850 ignobilis
814 4770 919 4852 alique
933 4770 1008 4833 villa
1023 4769 1064 4833 ad
1078 4777 1222 4832 nostram
1236 4767 1321 4831 hanc
1335 4761 1551 4830 Britanniam.
1582 4757 1621 4823 Et
