3825 5759
678 812 895 893 nocrrssrno
911 844 1000 894 vnio

549 981 769 1057 ΤΗΟΜΑΕ
809 984 997 1077 sflour,
1027 986 1121 1061 Mo.

686 1171 759 1207 com..
772 1172 837 1208 ΗΕΒ.
849 1172 928 1209 ῙιΟΝΒ.
941 1174 995 1210 100.

333 1310 410 1372 EN
420 1310 498 1386 Tibi,
514 1311 742 1376 Humanissime
760 1315 824 1391 Ver,
843 1316 1058 1379 Tractatulum
1068 1317 1105 1379 de
1118 1318 1264 1403 Podapra
1275 1328 1305 1381 et
1316 1319 1388 1404 Hy-

289 1412 390 1496 drope,
407 1414 468 1475 loco
485 1416 635 1497 spissioris
655 1418 813 1479 uoluminis
827 1419 909 1502 quod
928 1422 1030 1482 animo
1050 1420 1289 1498 destinaveram
1311 1423 1390 1485 Isis·

290 1518 399 1577 toriam
421 1516 552 1601 intellipo
573 1518 752 1581 Morborum
783 1516 1009 1594 Obronicorum,
1033 1540 1135 1583 eorum
1157 1524 1285 1583 manime
1305 1524 1388 1584 circa

289 1638 363 1701 quos
386 1639 452 1679 mea
476 1618 592 1681 Prasis
607 1621 797 1703 potissimum
825 1630 946 1683 uersata
974 1630 1026 1683 est.
1076 1620 1154 1687 Cum
1182 1644 1251 1685 vero
1276 1644 1390 1685 omnem

288 1720 442 1802 copitondi
464 1722 525 1782 vim
550 1731 640 1806 atque
659 1743 758 1785 omnes
782 1744 887 1785 neruos
916 1724 964 1785 nis
992 1724 1080 1786 rebus
1097 1724 1171 1806 plus
1193 1726 1270 1786 satis
1291 1725 1389 1787 inten-

288 1822 393 1897 dendo,
427 1824 602 1885 atrociorem
634 1824 792 1908 podaprae
823 1847 1042 1909 paroxysmum
1071 1827 1147 1889 mibi
1180 1827 1387 1888 accersiverim

288 1945 380 2007 quam
395 1945 454 2007 quo
467 1924 547 1987 alias
560 1923 612 2007 (ut
619 1924 856 2009 puto,)fireram
871 1926 1082 2001 mulctandus;
1106 1948 1155 1988 res
1168 1928 1236 2010 ipsa
1252 1927 1389 1988 monebat

289 2034 325 2087 ut
343 2026 400 2090 bos
421 2026 641 2089 lumbrationes
662 2026 712 2089 vel
734 2028 845 2089 invitm
861 2048 1013 2110 ponerem,
1036 2036 1066 2089 et
1086 2027 1161 2088 mibi
1181 2027 1302 2089 tandem
1323 2028 1388 2109 ipse

289 2128 478 2204 consulerem,
504 2128 558 2191 bos
581 2137 699 2191 tantum
728 2128 843 2190 morbos
871 2128 946 2190 duos
974 2128 1185 2212 quadantenus
1207 2126 1388 2209 ezpedioisse

288 2238 449 2291 contentus
501 2228 624 2306 Quoties
643 2231 721 2317 enim
739 2229 783 2291 ad
800 2228 874 2291 baec
894 2228 999 2291 studia
1021 2250 1067 2289 me
1087 2226 1277 2311 recipiebam,
1300 2228 1386 2289 toties

289 2338 319 2391 et
333 2329 476 2413 podopro
498 2330 678 2391 recurrebat.
723 2328 795 2391 Hoc
815 2331 916 2414 itaque
937 2332 1044 2413 opens,
1060 2330 1149 2414 quale
1165 2329 1255 2413 quale
1268 2328 1388 2391 demum

288 2431 389 2505 idest,
405 2432 538 2514 accipere
554 2432 695 2515 dipneris,
711 2432 792 2515 quod
811 2432 883 2493 Tibi
900 2432 1019 2493 duabus
1034 2432 1224 2514 potissimum
1239 2430 1390 2492 decausis

288 2534 451 2595 dicandum
473 2555 591 2597 censeo:
614 2533 765 2607 Primum,
786 2534 867 2616 quod
886 2555 992 2595 eorum
1011 2536 1165 2617 quasjom
1182 2532 1252 2594 olim
1267 2534 1299 2593 in
1311 2532 1389 2613 pub·

290 2636 380 2696 licum
401 2634 470 2696 dedi
490 2635 736 2708 obseruationum,
751 2655 772 2694 a
791 2634 969 2717 quibusdam
991 2634 1206 2716 despectorum,
1230 2632 1388 2694 utilitatem

289 2736 434 2820 aliquam,
457 2757 516 2797 non
538 2744 656 2797 tantum
678 2756 724 2796 me
747 2756 848 2796 coram
870 2742 961 2818 atque
982 2736 1015 2795 in
1037 2755 1078 2807 os,
1101 2734 1263 2795 sedetiam
1285 2754 1388 2795 coram

289 2837 368 2911 aliis,
380 2857 540 2919 opuoscere
547 2844 638 2919 atque
648 2856 779 2897 asserere
790 2835 891 2897 nullus
901 2836 1084 2896 dubitaveris
1087 2857 1101 2909 ,·
1123 2835 1252 2908 Deinde,
1262 2834 1344 2918 quod
1352 2856 1388 2896 ex

289 2941 394 3023 aliqua
416 2938 625 3000 consrutudine
645 2959 738 3022 quam
759 2946 895 2999 mutuam
917 2937 1086 3011 babuimus,
1110 2936 1234 2998 consilio
1253 2938 1286 2997 in
1309 2957 1388 2997 oom-

289 3062 378 3104 mune
395 3061 456 3124 pro
478 3060 638 3123 aeprorum
664 3038 823 3101 commodis
846 3040 1036 3123 conferentes,
1062 3059 1115 3123 epo
1140 3038 1243 3099 Tuum
1265 3039 1388 3121 ponium

288 3144 530 3228 deprehenderim
551 3144 595 3205 ad
606 3144 729 3206 Procin
743 3142 900 3207 Medicam
921 3145 1060 3227 opprime
1068 3144 1216 3227 factum,·
1239 3142 1386 3225 quodque,

290 3250 409 3311 tametsi
422 3248 560 3309 doctrina
575 3248 670 3309 omnis
684 3248 802 3331 pencris
815 3246 1007 3320 inclarescas,
1030 3245 1075 3306 Te
1088 3254 1188 3308 tamen
1202 3242 1330 3306 Natura
1344 3243 1389 3304 ad

289 3371 340 3411 eas
358 3352 462 3433 potius
486 3348 665 3413 nubtilitates
689 3348 930 3410 determinaverit
953 3367 1070 3431 quaec
1091 3347 1187 3430 prasi
1207 3353 1385 3419 nascuntur,

289 3473 380 3536 quam
392 3452 435 3513 ad
448 3454 552 3513 inanes
565 3450 779 3533 speculationes
787 3470 921 3533 3-quae
934 3448 995 3510 duo
1009 3448 1095 3510 lsaud
1106 3449 1217 3509 minori
1229 3446 1387 3509 interuallo

289 3574 310 3613 a
324 3574 355 3613 se
369 3554 493 3615 inuicem
514 3552 637 3627 distant,
653 3573 747 3636 quom
768 3553 936 3635 sapientum
954 3572 1002 3612 res
1022 3551 1118 3611 seriae
1131 3570 1170 3612 ac
1184 3550 1311 3611 macinii
1323 3570 1387 3610 mo·

289 3656 381 3715 menti
400 3676 421 3715 o
439 3654 635 3738 puerulorum
657 3654 727 3717 ludo
748 3675 786 3715 oo
808 3652 979 3736 crepundiis
997 3652 1255 3726 distorrninontur,
1270 3659 1300 3712 et
1313 3651 1386 3732 for·

291 3766 369 3819 tasse
390 3753 467 3839 (nisi
486 3778 532 3819 me
544 3759 641 3840 fallit
661 3758 824 3819 observatio
839 3753 931 3840 meu)
940 3775 1071 3838 perraro
1093 3756 1126 3816 in
1146 3755 1246 3818 somus
1260 3754 1388 3836 sum'ecto

289 3860 473 3921 conveniunt.
535 3859 623 3936 Quae
652 3860 724 3923 Tuo
745 3860 906 3944 sopacitos,
923 3861 1037 3942 juncto
1056 3860 1275 3941 opportunitati
1295 3878 1387 3941 quom

296 3960 368 4023 Tibi
390 3960 594 4044 suppeditavit
614 3964 717 4045 inpens
742 3961 985 4025 medicondorum
1010 3963 1097 4044 copia
1121 3962 1166 4022 ad
1188 3963 1387 4044 experimerita

289 4062 476 4137 stabilienda,
508 4062 553 4125 Te
580 4063 624 4125 ad
645 4067 730 4126 Artis
753 4072 872 4127 nostroe
885 4062 1052 4149 sostipium
1073 4063 1189 4137 eveuit‚·
1217 4069 1248 4122 et
1270 4082 1388 4123 morum

290 4168 414 4228 comitas
428 4186 532 4227 uersus
546 4188 644 4229 omnes
658 4167 745 4229 baud
757 4166 892 4251 rumoris
906 4167 1158 4239 cuistimationem,
1174 4186 1264 4248 quam
1281 4174 1388 4227 nactm

289 4287 328 4342 es,
335 4266 436 4348 facile
450 4268 588 4329 nubitur.
620 4268 658 4331 Si
671 4290 750 4353 quoe
763 4268 827 4329 beia
841 4268 978 4341 disserui,
994 4287 1086 4349 neque
1108 4266 1188 4339 Tibi,
1203 4266 1325 4345 cui-ista
1340 4266 1388 4325 in·

288 4368 395 4443 scribo,
411 4388 464 4429 nec
474 4370 585 4453 paucis
599 4370 669 4443 illis,
685 4378 720 4431 ot
739 4377 890 4450 spectatae
899 4368 1062 4450 probitatis
1082 4368 1166 4440 viris,
1181 4386 1255 4448 quos
1276 4366 1388 4425 amicos

289 4468 391 4545 babeo,
405 4471 477 4531 vitio
498 4472 571 4533 dari
585 4472 712 4554 possint,
728 4470 814 4531 baud
833 4470 961 4531 multum
980 4469 1056 4530 alios
1070 4466 1218 4541 morabor,
1234 4467 1290 4549 qui
1302 4464 1388 4527 nulla

290 4572 354 4633 alia
368 4572 405 4633 de
419 4593 513 4634 causa
527 4574 604 4635 mibi
616 4573 810 4655 insanissimi
822 4580 902 4645 sunt,
918 4572 980 4633 nisi
992 4570 1073 4655 quod
1085 4570 1173 4632 aliter
1187 4577 1249 4631 tam
1264 4568 1389 4651 deipsis

289 4674 399 4735 morbis
413 4696 505 4758 quam
527 4676 564 4737 de
585 4698 684 4739 eorum
708 4675 912 4737 curationibus
929 4676 1065 4749 sentiam,
1082 4682 1171 4758 atque
1185 4673 1231 4736 illi
1247 4675 1386 4736 sentiant.

296 4773 388 4851 Quod
408 4786 442 4838 ut
461 4781 505 4840 ita
527 4800 586 4843 non
597 4780 701 4860 fieret,
713 4798 805 4863 penes
825 4800 871 4840 me
889 4778 972 4840 nullo
993 4779 1079 4841 modo
1086 4779 1179 4860 suit,-
1201 4778 1324 4864 quando
1344 4778 1389 4838 sic
