3825 5759
560 658 625 721 578
869 654 1065 720 ‘PHOMAE
1090 655 1349 720 SYDENHAM

411 896 431 943 c
456 830 497 879 ns
561 816 655 881 horas
678 817 741 881 sibi
764 817 934 897 vendicat)
963 818 1188 901 paregorioum
1211 817 1371 883 curationi
1396 816 1618 883 coronidem
1610 839 1660 881 nn-

434 909 543 944 noem

423 960 530 1163 ΜΞΞΟ
507 920 670 1106 ῃροῗῖ]
699 1022 824 1085 Sinon
846 1023 1014 1087 secesserit
1038 1022 1188 1088 Medicus
1213 1023 1277 1087 nisi
1300 1030 1474 1108 postquam
1497 1044 1599 1107 aeger
1616 1043 1661 1085 ro

407 1124 499 1228 ἔξω
500 1115 644 1188 ¹⁸mitu
659 1131 692 1188 et
707 1124 940 1209 dejectionibus
960 1146 1017 1210 per
1031 1126 1150 1190 multas
1169 1124 1265 1191 horas
1284 1127 1484 1191 continuatis
1499 1125 1603 1191 fuerit
1617 1146 1661 1189 ex·

407 1252 484 1301 m
480 1195 526 1291 ῐιι
561 1228 706 1307 haustus,
736 1230 808 1292 et
795 1250 863 1313 Jam
889 1229 1064 1312 frigescant
1093 1228 1314 1294 membrorum
1339 1238 1496 1307 extreme,
1524 1237 1601 1295 tum
1628 1227 1663 1291 ad

407 1261 541 1421 {mum
561 1330 739 1396 landarum
757 1331 918 1416 liquidum
937 1332 1192 1416 confugiendum
1212 1334 1319 1397 estin
1337 1334 1433 1417 paulo
1452 1334 1574 1418 majori
1592 1332 1662 1409 dosi,

409 1438 553 1500 fugiendum
565 1435 724 1518 (videlieet
746 1435 879 1500 laudaui
909 1435 1025 1520 liquidi
1054 1442 1165 1520 guttas
1190 1436 1473 1520 vigintiquinque
1502 1438 1543 1501 in
1570 1456 1665 1520 aquae

563 1538 759 1603 cinnamomi
782 1539 875 1605 sortis
897 1540 996 1604 uncia
1021 1540 1118 1621 uns3)
1143 1546 1186 1619 et,
1207 1561 1283 1604 cum
1303 1540 1498 1604 cessaverint
1524 1546 1665 1625 sympto-

562 1648 660 1721 mata,
675 1642 886 1707 nihilominus
898 1664 1002 1707 mane
1022 1651 1055 1707 et
1076 1663 1147 1707 sero
1162 1642 1306 1726 quotidie
1325 1650 1374 1707 est
1389 1642 1610 1726 repetendum
1625 1644 1666 1725 (at

562 1745 598 1809 in
612 1744 731 1809 minori
720 1745 836 1829 dosi,)
854 1745 957 1810 donec
972 1745 1123 1829 pristinas
1137 1744 1219 1809 vires
1234 1744 1400 1829 receperit.

410 1860 507 1924 Species
613 1850 673 1933 [5.]
696 1850 757 1913 Est
772 1850 893 1933 species
908 1848 1066 1933 quaedam
1080 1848 1239 1915 Choleree
1254 1848 1364 1914 Morbi
1378 1848 1564 1913 infantibus
1579 1846 1668 1912 valde

410 1926 542 2038 ξιᾏξζζζῖ,
563 1951 739 2031 familiaris,
755 1973 793 2016 ac
812 1972 1043 2037 saepenumero
1061 1951 1200 2032 funesta,
1216 1973 1256 2017 ex
1275 1951 1456 2016 dentitione
1470 1951 1519 2017 vel
1537 1950 1669 2038 crepula

410 2054 542 2105 f²¹¹¹i¹i⁸¹i¹=
562 2054 722 2137 originem
736 2055 868 2119 ducens.

612 2157 674 2243 [6.]
699 2158 826 2221 Horum
840 2164 929 2222 aetas
948 2158 1069 2223 tenella
1087 2157 1222 2223 minime
1243 2158 1307 2223 lert
1328 2164 1367 2222 ut
1387 2158 1531 2222 diluatur
1546 2156 1669 2221 ventri-

563 2259 655 2323 culus
676 2259 768 2342 larga
787 2260 952 2343 liquorum
973 2260 1149 2345 potatione,
1168 2262 1272 2326 multo
1294 2262 1402 2325 minus
1423 2266 1462 2324 ut
1484 2258 1670 2325 catharticis

563 2362 724 2427 tumultus
740 2364 842 2448 major
857 2364 894 2428 in
907 2364 1098 2430 humoribus
1113 2365 1271 2429 excitetur
1279 2390 1289 2444 ;
1312 2364 1369 2429 sed
1384 2364 1586 2429 curationem
1601 2364 1670 2429 lau-

563 2465 648 2529 dano
662 2465 729 2529 solo
744 2466 877 2550 aggredi
894 2474 1038 2552 oportet:
1063 2467 1273 2551 quamobrem
1288 2474 1398 2551 guttas
1418 2467 1508 2545 duas,
1523 2474 1603 2545 tres,
1620 2466 1670 2529 vel

564 2574 711 2652 quatuor,
727 2570 777 2633 vel
792 2570 908 2654 plures,
925 2592 983 2654 pro
1006 2571 1131 2635 ratione
1154 2571 1279 2650 aetatis,
1295 2570 1453 2635 cochleari
1466 2568 1669 2633 uno‘oerevi-
1734 2626 1735 2645 ,

563 2672 628 2736 siae
650 2672 768 2751 tenuis,
783 2674 834 2737 rel
856 2694 957 2757 aquae
980 2674 1119 2758 cujusvis
1142 2674 1372 2758 appropriatee,
1387 2672 1564 2737 instilletee
1578 2670 1669 2736 exhi-

562 2774 711 2854 beantur,
726 2784 980 2860 repetanturque
996 2782 1033 2841 ut
1048 2798 1128 2861 opus
1142 2778 1250 2843 fuerit.

1005 2963 1101 3028 CAP.
1125 2964 1231 3029 XXV.

934 3075 984 3139 De
1002 3076 1107 3140 Colica
1122 3077 1296 3141 Pictonum.

436 3219 461 3250 m
491 3204 511 3251 ιι
607 3184 673 3248 Iler
696 3184 817 3268 speeies
843 3185 1002 3269 quaedam
1030 3184 1171 3267 Colicae,
1197 3207 1278 3271 quae
1304 3184 1500 3269 degenerare
1526 3184 1606 3250 solet
1630 3184 1665 3248 in

427 3284 490 3380 ΜΝ
563 3287 726 3372 paralysin
748 3295 782 3352 et
803 3296 912 3353 motus
934 3288 1154 3354 omnimodam
1175 3290 1334 3353 manuum
1356 3308 1393 3353 ac
1415 3288 1536 3373 pedum
1555 3288 1663 3373 depra-

563 3390 737 3469 vationem,
756 3391 863 3475 (quam
878 3392 938 3456 hoc
953 3391 1085 3455 nomine
1101 3390 1248 3455 Riverius
1262 3390 1298 3453 in
1318 3389 1432 3473 [Prae.
1449 3390 1537 3453 Med.
1552 3388 1608 3454 lib.
1622 3388 1666 3477 i.]·

565 3513 635 3575 cap.
653 3493 714 3577 [5.]
734 3496 784 3558 De
798 3496 948 3577 Paralysi
962 3494 1137 3578 indigitat)
1156 3500 1189 3558 et
1205 3492 1291 3578 apud
1305 3492 1427 3556 insulas
1443 3492 1599 3557 Caribum
1609 3512 1661 3555 no-

566 3595 691 3660 tissima
705 3604 764 3675 est,
779 3604 891 3681 utpote
907 3618 990 3682 quae
1005 3620 1159 3681 magnam
1173 3596 1237 3662 vim
1251 3596 1421 3661 hominum
1434 3595 1579 3662 infestat.

437 3731 451 3763 υ
474 3732 488 3764 ι
520 3731 543 3765 0.
612 3698 712 3763 Hunc
727 3698 869 3763 dolorem
889 3701 1125 3765 atrocissimum
1145 3706 1238 3765 sanat
1258 3700 1439 3765 balsamum
1453 3700 1660 3765 Pernvianum

566 3799 752 3883 frequenter
766 3801 852 3865 acin
866 3823 988 3885 magna
1002 3802 1071 3868 dosi
1086 3802 1280 3882 exhibitum5
1299 3823 1415 3886 nempe
1430 3802 1458 3866 si
1473 3802 1541 3887 ejus
1555 3808 1665 3885 guttae

565 3902 691 3987 viginti,
706 3903 852 3987 triginta,
867 3904 918 3968 vel
936 3904 1160 3990 quadraginta,
1177 3904 1320 3970 secohari
1338 3906 1491 3970 albissimi
1509 3904 1667 3967 cochleari

567 4028 634 4071 nno
647 4006 856 4086 instillentur,
872 4015 905 4071 et
927 4007 977 4072 bis
998 4008 1049 4073 vel
1070 4016 1121 4073 ter
1142 4009 1178 4073 in
1200 4008 1252 4073 die
1274 4008 1404 4074 dentur.
1448 4010 1492 4073 At
1513 4006 1669 4093 paralysis

567 4110 644 4175 huic
657 4108 800 4175 remedio
813 4109 902 4175 haud
916 4110 1012 4176 cedit.

992 4292 1087 4357 cAP.
1112 4291 1254 4355 XXVI.⁰

949 4404 999 4465 De
1013 4404 1114 4465 Iliaco
1130 4404 1290 4465 Persicae.

418 4536 485 4586 Quid
497 4537 528 4584 sit
612 4516 880 4580 Pearsrsrrrcus
902 4514 1132 4579 intestinorum
1155 4520 1263 4578 motus
1285 4512 1477 4589 invertitur;
1504 4510 1675 4595 propinate

418 4601 538 4713 ἔξω·
568 4616 746 4681 cathartica
766 4624 800 4681 et
822 4616 942 4701 injecta
964 4622 1114 4680 enemats
1134 4616 1171 4680 in
1194 4616 1330 4681 emeties
1351 4614 1462 4679 statim
1481 4620 1674 4693 transeunt3

570 4717 633 4780 alvi
646 4717 750 4781 faeces
764 4740 822 4802 per
836 4718 993 4783 vomitum
1008 4718 1208 4803 rejiciuntur.

755 4852 769 4877 ⁰
786 4846 824 4892 Cf.
838 4848 929 4895 Otsrrv.
944 4846 1006 4893 Mer.
1021 4846 1034 4895 i.
1048 4850 1070 4894 4.
1085 4848 1114 4894 5³
1126 4862 1177 4909 eq.;
1197 4849 1276 4895 Sched.
1290 4848 1373 4896 Mersit.
1388 4847 1406 4895 Ι.
1420 4846 1431 4904 5
1445 4844 1476 4893 29
1489 4858 1526 4906 sq.
