3825 5759
423 652 822 719 OBSERVA'PIONUM
845 653 1134 721 MEDICARUM
1157 662 1225 719 1.4.
1333 660 1376 722 59

264 812 353 883 derit
367 812 497 896 (accidit
506 821 614 878 autem
626 814 815 897 aliquoties)
823 821 861 879 ut
872 820 1023 898 aegrotus
1035 816 1139 878 oleum
1148 836 1278 899 prorsus
1287 837 1375 881 aver·
1409 837 1508 886 sensa

263 923 379 993 aetus-5
402 924 482 980 tunc
498 917 584 981 enim
599 917 784 999 vulgaribus
806 918 869 980 illis
883 916 1107 1000 pectoralibus,
1122 925 1160 982 ut
1177 919 1261 997 licet,
1277 940 1371 1003 opem
1390 902 1530 1015 fflffi„

266 1018 355 1091 ferre
372 1040 538 1083 conamur.
584 1019 719 1082 Interim
736 1020 840 1083 oleum
856 1019 936 1082 illud
948 1020 1199 1102 amygdalarum,
1215 1022 1372 1105 siquidem
1397 1032 1526 1103 Q

264 1119 323 1187 illo
351 1140 412 1203 per
435 1141 567 1203 aegrum
594 1120 644 1183 uti
672 1120 809 1198 licuerit,
839 1120 979 1183 bechicis
1009 1121 1080 1185 aliis
1112 1123 1376 1207 anteponendum

266 1242 398 1299 censeo,
415 1221 456 1285 ob
472 1242 542 1285 eam
558 1242 686 1285 causam
708 1222 888 1305 praecipue,
904 1222 1078 1304 quodcum
1094 1245 1224 1289 necesse
1240 1226 1282 1289 sit
1297 1226 1377 1290 haee

267 1325 437 1389 liberalius
457 1332 489 1389 et
504 1326 617 1409 majori
638 1326 820 1409 quantitate
842 1326 1002 1406 exhibere,
1018 1329 1113 1393 modo
1136 1331 1286 1414 prodesse
1299 1333 1376 1397 veli-

268 1450 354 1506 mus,
364 1428 427 1491 boc
440 1434 535 1511 pacto
550 1428 774 1507 ventriculum,
783 1430 851 1513 jam
867 1429 944 1493 satis
960 1452 1118 1513 superque
1134 1433 1270 1498 debilem
1288 1436 1378 1499 etad

268 1552 426 1594 nauseam
451 1530 632 1613 proclivem,
656 1552 844 1610 oneramus;
876 1553 1112 1614 nonuunquam
1138 1536 1235 1599 etiam
1263 1536 1376 1601 eadem

269 1655 371 1717 opera
393 1634 617 1717 praepedimur
639 1655 682 1697 ue
703 1633 836 1717 reliqua,
860 1634 973 1699 eodem
999 1635 1069 1718 ipso
1091 1642 1236 1720 tempore
1261 1640 1378 1703 transi-

271 1734 391 1817 genda,
418 1755 634 1817 procuremus.
684 1734 766 1818 [47]
794 1734 911 1817 Neque
930 1756 1006 1800 vero
1026 1736 1104 1799 ratis
1128 1745 1185 1803 aut
1209 1739 1379 1805 intellectu

271 1858 435 1921 assequor,
457 1845 513 1901 aut
539 1838 736 1920 experientia
759 1838 892 1902 edoctus
922 1860 1004 1917 sum,
1029 1860 1088 1902 cur
1113 1841 1153 1905 ab
1178 1842 1276 1925 hujus
1303 1844 1377 1923 olei,

272 1940 360 2023 quod
381 1942 449 2024 jam
474 1941 622 2017 diximus,
646 1962 708 2003 usu
730 1940 767 2003 in
791 1940 948 2005 Febribus
973 1941 1210 2023 abhorreamus,
1231 1967 1269 2009 eo
1292 1947 1379 2029 quod

272 2044 396 2106 scilicet
426 2042 655 2107 inflammabile
684 2043 736 2119 sit,
767 2043 910 2127 adeoque
940 2045 1151 2109 metuendum
1176 2070 1219 2112 ne
1249 2043 1379 2113 Febrim

273 2146 447 2227 adaugeat.
493 2146 557 2209 Fac
584 2145 669 2209 enim
693 2145 774 2208 illud
801 2167 860 2209 sua
882 2153 1002 2210 natura
1024 2148 1165 2212 calidum
1192 2172 1270 2230 esse,
1292 2160 1380 2217 certe

273 2256 386 2311 tamen
417 2248 503 2311 calor
531 2249 585 2312 ille
611 2254 723 2311 tantus
750 2270 817 2311 non
847 2254 895 2311 est
921 2256 960 2312 ut
990 2249 1120 2314 aliunde
1148 2274 1217 2316 non
1250 2254 1379 2319 abunde

273 2356 446 2434 pensetur:
470 2372 545 2433 prae
568 2350 701 2413 caeteris
724 2350 810 2413 enim
829 2350 1000 2414 manifesta
1019 2352 1050 2414 vi
1071 2355 1193 2435 pectori
1216 2357 1379 2436 conducit,

274 2453 440 2536 aperitque
456 2452 521 2515 vias
543 2474 581 2516 ac
599 2453 690 2530 lenit,
714 2452 856 2535 adeoque
879 2454 1169 2536 expectoratiouem
1191 2468 1357 2541 promovet
1366 2487 1376 2539 3

152 2632 153 2643 J
274 2577 338 2637 qua
356 2555 553 2638 (praesertim
574 2554 601 2617 si
623 2555 778 2637 copiosior
799 2555 971 2638 acciderit,)
994 2564 1065 2619 tum
1086 2568 1280 2625 exoneratur
1302 2584 1376 2626 san-

274 2658 346 2740 guis
369 2679 389 2720 a
411 2657 544 2721 molesto
566 2657 700 2721 humore
723 2658 888 2721 commode
911 2659 979 2743 jam
1003 2667 1139 2738 exarato,
1163 2668 1235 2727 tum
1260 2664 1373 2729 eadem

275 2780 371 2843 opera
385 2759 534 2823 nonnihil
548 2760 755 2843 refrigeratur
763 2786 773 2838 J
797 2760 939 2843 adeoque
955 2783 1006 2825 me
1022 2783 1090 2826 ιιοιι
1105 2764 1277 2827 admodum
1293 2766 1377 2829 male

276 2862 385 2939 habet,
411 2862 567 2945 siquando
589 2862 722 2926 viderim
745 2870 928 2946 symptoma
953 2863 1015 2926 hoc
1040 2864 1263 2944 intercurrere,
1286 2867 1379 2948 cujus

276 2964 433 3029 beneficio
456 2985 523 3027 nou
549 2986 660 3048 parum
688 2965 785 3029 etiam
810 2984 906 3046 aegro
929 2963 1078 3027 beneficii
1101 2965 1235 3031 accedit.
1290 2967 1381 3030 Illud

277 3067 409 3130 unicum
433 3086 523 3129 nuno
548 3088 673 3145 moneo,
696 3088 763 3130 una
786 3065 962 3148 eademque
983 3066 1051 3129 vice
1075 3073 1185 3131 tutum
1209 3088 1278 3131 non
1300 3089 1380 3146 esse,

277 3168 355 3233 totis
376 3167 595 3232 cochlearibus
618 3168 679 3232 hoc
702 3168 807 3232 oleum
833 3168 998 3246 exhibere,
1020 3168 1197 3252 periculum
1220 3170 1306 3234 enim
1329 3177 1380 3234 est

277 3292 320 3335 ne
342 3278 375 3335 et
397 3270 576 3335 ventriculo
596 3277 803 3335 nauseamet
771 3270 893 3335 etalvo
915 3271 1037 3334 fluxum
1052 3272 1261 3338 inducamus.
1284 3296 1403 3395 parcef
1392 3291 1528 3397 parcamer

277 3374 386 3457 itaque
409 3374 466 3439 sed
487 3372 672 3457 frequenter
696 3372 839 3437 interdiu
861 3380 1025 3456 noctuque
1046 3375 1282 3469 propinandum
1306 3378 1403 3460 erit,
1390 3348 1490 3461 Ὗ

278 3499 340 3560 quo
360 3498 425 3541 nou
448 3476 550 3540 solum
569 3476 826 3557 expectoratione
845 3475 931 3539 facta
949 3476 1065 3539 tussim
1083 3477 1250 3558 leniamus,
1266 3501 1377 3545 verum
1392 3429 1461 3526 dume
1461 3430 1507 3529 0¹¹»

279 3579 373 3647 etiam
393 3577 492 3660 (quod
506 3576 640 3661 alicujus
656 3576 810 3640 momenti
826 3579 896 3661 est,)
915 3578 1043 3643 attritas
1058 3580 1146 3663 aegri
1161 3582 1242 3645 vires
1257 3580 1378 3647 blando

279 3680 458 3743 nutrimcnt
444 3680 641 3743 tnonnihilo
657 3678 840 3743 solabimur.

330 3782 412 3865 [48]
438 3782 491 3845 Fit
513 3803 748 3864 nonuunquam
770 3788 808 3845 ut
832 3779 1089 3867 Haemorrbagia
1108 3785 1248 3849 Narium
1269 3808 1378 3870 super
1392 3797 1504 3845 Numen

278 3884 405 3959 veniat,
429 3883 493 3947 sive
508 3884 594 3967 quod
616 3884 849 3947 medicamenta
871 3885 969 3947 nimis
988 3886 1114 3950 calida'
1105 3909 1141 3949 ιιι
1162 3888 1267 3953 morbi
1283 3890 1377 3953 initio
1391 3862 1523 3976 Rflffll'

278 3986 400 4050 brerint
417 3986 649 4065 exhibita,s1ve
665 3986 748 4068 quod
772 3986 919 4050 ebullitio
935 4009 1002 4052 non
1018 3990 1095 4052 satis
1114 3991 1255 4054 coercita
1268 3991 1376 4070 fuerit,

279 4110 375 4171 aegro
395 4108 511 4171 nempe
524 4088 629 4152 vel1n
645 4088 847 4152 florentittaet
848 4096 900 4153 ate
918 4090 1106 4167 constituto,
1122 4092 1171 4154 vel
1196 4093 1275 4154 anni
1296 4100 1378 4155 tem-

278 4198 403 4274 pestate
418 4191 639 4274 coadjuvante.
684 4192 795 4255 Hoc'
772 4214 798 4254 s1
813 4192 879 4269 fiat,
895 4213 963 4255 uon
978 4192 1150 4255 admodum
1164 4193 1326 4275 juvabunt
1341 4214 1379 4257 ea
1393 4209 1497 4259 Narium

280 4315 362 4377 quae
378 4293 457 4357 ad'
433 4300 490 4357 s1st
476 4293 610 4357 tendum
626 4294 791 4376 sauguinis
807 4302 930 4357 motum
939 4294 1036 4376 vulgo
1046 4293 1116 4355 fieri
1131 4303 1367 4359 consueverunt
1367 4273 1512 4400 ,gaeno-

280 4396 388 4479 qualia
409 4402 486 4459 sunt
500 4417 613 4459 venae·
615 4396 780 4473 sectiones,
796 4395 964 4477 ligaturae,
988 4394 1222 4457 medicamenta
1240 4396 1378 4462 adstrin-
1391 4401 1425 4450 uu
1427 4402 1534 4453 terebri

281 4498 402 4581 gentis,
419 4504 515 4579 atque
536 4497 785 4580 agglutinautia,
799 4497 904 4561 veltet
905 4497 969 4559 iarn
990 4495 1157 4577 sauguinis
1172 4497 1378 4564 acrimoniam
1392 4476 1501 4578 “yffi-{f
1492 4540 1520 4579 u,

281 4600 565 4681 contemperantia,
577 4606 639 4662 etc.
685 4597 838 4664 Quamvis
854 4598 938 4661 euim
955 4620 1013 4681 pro
1029 4596 1231 4663 Medicorum
1246 4604 1423 4671 consilio¹l¹
1393 4596 1500 4642 ⁰¹¹¹¹¹d¹

280 4721 318 4785 ac
334 4700 483 4784 prudent'
475 4722 506 4763 ra
460 4700 570 4763 this
586 4707 683 4782 atque
699 4698 988 4877 hujusmodi4⁵
898 4699 968 4763 aliis
983 4700 1033 4764 uti
1047 4699 1177 4779 liceat,
1167 4725 1202 4766 ιιι
1217 4725 1256 4769 eo
1270 4711 1380 4769 tamen
1393 4658 1434 4712 it.

673 4823 739 4875 ct
754 4828 823 4875 Ρ
824 4830 944 4879 amre
