3825 5759
376 845 417 892 Du
428 844 505 893 Μοι-

380 922 422 956 sss
435 910 499 957 Err-

381 987 463 1021 nuurc
467 988 498 1021 ιι.

370 2585 443 2631 queo
429 2572 460 2619 ab

366 2634 438 2697 hyem
440 2636 507 2685 isiri-

365 2713 423 2759 8οΝ
408 2716 497 2775 ‚¹²9⁸-

379 2762 476 2817 uetur
443 2780 505 2812 eno-

387 2829 500 2877 ordini

365 2827 505 2953 lipidemici

364 2956 504 3007 seefferunt.

523 664 570 727 34
775 660 786 667 ”
832 660 1026 726 ῬΗΟΜΑΕ
1050 658 1308 727 SYDENHAM

524 822 771 910 depopulantur,
791 822 899 889 febris
931 831 1002 890 toto
1027 847 1114 890 anno
1139 826 1274 909 sparsim
1303 824 1457 891 oberrans
1480 818 1627 910 ejusdem

522 930 619 1012 plane
633 927 898 993 inflammationis
913 934 963 991 est
977 929 1145 1011 particeps,
1149 950 1240 1011 quae
1253 928 1389 993 variolus
1403 928 1497 1013 parit.
1525 928 1625 993 Uter·

370 1037 586 1114 -que
605 1051 722 1114 nempe
742 1030 874 1095 morbus
889 1030 931 1093 ad
952 1030 1089 1094 eandem
1103 1031 1170 1094 fere
1184 1052 1332 1095 normam
1354 1030 1508 1109 adoritur,
1522 1030 1624 1094 maxi·

522 1152 639 1215 maque
653 1133 740 1196 inter
753 1132 892 1197 maxime
903 1133 1033 1215 propria
1045 1133 1214 1215 utriusque
1225 1138 1441 1217 symptomata
1450 1132 1624 1196 intercedit

522 1234 682 1317 cognatio,
701 1234 845 1316 (excepta
863 1234 1055 1298 variolarum
1077 1235 1255 1317 eruptione,
1272 1241 1305 1298 et
1327 1234 1458 1317 reliquis
1480 1255 1562 1318 quae
1582 1234 1624 1299 ab

522 1337 579 1399 illa
591 1336 758 1419 pendent,)
776 1342 814 1399 ut
837 1356 876 1399 ex
898 1336 1027 1419 ingenti
1041 1337 1098 1399 illa
1117 1344 1190 1400 tum
1213 1336 1255 1400 ad
1276 1343 1471 1419 spontaneos
1490 1337 1623 1400 sudores

521 1444 594 1500 tum
620 1437 661 1501 ad
687 1438 818 1501 salivam
842 1438 1076 1502 excomendam
1102 1439 1324 1522 propensione,
1344 1438 1381 1500 in
1407 1458 1471 1520 qua
1492 1438 1624 1520 utrique

521 1538 681 1617 convenit,
705 1539 834 1603 abunde
859 1547 996 1604 constat.
1042 1541 1177 1619 Pariter,
1204 1562 1279 1603 cum
1303 1540 1505 1624 dysenteriae
1535 1540 1623 1603 dicto

519 1649 664 1725 tempore
678 1642 848 1727 praecipuo
862 1642 985 1706 fuerint
1005 1650 1177 1725 grassatae,
1192 1643 1291 1707 febris
1313 1664 1395 1726 quae
1410 1663 1449 1707 eo
1470 1664 1557 1706 anno
1571 1642 1622 1706 ln-

519 1745 626 1823 festat,
649 1744 825 1809 earundem
847 1745 991 1808 indolem
1010 1766 1078 1808 non
1097 1745 1210 1808 leviter
1229 1744 1420 1823 aemulatur,
1439 1744 1513 1827 (nisi
1535 1745 1622 1827 quod
1669 1757 1671 1760 ’

519 1846 593 1911 illae
615 1867 745 1910 causam
766 1846 966 1910 morbificam
987 1867 1045 1929 per
1067 1846 1159 1910 sedes
1176 1846 1355 1924 eliminent,
1378 1853 1412 1910 et
1430 1867 1534 1929 pauca
1559 1846 1622 1909 ulia

521 1949 636 2012 exinde
657 1955 833 2011 nascantur
853 1950 1091 2032 symptomata)
1117 1949 1203 2032 quod
1224 1957 1296 2013 tum
1319 1971 1339 2013 a
1360 1950 1519 2013 consimili
1539 1949 1621 2012 utri·

519 2070 622 2131 usque
640 2050 744 2113 morbi
763 2050 897 2127 insultu,
912 2057 985 2113 tum
1005 2051 1104 2114 etiam
1119 2051 1205 2134 quod
1219 2057 1358 2134 utroque
1377 2051 1464 2114 malo
1483 2051 1621 2134 correpti

520 2151 649 2234 aphthis
672 2151 893 2234 similibusque
914 2152 1052 2216 invicem
1074 2153 1343 2237 symptomatibus
1358 2152 1532 2217 admodum
1554 2153 1621 2217 sint

520 2253 660 2331 obnoxii,
680 2253 757 2317 satis
775 2253 941 2317 evincitur.
986 2256 1030 2318 Et
1053 2276 1130 2318 sane
1152 2256 1336 2339 dysenteria
1355 2255 1396 2319 de
1417 2276 1480 2337 qua
1501 2254 1620 2337 agitur,

519 2354 679 2438 ipsissima
692 2356 748 2419 illa
767 2356 864 2419 febris
880 2362 947 2434 est·
970 2357 1032 2420 lroc
1053 2363 1185 2421 tantum
1207 2357 1400 2435 discrimine,
1417 2357 1504 2471 quqd
1517 2357 1622 2421 intro-

519 2464 673 2535 vertatur,
693 2458 783 2522 etin
803 2458 960 2521 intestina
978 2480 1013 2522 se
1035 2480 1212 2523 exonerans
1233 2480 1291 2541 per
1312 2458 1476 2521 eadem
1447 2479 1533 2521 nam
1558 2458 1621 2522 sibi

519 2559 625 2623 saciat.
681 2560 747 2643 [1⁷.
749 2561 762 2643 ]
801 2561 994 2625 Notandum
1019 2569 1129 2625 autem
1159 2569 1207 2624 est
1237 2560 1498 2644 Epidemicorum
1525 2561 1620 2625 illum

518 2661 854 2746 principem,qu1'sub
877 2664 1080 2746 aequinoctio
1100 2663 1290 2741 autumnali,
1306 2683 1366 2726 ceu
1384 2671 1482 2746 rupto
1503 2684 1620 2745 aggere

518 2780 654 2851 torrens,
666 2774 775 2837 omnia
789 2781 943 2838 straverat
944 2775 1139 2857 ,ingruente
1153 2774 1279 2857 hyemis
1288 2773 1406 2856 frigore
1420 2774 1508 2837 intra
1522 2795 1618 2837 suum

519 2896 552 2939 se
582 2876 708 2940 alveum
737 2877 895 2954 condere;
918 2898 993 2941 cum
1023 2896 1063 2939 ex
1092 2875 1224 2939 adverso
1249 2874 1427 2957 Epidemici
1455 2875 1616 2939 inferioris

517 2976 648 3055 ordinis,
668 2977 724 3060 qui
745 2977 805 3041 sub
828 2999 866 3041 eo
888 2984 1064 3054 merentur,
1087 2983 1167 3039 tunc
1189 2976 1342 3058 temporis
1362 2976 1551 3059 praesertim
1567 2977 1618 3039 in-

518 3085 705 3160 gravescant
732 3084 763 3141 et
785 3099 894 3141 rerum
917 3080 1093 3161 potiantur,
1115 3078 1217 3141 donec
1237 3076 1342 3140 dictus
1369 3078 1447 3141 anni
1470 3078 1619 3161 princeps

518 3200 629 3243 eorum
644 3181 726 3242 vires
742 3180 848 3243 denuo
863 3180 993 3261 frangat
1007 3186 1041 3241 et
1056 3178 1162 3243 deleat
1176 3199 1305 3242 nomen.

575 3282 658 3363 [la]
700 3282 868 3343 Postremo
905 3280 1142 3343 observandum
1179 3288 1228 3345 est
1264 3280 1390 3365 quoties
1427 3270 1621 3345 constitutio

517 3382 624 3463 aliqua
635 3381 736 3443 varias
747 3380 1007 3463 Epidemicorum
1022 3382 1142 3465 speeies
1156 3383 1251 3465 parit,
1263 3382 1406 3465 singulas
1420 3382 1479 3447 has
1494 3382 1616 3466 species

519 3504 638 3565 genere
653 3483 693 3547 ab
715 3483 778 3546 illis
797 3484 924 3547 differre
934 3509 944 3560 3
967 3504 1049 3567 quae
1071 3504 1146 3547 eum
1166 3484 1252 3548 idem
1273 3486 1369 3567 plane
1383 3506 1503 3549 nomen
1523 3485 1616 3547 sorti-

518 3592 625 3661 antur,
652 3584 714 3647 alia
742 3590 854 3648 tamen
879 3585 1110 3649 constitutione
1139 3594 1344 3668 generentur.
1398 3586 1618 3667 Quotcunque

518 3686 585 3750 sint
607 3692 717 3749 autem
742 3686 861 3768 species
887 3686 961 3749 illae
985 3687 1161 3769 peculiares
1184 3709 1265 3770 quae
1293 3688 1330 3751 in
1350 3708 1417 3749 una
1438 3686 1616 3768 eademque

517 3786 749 3851 constitutione
763 3787 930 3865 invadunt,
945 3788 982 3850 in
995 3789 1159 3852 communi
1173 3811 1240 3852 una
1253 3797 1350 3873 atque
1365 3787 1506 3871 generali
1520 3806 1617 3851 causa

517 3887 718 3969 singularum
739 3888 940 3971 productriee
965 3910 1077 3953 omnes
1100 3890 1306 3968 conveniunt,
1328 3890 1389 3953 bae
1415 3888 1536 3953 scilicet
1557 3896 1617 3952 aut

516 3988 580 4053 alia
594 3989 677 4053 stris
694 3989 830 4053 diathesi
844 3989 1015 4073 peculiari3
1032 4000 1065 4056 et
1080 4012 1119 4056 ex
1134 3992 1352 4075 consequenti,
1365 3998 1617 4074 quantocunque

517 4090 557 4155 ab
579 4090 726 4171 invicem,
751 4092 857 4175 quoad
880 4100 995 4177 typum
1017 4100 1050 4157 et
1078 4094 1215 4157 formam
1237 4094 1427 4177 specificam,
1447 4094 1616 4157 intervallo

498 4193 649 4274 distent,
683 4195 872 4259 constitutio
901 4202 1013 4260 tamen
1046 4195 1196 4259 omnibus
1226 4195 1407 4260 communis
1436 4194 1616 4278 subjectam

517 4296 716 4379 singularum
732 4297 900 4361 materiam
916 4299 957 4362 ad
972 4296 1129 4381 ejusmodi
1148 4296 1366 4361 conditionem
1381 4302 1479 4378 atque
1493 4302 1616 4359 statum

517 4398 641 4481 effingit
655 4399 845 4483 formatque,
861 4406 899 4463 ut
919 4398 1090 4483 praecipua
1111 4405 1336 4481 symptomata,
1352 4418 1434 4481 quae
1456 4396 1498 4460 ad
1516 4397 1617 4479 parti·

517 4498 658 4561 cularem
676 4500 891 4564 evacuationis
913 4500 1047 4564 modum
1065 4498 1148 4563 nihil
1170 4499 1342 4578 abinensi,
1358 4499 1509 4563 omnibus
1525 4500 1618 4582 paria

518 4597 583 4661 sint
592 4624 602 4675 ι
625 4599 760 4681 singulis
779 4602 878 4665 etiam
891 4600 926 4665 iu
942 4602 1004 4667 hoc
1025 4602 1294 4685 conspirantibus,
1310 4609 1349 4666 ut
1363 4601 1476 4665 eodem
1495 4601 1617 4684 pariter

518 4718 630 4767 omnes
644 4706 788 4783 tempore
803 4710 836 4766 et
850 4703 1025 4769 intendant
1036 4703 1201 4767 saevitiam
1212 4710 1246 4767 et
1260 4703 1440 4768 remittant.
1486 4702 1616 4766 Notan-

680 4823 691 4856 Ρ
709 4827 820 4891 attineat]
833 4830 867 4877 sic
880 4830 916 4877 ed.
930 4829 979 4885 ἰθ,
988 4836 1060 4877 -set
1070 4830 1107 4877 sd
1120 4832 1168 4888 tid,
1180 4844 1259 4878 errore
1269 4828 1324 4877 fort.
1335 4835 1430 4891 typogr.
