<?xml version="1.0" encoding="UTF-8"?>
<!DOCTYPE html PUBLIC "-//W3C//DTD XHTML 1.0 Transitional//EN"
    "http://www.w3.org/TR/xhtml1/DTD/xhtml1-transitional.dtd">
<html xmlns="http://www.w3.org/1999/xhtml" xml:lang="en" lang="en">
 <head>
  <title>
</title>
<meta http-equiv="Content-Type" content="text/html;charset=utf-8" />
  <meta name='ocr-system' content='tesseract 3.04.00' />
  <meta name='ocr-capabilities' content='ocr_page ocr_carea ocr_par ocr_line ocrx_word'/>
</head>
<body>
  <div class='ocr_page' id='page_1' title='image "./thomaesydenhamm00greegoog_0239.png"; bbox 0 0 3825 5759; ppageno 0'>
   <div class='ocr_carea' id='block_1_1' title="bbox 416 672 1390 746">
    <p class='ocr_par' dir='ltr' id='par_1_1' title="bbox 416 672 1390 746">
     <span class='ocr_line' id='line_1_1' title="bbox 416 672 1390 746; baseline 0.002 -10"><span class='ocrx_word' id='word_1_1' title='bbox 416 672 813 737; x_wconf 82' lang='lat' dir='ltr'><strong>OBSERVATIONUM</strong></span> <span class='ocrx_word' id='word_1_2' title='bbox 836 673 1121 739; x_wconf 84' lang='lat' dir='ltr'>MEDICARUM</span> <span class='ocrx_word' id='word_1_3' title='bbox 1145 683 1177 734; x_wconf 78' lang='lat' dir='ltr'><strong>V.</strong></span> <span class='ocrx_word' id='word_1_4' title='bbox 1200 687 1222 746; x_wconf 87' lang='grc' dir='ltr'><strong>ι,</strong></span> <span class='ocrx_word' id='word_1_5' title='bbox 1240 686 1265 734; x_wconf 74' lang='lat'><strong>2.</strong></span> <span class='ocrx_word' id='word_1_6' title='bbox 1325 677 1390 738; x_wconf 85' lang='lat'><strong>207</strong></span> 
     </span>
    </p>
   </div>
   <div class='ocr_carea' id='block_1_2' title="bbox 439 911 1240 1152">
    <p class='ocr_par' dir='ltr' id='par_1_2' title="bbox 439 911 1240 1152">
     <span class='ocr_line' id='line_1_2' title="bbox 752 911 932 976; baseline 0 -2"><span class='ocrx_word' id='word_1_7' title='bbox 752 911 847 974; x_wconf 91' lang='lat' dir='ltr'><strong>CAP.</strong></span> <span class='ocrx_word' id='word_1_8' title='bbox 871 911 932 976; x_wconf 82' lang='lat' dir='ltr'><strong>II.e</strong></span> 
     </span>
     <span class='ocr_line' id='line_1_3' title="bbox 439 1070 1240 1152; baseline 0.001 -16"><span class='ocrx_word' id='word_1_9' title='bbox 439 1073 549 1136; x_wconf 69' lang='lat' dir='ltr'><strong>Febris</strong></span> <span class='ocrx_word' id='word_1_10' title='bbox 566 1073 718 1136; x_wconf 72' lang='lat' dir='ltr'><strong>Continuo</strong></span> <span class='ocrx_word' id='word_1_11' title='bbox 734 1070 902 1136; x_wconf 75' lang='lat' dir='ltr'><strong>orroorum‘¹</strong></span> <span class='ocrx_word' id='word_1_12' title='bbox 920 1074 1015 1151; x_wconf 83' lang='grc'><strong>1673,</strong></span> <span class='ocrx_word' id='word_1_13' title='bbox 1033 1073 1127 1152; x_wconf 80' lang='grc'><strong>1674,</strong></span> <span class='ocrx_word' id='word_1_14' title='bbox 1145 1074 1240 1139; x_wconf 85' lang='grc'><strong>1675.</strong></span> 
     </span>
    </p>
   </div>
   <div class='ocr_carea' id='block_1_3' title="bbox 283 1300 1631 1424">
    <p class='ocr_par' dir='ltr' id='par_1_3' title="bbox 283 1300 1631 1424">
     <span class='ocr_line' id='line_1_4' title="bbox 283 1300 1631 1424; baseline 0.005 -35"><span class='ocrx_word' id='word_1_15' title='bbox 283 1325 427 1391; x_wconf 88' lang='lat' dir='ltr'><strong>babebat</strong></span> <span class='ocrx_word' id='word_1_16' title='bbox 461 1336 687 1412; x_wconf 75' lang='lat' dir='ltr'><strong>symptomata,</strong></span> <span class='ocrx_word' id='word_1_17' title='bbox 718 1349 799 1414; x_wconf 86' lang='lat' dir='ltr'><strong>quae</strong></span> <span class='ocrx_word' id='word_1_18' title='bbox 832 1328 952 1392; x_wconf 89' lang='lat' dir='ltr'><strong>indicia</strong></span> <span class='ocrx_word' id='word_1_19' title='bbox 980 1327 1046 1392; x_wconf 89' lang='lat' dir='ltr'><strong>hau</strong></span> <span class='ocrx_word' id='word_1_20' title='bbox 1101 1327 1238 1391; x_wconf 90' lang='lat' dir='ltr'><strong>obseura</strong></span> <span class='ocrx_word' id='word_1_21' title='bbox 1267 1327 1388 1391; x_wconf 90' lang='lat' dir='ltr'><strong>dabant</strong></span> <span class='ocrx_word' id='word_1_22' title='bbox 1399 1300 1543 1424; x_wconf 56' lang='lat' dir='ltr'><strong>fflffl,</strong></span> <span class='ocrx_word' id='word_1_23' title='bbox 1627 1387 1631 1396; x_wconf 93' lang='lat'><strong>.</strong></span> 
     </span>
    </p>
   </div>
   <div class='ocr_carea' id='block_1_4' title="bbox 285 1429 1548 4696">
    <p class='ocr_par' dir='ltr' id='par_1_4' title="bbox 286 1429 1548 1925">
     <span class='ocr_line' id='line_1_5' title="bbox 286 1429 1548 1516; baseline -0.001 -24"><span class='ocrx_word' id='word_1_24' title='bbox 286 1431 442 1514; x_wconf 88' lang='lat' dir='ltr'><strong>majorem</strong></span> <span class='ocrx_word' id='word_1_25' title='bbox 466 1439 499 1494; x_wconf 92' lang='lat' dir='ltr'><strong>et</strong></span> <span class='ocrx_word' id='word_1_26' title='bbox 529 1432 733 1516; x_wconf 85' lang='lat' dir='ltr'><strong>spiritnosam</strong></span> <span class='ocrx_word' id='word_1_27' title='bbox 758 1431 861 1512; x_wconf 88' lang='lat' dir='ltr'><strong>magis</strong></span> <span class='ocrx_word' id='word_1_28' title='bbox 886 1438 967 1494; x_wconf 91' lang='lat' dir='ltr'><strong>tunc</strong></span> <span class='ocrx_word' id='word_1_29' title='bbox 992 1450 1061 1492; x_wconf 91' lang='lat' dir='ltr'><strong>esse</strong></span> <span class='ocrx_word' id='word_1_30' title='bbox 1090 1429 1387 1506; x_wconf 87' lang='lat' dir='ltr'><strong>inflammationem,</strong></span> <span class='ocrx_word' id='word_1_31' title='bbox 1401 1429 1548 1510; x_wconf 21' lang='lat' dir='ltr'><strong>ialam-⁸</strong></span> 
     </span>
     <span class='ocr_line' id='line_1_6' title="bbox 287 1500 1535 1619; baseline 0.009 -23"><span class='ocrx_word' id='word_1_32' title='bbox 287 1555 385 1616; x_wconf 89' lang='lat' dir='ltr'><strong>quam</strong></span> <span class='ocrx_word' id='word_1_33' title='bbox 404 1533 462 1596; x_wconf 90' lang='lat' dir='ltr'><strong>ubi</strong></span> <span class='ocrx_word' id='word_1_34' title='bbox 475 1533 607 1598; x_wconf 83' lang='lat' dir='ltr'><strong>morbus</strong></span> <span class='ocrx_word' id='word_1_35' title='bbox 629 1534 732 1616; x_wconf 87' lang='lat' dir='ltr'><strong>magis</strong></span> <span class='ocrx_word' id='word_1_36' title='bbox 747 1534 936 1598; x_wconf 79' lang='lat' dir='ltr'><strong>adoleverat.</strong></span> <span class='ocrx_word' id='word_1_37' title='bbox 982 1531 1115 1596; x_wconf 81' lang='lat' dir='ltr'>Etenim</span> <span class='ocrx_word' id='word_1_38' title='bbox 1136 1532 1240 1614; x_wconf 90' lang='lat' dir='ltr'><strong>primo</strong></span> <span class='ocrx_word' id='word_1_39' title='bbox 1260 1551 1324 1612; x_wconf 94' lang='lat' dir='ltr'><strong>quo</strong></span> <span class='ocrx_word' id='word_1_40' title='bbox 1338 1531 1387 1593; x_wconf 92' lang='lat' dir='ltr'><strong>in·</strong></span> <span class='ocrx_word' id='word_1_41' title='bbox 1401 1500 1535 1619; x_wconf 59' lang='lat' dir='ltr'><strong>pqnpuqqq</strong></span> 
     </span>
     <span class='ocr_line' id='line_1_7' title="bbox 286 1621 1543 1733; baseline -0.002 -36"><span class='ocrx_word' id='word_1_42' title='bbox 286 1635 424 1699; x_wconf 80' lang='lat' dir='ltr'><strong>radebat</strong></span> <span class='ocrx_word' id='word_1_43' title='bbox 444 1658 540 1716; x_wconf 90' lang='lat' dir='ltr'><strong>anno,</strong></span> <span class='ocrx_word' id='word_1_44' title='bbox 555 1637 604 1700; x_wconf 91' lang='lat' dir='ltr'><strong>uti</strong></span> <span class='ocrx_word' id='word_1_45' title='bbox 625 1645 657 1700; x_wconf 90' lang='lat' dir='ltr'><strong>et</strong></span> <span class='ocrx_word' id='word_1_46' title='bbox 676 1658 750 1700; x_wconf 86' lang='lat' dir='ltr'><strong>vere</strong></span> <span class='ocrx_word' id='word_1_47' title='bbox 769 1629 970 1719; x_wconf 82' lang='lat' dir='ltr'><strong>insequente,</strong></span> <span class='ocrx_word' id='word_1_48' title='bbox 986 1641 1202 1718; x_wconf 78' lang='lat' dir='ltr'><strong>symptomata</strong></span> <span class='ocrx_word' id='word_1_49' title='bbox 1220 1632 1390 1715; x_wconf 90' lang='lat' dir='ltr'><strong>pleuritica</strong></span> <span class='ocrx_word' id='word_1_50' title='bbox 1401 1621 1543 1733; x_wconf 48' lang='grc' dir='ltr'><strong>ἱζὲζὶᾞῐξω</strong></span> 
     </span>
     <span class='ocr_line' id='line_1_8' title="bbox 287 1722 1513 1822; baseline -0.004 -20"><span class='ocrx_word' id='word_1_51' title='bbox 287 1738 385 1802; x_wconf 80' lang='lat' dir='ltr'><strong>Fabri</strong></span> <span class='ocrx_word' id='word_1_52' title='bbox 396 1739 673 1822; x_wconf 82' lang='lat' dir='ltr'><strong>superveniebant,</strong></span> <span class='ocrx_word' id='word_1_53' title='bbox 683 1747 716 1804; x_wconf 91' lang='lat' dir='ltr'><strong>et</strong></span> <span class='ocrx_word' id='word_1_54' title='bbox 731 1739 862 1822; x_wconf 89' lang='lat' dir='ltr'><strong>sanguis</strong></span> <span class='ocrx_word' id='word_1_55' title='bbox 877 1759 895 1801; x_wconf 90' lang='lat' dir='ltr'><strong>e</strong></span> <span class='ocrx_word' id='word_1_56' title='bbox 910 1737 999 1800; x_wconf 87' lang='lat' dir='ltr'><strong>venis</strong></span> <span class='ocrx_word' id='word_1_57' title='bbox 1014 1743 1176 1800; x_wconf 82' lang='lat' dir='ltr'><strong>extractus</strong></span> <span class='ocrx_word' id='word_1_58' title='bbox 1190 1734 1317 1816; x_wconf 78' lang='lat' dir='ltr'><strong>(saltem</strong></span> <span class='ocrx_word' id='word_1_59' title='bbox 1331 1755 1389 1818; x_wconf 93' lang='lat' dir='ltr'><strong>pro</strong></span> <span class='ocrx_word' id='word_1_60' title='bbox 1506 1722 1513 1733; x_wconf 60' lang='lat'><em>⁰</em></span> 
     </span>
     <span class='ocr_line' id='line_1_9' title="bbox 287 1836 1389 1925; baseline -0.007 -19"><span class='ocrx_word' id='word_1_61' title='bbox 287 1842 393 1924; x_wconf 88' lang='lat' dir='ltr'><strong>prima</strong></span> <span class='ocrx_word' id='word_1_62' title='bbox 414 1850 447 1906; x_wconf 91' lang='lat' dir='ltr'><strong>et</strong></span> <span class='ocrx_word' id='word_1_63' title='bbox 469 1842 610 1905; x_wconf 86' lang='lat' dir='ltr'><strong>secunda</strong></span> <span class='ocrx_word' id='word_1_64' title='bbox 623 1843 713 1924; x_wconf 69' lang='lat' dir='ltr'><strong>vica)</strong></span> <span class='ocrx_word' id='word_1_65' title='bbox 736 1841 978 1925; x_wconf 84' lang='lat' dir='ltr'><strong>plemitieorum</strong></span> <span class='ocrx_word' id='word_1_66' title='bbox 997 1837 1156 1902; x_wconf 86' lang='lat' dir='ltr'><strong>referebat</strong></span> <span class='ocrx_word' id='word_1_67' title='bbox 1178 1836 1389 1919; x_wconf 70' lang='lat' dir='ltr'><strong>sanguinem,</strong></span> 
     </span>
    </p>

    <p class='ocr_par' dir='ltr' id='par_1_5' title="bbox 287 1938 1390 2108">
     <span class='ocr_line' id='line_1_10' title="bbox 288 1938 1390 2028; baseline -0.003 -23"><span class='ocrx_word' id='word_1_68' title='bbox 288 1949 322 2005; x_wconf 88' lang='lat' dir='ltr'><strong>at</strong></span> <span class='ocrx_word' id='word_1_69' title='bbox 338 1942 449 2006; x_wconf 89' lang='lat' dir='ltr'><strong>morbo</strong></span> <span class='ocrx_word' id='word_1_70' title='bbox 467 1944 537 2028; x_wconf 90' lang='lat' dir='ltr'><strong>jam</strong></span> <span class='ocrx_word' id='word_1_71' title='bbox 554 1944 742 2026; x_wconf 83' lang='lat' dir='ltr'><strong>provectiori</strong></span> <span class='ocrx_word' id='word_1_72' title='bbox 764 1942 932 2007; x_wconf 82' lang='lat' dir='ltr'><strong>cessabant</strong></span> <span class='ocrx_word' id='word_1_73' title='bbox 954 1963 993 2005; x_wconf 91' lang='lat' dir='ltr'><strong>ea</strong></span> <span class='ocrx_word' id='word_1_74' title='bbox 1013 1941 1106 2025; x_wconf 87' lang='lat' dir='ltr'><strong>signa</strong></span> <span class='ocrx_word' id='word_1_75' title='bbox 1126 1938 1390 2004; x_wconf 88' lang='lat' dir='ltr'><strong>inflammationis</strong></span> 
     </span>
     <span class='ocr_line' id='line_1_11' title="bbox 287 2043 482 2108; baseline 0.01 -2"><span class='ocrx_word' id='word_1_76' title='bbox 287 2043 482 2108; x_wconf 89' lang='lat' dir='ltr'><strong>intensioris.</strong></span> 
     </span>
    </p>

    <p class='ocr_par' dir='ltr' id='par_1_6' title="bbox 286 2145 1537 3459">
     <span class='ocr_line' id='line_1_12' title="bbox 337 2145 1518 2234; baseline 0.001 -24"><span class='ocrx_word' id='word_1_77' title='bbox 337 2147 398 2234; x_wconf 81' lang='grc'>[2.]</span> <span class='ocrx_word' id='word_1_78' title='bbox 426 2147 559 2210; x_wconf 82' lang='lat' dir='ltr'><strong>Praeter</strong></span> <span class='ocrx_word' id='word_1_79' title='bbox 591 2153 807 2232; x_wconf 85' lang='lat' dir='ltr'><strong>symptomata</strong></span> <span class='ocrx_word' id='word_1_80' title='bbox 835 2146 979 2211; x_wconf 86' lang='lat' dir='ltr'><strong>febribus</strong></span> <span class='ocrx_word' id='word_1_81' title='bbox 1008 2145 1165 2210; x_wconf 86' lang='lat' dir='ltr'><strong>universis</strong></span> <span class='ocrx_word' id='word_1_82' title='bbox 1195 2145 1389 2224; x_wconf 87' lang='lat' dir='ltr'><strong>communia,</strong></span> <span class='ocrx_word' id='word_1_83' title='bbox 1404 2161 1518 2226; x_wconf 77' lang='lat' dir='ltr'><strong>Sympro·</strong></span> 
     </span>
     <span class='ocr_line' id='line_1_13' title="bbox 287 2229 1537 2338; baseline 0.002 -30"><span class='ocrx_word' id='word_1_84' title='bbox 287 2245 371 2310; x_wconf 89' lang='lat' dir='ltr'><strong>hanc</strong></span> <span class='ocrx_word' id='word_1_85' title='bbox 396 2245 531 2311; x_wconf 77' lang='lat' dir='ltr'><strong>febrem</strong></span> <span class='ocrx_word' id='word_1_86' title='bbox 560 2247 623 2310; x_wconf 88' lang='lat' dir='ltr'><strong>ista</strong></span> <span class='ocrx_word' id='word_1_87' title='bbox 648 2247 874 2331; x_wconf 89' lang='lat' dir='ltr'><strong>sequebantur.</strong></span> <span class='ocrx_word' id='word_1_88' title='bbox 920 2249 969 2312; x_wconf 90' lang='lat' dir='ltr'><strong>Ut</strong></span> <span class='ocrx_word' id='word_1_89' title='bbox 991 2249 1167 2332; x_wconf 88' lang='lat' dir='ltr'><strong>plurimum</strong></span> <span class='ocrx_word' id='word_1_90' title='bbox 1192 2249 1389 2313; x_wconf 90' lang='lat' dir='ltr'><strong>afficiebatur</strong></span> <span class='ocrx_word' id='word_1_91' title='bbox 1402 2229 1537 2338; x_wconf 58' lang='lat' dir='ltr'><strong>ffihm</strong></span> 
     </span>
     <span class='ocr_line' id='line_1_14' title="bbox 286 2309 1517 2436; baseline 0.002 -24"><span class='ocrx_word' id='word_1_92' title='bbox 286 2371 383 2433; x_wconf 84' lang='lat' dir='ltr'><strong>aeger</strong></span> <span class='ocrx_word' id='word_1_93' title='bbox 408 2350 515 2415; x_wconf 91' lang='lat' dir='ltr'><strong>dolere</strong></span> <span class='ocrx_word' id='word_1_94' title='bbox 545 2351 658 2434; x_wconf 88' lang='lat' dir='ltr'><strong>eapitis</strong></span> <span class='ocrx_word' id='word_1_95' title='bbox 680 2359 712 2415; x_wconf 92' lang='lat' dir='ltr'><strong>et</strong></span> <span class='ocrx_word' id='word_1_96' title='bbox 735 2351 821 2420; x_wconf 86' lang='lat' dir='ltr'><strong>dorsi</strong></span> <span class='ocrx_word' id='word_1_97' title='bbox 846 2352 923 2416; x_wconf 89' lang='lat' dir='ltr'><strong>satis</strong></span> <span class='ocrx_word' id='word_1_98' title='bbox 950 2353 1059 2430; x_wconf 71' lang='lat' dir='ltr'><strong>ausu,</strong></span> <span class='ocrx_word' id='word_1_99' title='bbox 1086 2359 1215 2436; x_wconf 89' lang='lat' dir='ltr'><strong>stupore</strong></span> <span class='ocrx_word' id='word_1_100' title='bbox 1240 2353 1328 2431; x_wconf 91' lang='lat' dir='ltr'><strong>item,</strong></span> <span class='ocrx_word' id='word_1_101' title='bbox 1355 2360 1388 2414; x_wconf 90' lang='lat' dir='ltr'><strong>et</strong></span> <span class='ocrx_word' id='word_1_102' title='bbox 1402 2309 1517 2403; x_wconf 58' lang='lat' dir='ltr'><strong>collariise</strong></span> 
     </span>
     <span class='ocr_line' id='line_1_15' title="bbox 287 2435 1527 2538; baseline 0.001 -23"><span class='ocrx_word' id='word_1_103' title='bbox 287 2451 395 2518; x_wconf 87' lang='lat' dir='ltr'><strong>dolore</strong></span> <span class='ocrx_word' id='word_1_104' title='bbox 411 2454 618 2518; x_wconf 87' lang='lat' dir='ltr'><strong>articulorum</strong></span> <span class='ocrx_word' id='word_1_105' title='bbox 634 2462 826 2538; x_wconf 85' lang='lat' dir='ltr'><strong>artuumque</strong></span> <span class='ocrx_word' id='word_1_106' title='bbox 840 2456 974 2532; x_wconf 88' lang='lat' dir='ltr'><strong>tensivo,</strong></span> <span class='ocrx_word' id='word_1_107' title='bbox 989 2455 1055 2519; x_wconf 91' lang='lat' dir='ltr'><strong>imo</strong></span> <span class='ocrx_word' id='word_1_108' title='bbox 1075 2461 1107 2518; x_wconf 91' lang='lat' dir='ltr'><strong>et</strong></span> <span class='ocrx_word' id='word_1_109' title='bbox 1122 2455 1222 2518; x_wconf 86' lang='lat' dir='ltr'><strong>totius</strong></span> <span class='ocrx_word' id='word_1_110' title='bbox 1237 2455 1386 2536; x_wconf 83' lang='lat' dir='ltr'><strong>eorporis,</strong></span> <span class='ocrx_word' id='word_1_111' title='bbox 1400 2435 1527 2534; x_wconf 47' lang='lat' dir='ltr'><strong>{genaen-</strong></span> 
     </span>
     <span class='ocr_line' id='line_1_16' title="bbox 286 2557 1388 2641; baseline -0.001 -22"><span class='ocrx_word' id='word_1_112' title='bbox 286 2563 320 2619; x_wconf 92' lang='lat' dir='ltr'><strong>at</strong></span> <span class='ocrx_word' id='word_1_113' title='bbox 336 2557 456 2620; x_wconf 88' lang='lat' dir='ltr'><strong>mitiori</strong></span> <span class='ocrx_word' id='word_1_114' title='bbox 479 2557 645 2640; x_wconf 89' lang='lat' dir='ltr'><strong>aliquanto</strong></span> <span class='ocrx_word' id='word_1_115' title='bbox 665 2580 761 2641; x_wconf 88' lang='lat' dir='ltr'><strong>qnam</strong></span> <span class='ocrx_word' id='word_1_116' title='bbox 781 2557 1012 2621; x_wconf 90' lang='lat' dir='ltr'><strong>rheumatismo</strong></span> <span class='ocrx_word' id='word_1_117' title='bbox 1033 2557 1225 2622; x_wconf 86' lang='lat' dir='ltr'><strong>laborantes.</strong></span> <span class='ocrx_word' id='word_1_118' title='bbox 1271 2557 1388 2619; x_wconf 88' lang='lat' dir='ltr'><strong>Primis</strong></span> 
     </span>
     <span class='ocr_line' id='line_1_17' title="bbox 287 2659 1389 2744; baseline -0.001 -21"><span class='ocrx_word' id='word_1_119' title='bbox 287 2659 400 2724; x_wconf 90' lang='lat' dir='ltr'><strong>diebus</strong></span> <span class='ocrx_word' id='word_1_120' title='bbox 420 2661 506 2724; x_wconf 88' lang='lat' dir='ltr'><strong>calor</strong></span> <span class='ocrx_word' id='word_1_121' title='bbox 528 2667 561 2724; x_wconf 90' lang='lat' dir='ltr'><strong>et</strong></span> <span class='ocrx_word' id='word_1_122' title='bbox 586 2660 689 2744; x_wconf 86' lang='lat' dir='ltr'><strong>frigus</strong></span> <span class='ocrx_word' id='word_1_123' title='bbox 711 2661 772 2725; x_wconf 88' lang='lat' dir='ltr'><strong>sibi</strong></span> <span class='ocrx_word' id='word_1_124' title='bbox 791 2661 929 2726; x_wconf 87' lang='lat' dir='ltr'><strong>invicem</strong></span> <span class='ocrx_word' id='word_1_125' title='bbox 949 2660 1173 2738; x_wconf 86' lang='lat' dir='ltr'><strong>succedebant,</strong></span> <span class='ocrx_word' id='word_1_126' title='bbox 1197 2659 1389 2744; x_wconf 89' lang='lat' dir='ltr'><strong>quandoque</strong></span> 
     </span>
     <span class='ocr_line' id='line_1_18' title="bbox 286 2760 1388 2846; baseline -0.003 -22"><span class='ocrx_word' id='word_1_127' title='bbox 286 2762 385 2824; x_wconf 89' lang='lat' dir='ltr'><strong>etiam</strong></span> <span class='ocrx_word' id='word_1_128' title='bbox 400 2762 535 2826; x_wconf 89' lang='lat' dir='ltr'><strong>ineunte</strong></span> <span class='ocrx_word' id='word_1_129' title='bbox 554 2762 667 2827; x_wconf 88' lang='lat' dir='ltr'><strong>morbo</strong></span> <span class='ocrx_word' id='word_1_130' title='bbox 683 2784 777 2846; x_wconf 85' lang='lat' dir='ltr'><strong>aeger</strong></span> <span class='ocrx_word' id='word_1_131' title='bbox 796 2763 831 2826; x_wconf 92' lang='lat' dir='ltr'><strong>in</strong></span> <span class='ocrx_word' id='word_1_132' title='bbox 846 2761 1088 2826; x_wconf 89' lang='lat' dir='ltr'><strong>sudatiunculas</strong></span> <span class='ocrx_word' id='word_1_133' title='bbox 1105 2767 1174 2824; x_wconf 89' lang='lat' dir='ltr'><strong>erat</strong></span> <span class='ocrx_word' id='word_1_134' title='bbox 1191 2760 1388 2842; x_wconf 88' lang='lat' dir='ltr'><strong>propensior.</strong></span> 
     </span>
     <span class='ocr_line' id='line_1_19' title="bbox 287 2865 1387 2952; baseline -0.004 -22"><span class='ocrx_word' id='word_1_135' title='bbox 287 2867 427 2950; x_wconf 82' lang='lat' dir='ltr'><strong>Lingua,</strong></span> <span class='ocrx_word' id='word_1_136' title='bbox 449 2867 507 2931; x_wconf 92' lang='lat' dir='ltr'><strong>nbi</strong></span> <span class='ocrx_word' id='word_1_137' title='bbox 525 2868 637 2931; x_wconf 88' lang='lat' dir='ltr'><strong>Febris</strong></span> <span class='ocrx_word' id='word_1_138' title='bbox 659 2874 717 2932; x_wconf 87' lang='lat' dir='ltr'><strong>&#39;suo</strong></span> <span class='ocrx_word' id='word_1_139' title='bbox 739 2869 835 2952; x_wconf 89' lang='lat' dir='ltr'><strong>genio</strong></span> <span class='ocrx_word' id='word_1_140' title='bbox 854 2875 923 2934; x_wconf 90' lang='lat' dir='ltr'><strong>erat</strong></span> <span class='ocrx_word' id='word_1_141' title='bbox 945 2867 1109 2952; x_wconf 87' lang='lat' dir='ltr'><strong>permissa,</strong></span> <span class='ocrx_word' id='word_1_142' title='bbox 1132 2886 1192 2929; x_wconf 88' lang='lat' dir='ltr'><strong>nee</strong></span> <span class='ocrx_word' id='word_1_143' title='bbox 1213 2865 1306 2941; x_wconf 89' lang='lat' dir='ltr'><strong>sieea,</strong></span> <span class='ocrx_word' id='word_1_144' title='bbox 1326 2885 1387 2926; x_wconf 91' lang='lat' dir='ltr'><strong>nee</strong></span> 
     </span>
     <span class='ocr_line' id='line_1_20' title="bbox 286 2966 1388 3052; baseline -0.005 -18"><span class='ocrx_word' id='word_1_145' title='bbox 286 2992 307 3034; x_wconf 91' lang='lat' dir='ltr'><strong>a</strong></span> <span class='ocrx_word' id='word_1_146' title='bbox 325 2971 428 3035; x_wconf 91' lang='lat' dir='ltr'><strong>colore</strong></span> <span class='ocrx_word' id='word_1_147' title='bbox 449 2971 589 3035; x_wconf 88' lang='lat' dir='ltr'><strong>naturali</strong></span> <span class='ocrx_word' id='word_1_148' title='bbox 609 2973 749 3036; x_wconf 89' lang='lat' dir='ltr'><strong>multum</strong></span> <span class='ocrx_word' id='word_1_149' title='bbox 771 2973 932 3052; x_wconf 88' lang='lat' dir='ltr'><strong>recedens,</strong></span> <span class='ocrx_word' id='word_1_150' title='bbox 948 2971 1012 3035; x_wconf 91' lang='lat' dir='ltr'><strong>nisi</strong></span> <span class='ocrx_word' id='word_1_151' title='bbox 1027 2969 1113 3052; x_wconf 91' lang='lat' dir='ltr'><strong>quod</strong></span> <span class='ocrx_word' id='word_1_152' title='bbox 1133 2968 1237 3050; x_wconf 86' lang='lat' dir='ltr'><strong>magis</strong></span> <span class='ocrx_word' id='word_1_153' title='bbox 1258 2966 1388 3044; x_wconf 82' lang='lat' dir='ltr'><strong>alberet,</strong></span> 
     </span>
     <span class='ocr_line' id='line_1_21' title="bbox 286 3071 1390 3160; baseline -0.005 -23"><span class='ocrx_word' id='word_1_154' title='bbox 286 3095 392 3158; x_wconf 88' lang='lat' dir='ltr'><strong>neque</strong></span> <span class='ocrx_word' id='word_1_155' title='bbox 407 3074 476 3138; x_wconf 90' lang='lat' dir='ltr'><strong>sitis</strong></span> <span class='ocrx_word' id='word_1_156' title='bbox 497 3075 636 3138; x_wconf 90' lang='lat' dir='ltr'><strong>multum</strong></span> <span class='ocrx_word' id='word_1_157' title='bbox 651 3075 804 3160; x_wconf 89' lang='lat' dir='ltr'><strong>urgebat:</strong></span> <span class='ocrx_word' id='word_1_158' title='bbox 829 3075 914 3159; x_wconf 93' lang='lat' dir='ltr'><strong>quod</strong></span> <span class='ocrx_word' id='word_1_159' title='bbox 934 3076 960 3140; x_wconf 90' lang='lat' dir='ltr'><strong>si</strong></span> <span class='ocrx_word' id='word_1_160' title='bbox 976 3073 1174 3137; x_wconf 84' lang='lat' dir='ltr'><strong>excalefieret</strong></span> <span class='ocrx_word' id='word_1_161' title='bbox 1194 3091 1289 3153; x_wconf 82' lang='lat' dir='ltr'><strong>aeger</strong></span> <span class='ocrx_word' id='word_1_162' title='bbox 1303 3071 1390 3133; x_wconf 91' lang='lat' dir='ltr'><strong>ultra</strong></span> 
     </span>
     <span class='ocr_line' id='line_1_22' title="bbox 287 3173 1388 3261; baseline -0.004 -21"><span class='ocrx_word' id='word_1_163' title='bbox 287 3175 480 3240; x_wconf 87' lang='lat' dir='ltr'><strong>ordinariam</strong></span> <span class='ocrx_word' id='word_1_164' title='bbox 496 3176 607 3240; x_wconf 84' lang='lat' dir='ltr'><strong>Febris</strong></span> <span class='ocrx_word' id='word_1_165' title='bbox 630 3185 758 3256; x_wconf 89' lang='lat' dir='ltr'><strong>sortem,</strong></span> <span class='ocrx_word' id='word_1_166' title='bbox 773 3177 887 3261; x_wconf 88' lang='lat' dir='ltr'><strong>lingua</strong></span> <span class='ocrx_word' id='word_1_167' title='bbox 909 3176 1087 3241; x_wconf 88' lang='lat' dir='ltr'><strong>aridissima</strong></span> <span class='ocrx_word' id='word_1_168' title='bbox 1108 3181 1177 3237; x_wconf 90' lang='lat' dir='ltr'><strong>erat</strong></span> <span class='ocrx_word' id='word_1_169' title='bbox 1198 3194 1273 3236; x_wconf 91' lang='lat' dir='ltr'><strong>enm</strong></span> <span class='ocrx_word' id='word_1_170' title='bbox 1292 3173 1388 3236; x_wconf 86' lang='lat' dir='ltr'><strong>flave-</strong></span> 
     </span>
     <span class='ocr_line' id='line_1_23' title="bbox 287 3275 1389 3360; baseline -0.006 -16"><span class='ocrx_word' id='word_1_171' title='bbox 287 3279 363 3344; x_wconf 82' lang='lat' dir='ltr'><strong>dr&#39;ne</strong></span> <span class='ocrx_word' id='word_1_172' title='bbox 375 3278 545 3357; x_wconf 73' lang='lat' dir='ltr'><strong>subfusca,</strong></span> <span class='ocrx_word' id='word_1_173' title='bbox 568 3279 637 3342; x_wconf 89' lang='lat' dir='ltr'><strong>sitis</strong></span> <span class='ocrx_word' id='word_1_174' title='bbox 653 3280 751 3343; x_wconf 91' lang='lat' dir='ltr'><strong>etiam</strong></span> <span class='ocrx_word' id='word_1_175' title='bbox 766 3279 1007 3357; x_wconf 84' lang='lat' dir='ltr'><strong>intendebatur,</strong></span> <span class='ocrx_word' id='word_1_176' title='bbox 1019 3277 1186 3359; x_wconf 87' lang='lat' dir='ltr'><strong>urinaque,</strong></span> <span class='ocrx_word' id='word_1_177' title='bbox 1200 3296 1281 3360; x_wconf 90' lang='lat' dir='ltr'><strong>quae</strong></span> <span class='ocrx_word' id='word_1_178' title='bbox 1296 3275 1389 3338; x_wconf 90' lang='lat' dir='ltr'><strong>aliter</strong></span> 
     </span>
     <span class='ocr_line' id='line_1_24' title="bbox 286 3378 1290 3459; baseline -0.003 -15"><span class='ocrx_word' id='word_1_179' title='bbox 286 3381 425 3444; x_wconf 90' lang='lat' dir='ltr'><strong>colorem</strong></span> <span class='ocrx_word' id='word_1_180' title='bbox 439 3381 505 3445; x_wconf 92' lang='lat' dir='ltr'><strong>fere</strong></span> <span class='ocrx_word' id='word_1_181' title='bbox 520 3381 701 3445; x_wconf 90' lang='lat' dir='ltr'><strong>naturalem</strong></span> <span class='ocrx_word' id='word_1_182' title='bbox 716 3403 839 3446; x_wconf 89' lang='lat' dir='ltr'><strong>servare</strong></span> <span class='ocrx_word' id='word_1_183' title='bbox 854 3381 987 3459; x_wconf 90' lang='lat' dir='ltr'><strong>solebat,</strong></span> <span class='ocrx_word' id='word_1_184' title='bbox 1002 3381 1129 3444; x_wconf 88' lang='lat' dir='ltr'><strong>intense</strong></span> <span class='ocrx_word' id='word_1_185' title='bbox 1143 3378 1290 3442; x_wconf 87' lang='lat' dir='ltr'><strong>rubebat.</strong></span> 
     </span>
    </p>

    <p class='ocr_par' dir='ltr' id='par_1_7' title="bbox 285 3482 1388 3772">
     <span class='ocr_line' id='line_1_25' title="bbox 331 3482 1388 3568; baseline -0.004 -21"><span class='ocrx_word' id='word_1_186' title='bbox 331 3483 442 3547; x_wconf 86' lang='lat' dir='ltr'><strong>Febris</strong></span> <span class='ocrx_word' id='word_1_187' title='bbox 463 3484 514 3546; x_wconf 90' lang='lat' dir='ltr'><strong>his</strong></span> <span class='ocrx_word' id='word_1_188' title='bbox 536 3491 666 3548; x_wconf 90' lang='lat' dir='ltr'><strong>tantum</strong></span> <span class='ocrx_word' id='word_1_189' title='bbox 689 3491 819 3568; x_wconf 90' lang='lat' dir='ltr'><strong>gravata</strong></span> <span class='ocrx_word' id='word_1_190' title='bbox 841 3483 1074 3568; x_wconf 89' lang='lat' dir='ltr'><strong>symptomatis,</strong></span> <span class='ocrx_word' id='word_1_191' title='bbox 1098 3482 1125 3544; x_wconf 92' lang='lat' dir='ltr'><strong>si</strong></span> <span class='ocrx_word' id='word_1_192' title='bbox 1146 3482 1249 3564; x_wconf 89' lang='lat' dir='ltr'><strong>perite</strong></span> <span class='ocrx_word' id='word_1_193' title='bbox 1270 3488 1388 3544; x_wconf 88' lang='lat' dir='ltr'><strong>tracta·</strong></span> 
     </span>
     <span class='ocr_line' id='line_1_26' title="bbox 286 3583 1387 3669; baseline -0.005 -20"><span class='ocrx_word' id='word_1_194' title='bbox 286 3593 385 3664; x_wconf 89' lang='lat' dir='ltr'><strong>retur,</strong></span> <span class='ocrx_word' id='word_1_195' title='bbox 409 3586 460 3650; x_wconf 90' lang='lat' dir='ltr'><strong>die</strong></span> <span class='ocrx_word' id='word_1_196' title='bbox 483 3587 607 3650; x_wconf 89' lang='lat' dir='ltr'><strong>decimo</strong></span> <span class='ocrx_word' id='word_1_197' title='bbox 630 3595 744 3669; x_wconf 90' lang='lat' dir='ltr'><strong>quarto</strong></span> <span class='ocrx_word' id='word_1_198' title='bbox 766 3607 862 3668; x_wconf 89' lang='lat' dir='ltr'><strong>aegro</strong></span> <span class='ocrx_word' id='word_1_199' title='bbox 884 3584 1101 3663; x_wconf 81' lang='lat' dir='ltr'><strong>valedicebat3</strong></span> <span class='ocrx_word' id='word_1_200' title='bbox 1123 3583 1387 3668; x_wconf 88' lang='lat' dir='ltr'><strong>pertinacissima,</strong></span> 
     </span>
     <span class='ocr_line' id='line_1_27' title="bbox 285 3689 688 3772; baseline 0 -20"><span class='ocrx_word' id='word_1_201' title='bbox 285 3689 391 3772; x_wconf 87' lang='lat' dir='ltr'><strong>primo</strong></span> <span class='ocrx_word' id='word_1_202' title='bbox 406 3697 477 3772; x_wconf 89' lang='lat' dir='ltr'><strong>post</strong></span> <span class='ocrx_word' id='word_1_203' title='bbox 492 3689 688 3752; x_wconf 89' lang='lat' dir='ltr'><strong>vicesimum.</strong></span> 
     </span>
    </p>

    <p class='ocr_par' dir='ltr' id='par_1_8' title="bbox 285 3788 1539 4576">
     <span class='ocr_line' id='line_1_28' title="bbox 335 3788 1510 3876; baseline -0.004 -22"><span class='ocrx_word' id='word_1_204' title='bbox 335 3791 396 3875; x_wconf 83' lang='lat'><strong>[3.]</strong></span> <span class='ocrx_word' id='word_1_205' title='bbox 425 3791 517 3856; x_wconf 91' lang='lat' dir='ltr'><strong>Inter</strong></span> <span class='ocrx_word' id='word_1_206' title='bbox 541 3791 676 3875; x_wconf 85' lang='lat' dir='ltr'><strong>hujusce</strong></span> <span class='ocrx_word' id='word_1_207' title='bbox 698 3789 810 3854; x_wconf 88' lang='lat' dir='ltr'><strong>Febris</strong></span> <span class='ocrx_word' id='word_1_208' title='bbox 832 3797 1048 3876; x_wconf 85' lang='lat' dir='ltr'><strong>symptomata</strong></span> <span class='ocrx_word' id='word_1_209' title='bbox 1073 3788 1235 3853; x_wconf 90' lang='lat' dir='ltr'><strong>eminebat</strong></span> <span class='ocrx_word' id='word_1_210' title='bbox 1255 3788 1388 3852; x_wconf 86' lang='lat' dir='ltr'><strong>affectus</strong></span> <span class='ocrx_word' id='word_1_211' title='bbox 1400 3803 1510 3852; x_wconf 68' lang='lat' dir='ltr'><strong>Affectus</strong></span> 
     </span>
     <span class='ocr_line' id='line_1_29' title="bbox 286 3869 1537 3980; baseline -0.003 -23"><span class='ocrx_word' id='word_1_212' title='bbox 286 3896 418 3978; x_wconf 90' lang='lat' dir='ltr'><strong>qnidam</strong></span> <span class='ocrx_word' id='word_1_213' title='bbox 438 3895 556 3960; x_wconf 90' lang='lat' dir='ltr'><strong>comati</strong></span> <span class='ocrx_word' id='word_1_214' title='bbox 578 3895 666 3958; x_wconf 89' lang='lat' dir='ltr'><strong>band</strong></span> <span class='ocrx_word' id='word_1_215' title='bbox 687 3895 866 3973; x_wconf 87' lang='lat' dir='ltr'><strong>dissimilis;</strong></span> <span class='ocrx_word' id='word_1_216' title='bbox 890 3917 954 3978; x_wconf 93' lang='lat' dir='ltr'><strong>qno</strong></span> <span class='ocrx_word' id='word_1_217' title='bbox 976 3903 1141 3977; x_wconf 88' lang='lat' dir='ltr'><strong>correptus</strong></span> <span class='ocrx_word' id='word_1_218' title='bbox 1161 3914 1256 3976; x_wconf 88' lang='lat' dir='ltr'><strong>aeger</strong></span> <span class='ocrx_word' id='word_1_219' title='bbox 1278 3869 1537 3980; x_wconf 66' lang='lat' dir='ltr'><strong>⁰b⁸t¹1·idiiiti¹sus</strong></span> 
     </span>
     <span class='ocr_line' id='line_1_30' title="bbox 285 3994 1521 4105; baseline -0.006 -43"><span class='ocrx_word' id='word_1_220' title='bbox 285 3997 383 4080; x_wconf 87' lang='lat' dir='ltr'><strong>pebat</strong></span> <span class='ocrx_word' id='word_1_221' title='bbox 410 3998 638 4081; x_wconf 89' lang='lat' dir='ltr'><strong>delirabatque,</strong></span> <span class='ocrx_word' id='word_1_222' title='bbox 666 3999 731 4062; x_wconf 91' lang='lat' dir='ltr'><strong>irno</strong></span> <span class='ocrx_word' id='word_1_223' title='bbox 757 3999 798 4061; x_wconf 91' lang='lat' dir='ltr'><strong>ad</strong></span> <span class='ocrx_word' id='word_1_224' title='bbox 824 3999 1019 4081; x_wconf 90' lang='lat' dir='ltr'><strong>septimanas</strong></span> <span class='ocrx_word' id='word_1_225' title='bbox 1046 3998 1167 4080; x_wconf 89' lang='lat' dir='ltr'><strong>aliquot</strong></span> <span class='ocrx_word' id='word_1_226' title='bbox 1194 3994 1387 4058; x_wconf 89' lang='lat' dir='ltr'><strong>dormitabat</strong></span> <span class='ocrx_word' id='word_1_227' title='bbox 1399 3996 1462 4105; x_wconf 55' lang='lat'>{¹²9⁰</span> <span class='ocrx_word' id='word_1_228' title='bbox 1476 3997 1521 4046; x_wconf 72' lang='lat' dir='ltr'><strong>Fa·</strong></span> 
     </span>
     <span class='ocr_line' id='line_1_31' title="bbox 285 4074 1539 4184; baseline -0.007 -22"><span class='ocrx_word' id='word_1_229' title='bbox 285 4121 531 4184; x_wconf 89' lang='lat' dir='ltr'><strong>nonnunquam,</strong></span> <span class='ocrx_word' id='word_1_230' title='bbox 547 4122 606 4163; x_wconf 90' lang='lat' dir='ltr'><strong>nee</strong></span> <span class='ocrx_word' id='word_1_231' title='bbox 620 4099 683 4162; x_wconf 87' lang='lat' dir='ltr'><strong>nisi</strong></span> <span class='ocrx_word' id='word_1_232' title='bbox 698 4099 802 4164; x_wconf 90' lang='lat' dir='ltr'><strong>valido</strong></span> <span class='ocrx_word' id='word_1_233' title='bbox 817 4100 954 4164; x_wconf 87' lang='lat' dir='ltr'><strong>elamore</strong></span> <span class='ocrx_word' id='word_1_234' title='bbox 970 4097 1249 4182; x_wconf 76' lang='lat' dir='ltr'><strong>expergiscebatur</strong></span> <span class='ocrx_word' id='word_1_235' title='bbox 1257 4121 1267 4171; x_wconf 77' lang='lat'>3</span> <span class='ocrx_word' id='word_1_236' title='bbox 1290 4115 1388 4174; x_wconf 93' lang='lat' dir='ltr'><strong>aquo</strong></span> <span class='ocrx_word' id='word_1_237' title='bbox 1400 4074 1539 4182; x_wconf 46' lang='grc' dir='ltr'><strong>,ῃῖζδξῗζιῆ</strong></span> 
     </span>
     <span class='ocr_line' id='line_1_32' title="bbox 286 4197 1513 4311; baseline -0.008 -46"><span class='ocrx_word' id='word_1_238' title='bbox 286 4223 381 4286; x_wconf 89' lang='lat' dir='ltr'><strong>aegre</strong></span> <span class='ocrx_word' id='word_1_239' title='bbox 406 4204 563 4267; x_wconf 87' lang='lat' dir='ltr'><strong>excitatus</strong></span> <span class='ocrx_word' id='word_1_240' title='bbox 590 4202 697 4266; x_wconf 89' lang='lat' dir='ltr'><strong>oculos</strong></span> <span class='ocrx_word' id='word_1_241' title='bbox 721 4201 883 4286; x_wconf 90' lang='lat' dir='ltr'><strong>aperiebat</strong></span> <span class='ocrx_word' id='word_1_242' title='bbox 906 4210 1046 4278; x_wconf 89' lang='lat' dir='ltr'><strong>tantum,</strong></span> <span class='ocrx_word' id='word_1_243' title='bbox 1070 4206 1199 4282; x_wconf 90' lang='lat' dir='ltr'><strong>etpost</strong></span> <span class='ocrx_word' id='word_1_244' title='bbox 1224 4197 1389 4277; x_wconf 89' lang='lat' dir='ltr'><strong>ingestum</strong></span> <span class='ocrx_word' id='word_1_245' title='bbox 1399 4201 1513 4311; x_wconf 50' lang='lat' dir='ltr'><strong>ggfflyn</strong></span> 
     </span>
     <span class='ocr_line' id='line_1_33' title="bbox 286 4299 1505 4390; baseline -0.003 -22"><span class='ocrx_word' id='word_1_246' title='bbox 286 4305 350 4368; x_wconf 90' lang='lat' dir='ltr'><strong>sive</strong></span> <span class='ocrx_word' id='word_1_247' title='bbox 366 4305 636 4369; x_wconf 87' lang='lat' dir='ltr'><strong>medicamentum</strong></span> <span class='ocrx_word' id='word_1_248' title='bbox 651 4305 716 4368; x_wconf 88' lang='lat' dir='ltr'><strong>sive</strong></span> <span class='ocrx_word' id='word_1_249' title='bbox 730 4313 844 4388; x_wconf 90' lang='lat' dir='ltr'><strong>potum</strong></span> <span class='ocrx_word' id='word_1_250' title='bbox 859 4306 911 4368; x_wconf 90' lang='lat' dir='ltr'><strong>eui</strong></span> <span class='ocrx_word' id='word_1_251' title='bbox 927 4309 1118 4380; x_wconf 86' lang='lat' dir='ltr'><strong>assueverat,</strong></span> <span class='ocrx_word' id='word_1_252' title='bbox 1133 4321 1209 4363; x_wconf 80' lang='lat' dir='ltr'><strong>mor</strong></span> <span class='ocrx_word' id='word_1_253' title='bbox 1227 4299 1264 4360; x_wconf 91' lang='lat' dir='ltr'><strong>in</strong></span> <span class='ocrx_word' id='word_1_254' title='bbox 1278 4304 1386 4379; x_wconf 88' lang='lat' dir='ltr'><strong>stupe-</strong></span> <span class='ocrx_word' id='word_1_255' title='bbox 1401 4315 1505 4390; x_wconf 66' lang='lat' dir='ltr'><strong>apronia</strong></span> 
     </span>
     <span class='ocr_line' id='line_1_34' title="bbox 285 4379 1525 4494; baseline -0.009 -23"><span class='ocrx_word' id='word_1_256' title='bbox 285 4430 355 4472; x_wconf 88' lang='lat' dir='ltr'><strong>rem</strong></span> <span class='ocrx_word' id='word_1_257' title='bbox 379 4409 590 4484; x_wconf 89' lang='lat' dir='ltr'><strong>dilabebatur,</strong></span> <span class='ocrx_word' id='word_1_258' title='bbox 615 4408 662 4472; x_wconf 89' lang='lat' dir='ltr'><strong>ita</strong></span> <span class='ocrx_word' id='word_1_259' title='bbox 685 4408 876 4494; x_wconf 88' lang='lat' dir='ltr'><strong>quandoque</strong></span> <span class='ocrx_word' id='word_1_260' title='bbox 899 4405 1096 4491; x_wconf 86' lang='lat' dir='ltr'><strong>profundum</strong></span> <span class='ocrx_word' id='word_1_261' title='bbox 1120 4409 1159 4466; x_wconf 92' lang='lat' dir='ltr'><strong>nt</strong></span> <span class='ocrx_word' id='word_1_262' title='bbox 1184 4402 1220 4464; x_wconf 91' lang='lat' dir='ltr'><strong>in</strong></span> <span class='ocrx_word' id='word_1_263' title='bbox 1249 4379 1525 4483; x_wconf 69' lang='lat' dir='ltr'><strong>aphonia⁶‘⁸¹¹¹⁹¹‘⁵³</strong></span> 
     </span>
     <span class='ocr_line' id='line_1_35' title="bbox 286 4510 707 4576; baseline 0.002 -3"><span class='ocrx_word' id='word_1_264' title='bbox 286 4511 446 4576; x_wconf 83' lang='lat' dir='ltr'><strong>desineret</strong></span> <span class='ocrx_word' id='word_1_265' title='bbox 462 4510 707 4574; x_wconf 88' lang='lat' dir='ltr'><strong>absolutissima.</strong></span> 
     </span>
    </p>

    <p class='ocr_par' dir='ltr' id='par_1_9' title="bbox 336 4606 1388 4696">
     <span class='ocr_line' id='line_1_36' title="bbox 336 4606 1388 4696; baseline -0.004 -22"><span class='ocrx_word' id='word_1_266' title='bbox 336 4611 396 4696; x_wconf 80' lang='grc'>[4.]</span> <span class='ocrx_word' id='word_1_267' title='bbox 425 4611 492 4676; x_wconf 80' lang='lat' dir='ltr'><strong>Qui</strong></span> <span class='ocrx_word' id='word_1_268' title='bbox 519 4611 564 4672; x_wconf 88' lang='lat' dir='ltr'><strong>sie</strong></span> <span class='ocrx_word' id='word_1_269' title='bbox 585 4611 691 4674; x_wconf 88' lang='lat' dir='ltr'><strong>fuerat</strong></span> <span class='ocrx_word' id='word_1_270' title='bbox 717 4611 850 4674; x_wconf 85' lang='lat' dir='ltr'><strong>affectus</strong></span> <span class='ocrx_word' id='word_1_271' title='bbox 876 4631 982 4692; x_wconf 87' lang='lat' dir='ltr'><strong>aeger,</strong></span> <span class='ocrx_word' id='word_1_272' title='bbox 1003 4607 1062 4671; x_wconf 91' lang='lat' dir='ltr'><strong>ubi</strong></span> <span class='ocrx_word' id='word_1_273' title='bbox 1083 4607 1125 4672; x_wconf 92' lang='lat' dir='ltr'><strong>ad</strong></span> <span class='ocrx_word' id='word_1_274' title='bbox 1151 4628 1184 4672; x_wconf 91' lang='lat' dir='ltr'><strong>se</strong></span> <span class='ocrx_word' id='word_1_275' title='bbox 1206 4606 1312 4685; x_wconf 86' lang='lat' dir='ltr'><strong>rediit,</strong></span> <span class='ocrx_word' id='word_1_276' title='bbox 1335 4606 1388 4670; x_wconf 93' lang='lat' dir='ltr'><strong>die</strong></span> 
     </span>
    </p>
   </div>
   <div class='ocr_carea' id='block_1_5' title="bbox 285 4711 1387 4796">
    <p class='ocr_par' dir='ltr' id='par_1_10' title="bbox 285 4711 1387 4796">
     <span class='ocr_line' id='line_1_37' title="bbox 285 4711 1387 4796; baseline -0.004 -20"><span class='ocrx_word' id='word_1_277' title='bbox 285 4713 435 4778; x_wconf 90' lang='lat' dir='ltr'><strong>vicesimo</strong></span> <span class='ocrx_word' id='word_1_278' title='bbox 450 4720 561 4776; x_wconf 88' lang='lat' dir='ltr'><strong>octavo</strong></span> <span class='ocrx_word' id='word_1_279' title='bbox 575 4714 625 4776; x_wconf 91' lang='lat' dir='ltr'><strong>vel</strong></span> <span class='ocrx_word' id='word_1_280' title='bbox 644 4713 809 4796; x_wconf 88' lang='lat' dir='ltr'><strong>trigesimo</strong></span> <span class='ocrx_word' id='word_1_281' title='bbox 827 4713 931 4796; x_wconf 87' lang='lat' dir='ltr'><strong>eoepit</strong></span> <span class='ocrx_word' id='word_1_282' title='bbox 951 4711 1169 4776; x_wconf 87' lang='lat' dir='ltr'><strong>convalescere</strong></span> <span class='ocrx_word' id='word_1_283' title='bbox 1177 4738 1187 4790; x_wconf 88' lang='lat'>;</span> <span class='ocrx_word' id='word_1_284' title='bbox 1210 4712 1302 4796; x_wconf 88' lang='lat' dir='ltr'><strong>cnjus</strong></span> <span class='ocrx_word' id='word_1_285' title='bbox 1323 4711 1387 4794; x_wconf 88' lang='lat' dir='ltr'><strong>pri-</strong></span> 
     </span>
    </p>
   </div>
   <div class='ocr_carea' id='block_1_6' title="bbox 330 1173 1524 1390">
    <p class='ocr_par' dir='ltr' id='par_1_11' title="bbox 330 1173 1524 1390">
     <span class='ocr_line' id='line_1_38' title="bbox 330 1173 1524 1390; baseline 0 -103"><span class='ocrx_word' id='word_1_286' title='bbox 330 1224 444 1304; x_wconf 83' lang='lat' dir='ltr'><strong>Hsac,</strong></span> <span class='ocrx_word' id='word_1_287' title='bbox 459 1226 594 1308; x_wconf 90' lang='lat' dir='ltr'><strong>perinde</strong></span> <span class='ocrx_word' id='word_1_288' title='bbox 612 1234 709 1310; x_wconf 91' lang='lat' dir='ltr'><strong>atque</strong></span> <span class='ocrx_word' id='word_1_289' title='bbox 729 1226 782 1290; x_wconf 90' lang='lat' dir='ltr'><strong>alii</strong></span> <span class='ocrx_word' id='word_1_290' title='bbox 798 1226 977 1310; x_wconf 91' lang='lat' dir='ltr'><strong>epidemici,</strong></span> <span class='ocrx_word' id='word_1_291' title='bbox 991 1173 1079 1390; x_wconf 42' lang='lat' dir='ltr'><strong>moff</strong></span> <span class='ocrx_word' id='word_1_292' title='bbox 1086 1225 1126 1288; x_wconf 87' lang='lat' dir='ltr'><strong>ab</strong></span> <span class='ocrx_word' id='word_1_293' title='bbox 1141 1226 1289 1308; x_wconf 86' lang='lat' dir='ltr'><strong>ingressu</strong></span> <span class='ocrx_word' id='word_1_294' title='bbox 1304 1226 1389 1289; x_wconf 88' lang='lat' dir='ltr'><strong>socia</strong></span> <span class='ocrx_word' id='word_1_295' title='bbox 1403 1232 1524 1283; x_wconf 76' lang='lat' dir='ltr'><strong>Nacente</strong></span> 
     </span>
    </p>
   </div>
   <div class='ocr_carea' id='block_1_7' title="bbox 320 4853 1387 4920">
    <p class='ocr_par' dir='ltr' id='par_1_12' title="bbox 320 4853 1387 4920">
     <span class='ocr_line' id='line_1_39' title="bbox 320 4853 1387 4920; baseline -0.007 -12"><span class='ocrx_word' id='word_1_296' title='bbox 320 4865 330 4888; x_wconf 73' lang='lat'><strong><em>⁶</em></strong></span> <span class='ocrx_word' id='word_1_297' title='bbox 350 4859 424 4908; x_wconf 82' lang='lat' dir='ltr'><strong>Deest</strong></span> <span class='ocrx_word' id='word_1_298' title='bbox 436 4857 483 4904; x_wconf 88' lang='lat' dir='ltr'><strong>boc</strong></span> <span class='ocrx_word' id='word_1_299' title='bbox 494 4870 546 4916; x_wconf 80' lang='lat' dir='ltr'><strong>cap.</strong></span> <span class='ocrx_word' id='word_1_300' title='bbox 560 4855 584 4904; x_wconf 83' lang='lat' dir='ltr'><strong>in</strong></span> <span class='ocrx_word' id='word_1_301' title='bbox 597 4855 649 4903; x_wconf 83' lang='lat' dir='ltr'><strong>edd.</strong></span> <span class='ocrx_word' id='word_1_302' title='bbox 662 4857 711 4914; x_wconf 85' lang='lat'><strong>&#39;66,</strong></span> <span class='ocrx_word' id='word_1_303' title='bbox 723 4858 771 4904; x_wconf 73' lang='lat' dir='ltr'><strong>&#39;aa</strong></span> <span class='ocrx_word' id='word_1_304' title='bbox 849 4853 859 4886; x_wconf 67' lang='lat'><strong>⁴</strong></span> <span class='ocrx_word' id='word_1_305' title='bbox 876 4875 955 4906; x_wconf 67' lang='lat' dir='ltr'><strong>annm.</strong></span> <span class='ocrx_word' id='word_1_306' title='bbox 964 4856 1018 4920; x_wconf 60' lang='lat' dir='ltr'><strong>dvc]</strong></span> <span class='ocrx_word' id='word_1_307' title='bbox 1030 4857 1099 4918; x_wconf 71' lang='lat' dir='ltr'><strong>hujus</strong></span> <span class='ocrx_word' id='word_1_308' title='bbox 1111 4860 1285 4905; x_wconf 69' lang='lat' dir='ltr'><strong>constitutionis</strong></span> <span class='ocrx_word' id='word_1_309' title='bbox 1293 4855 1329 4903; x_wconf 82' lang='lat' dir='ltr'><strong>ed.</strong></span> <span class='ocrx_word' id='word_1_310' title='bbox 1339 4854 1387 4904; x_wconf 72' lang='lat'><strong>76.</strong></span> 
     </span>
    </p>
   </div>
   <div class='ocr_carea' id='block_1_8' title="bbox 0 0 1918 5759">
    <p class='ocr_par' dir='ltr' id='par_1_13' title="bbox 0 0 1918 5759">
     <span class='ocr_line' id='line_1_40' title="bbox 0 0 1918 5759; baseline 0 0"><span class='ocrx_word' id='word_1_311' title='bbox 0 0 1918 5759; x_wconf 95' lang='lat' dir='ltr'><strong> </strong></span> 
     </span>
    </p>
   </div>
  </div>
 </body>
</html>
