<?xml version="1.0" encoding="UTF-8"?>
<!DOCTYPE html PUBLIC "-//W3C//DTD XHTML 1.0 Transitional//EN"
    "http://www.w3.org/TR/xhtml1/DTD/xhtml1-transitional.dtd">
<html xmlns="http://www.w3.org/1999/xhtml" xml:lang="en" lang="en">
 <head>
  <title>
</title>
<meta http-equiv="Content-Type" content="text/html;charset=utf-8" />
  <meta name='ocr-system' content='tesseract 3.04.00' />
  <meta name='ocr-capabilities' content='ocr_page ocr_carea ocr_par ocr_line ocrx_word'/>
</head>
<body>
  <div class='ocr_page' id='page_1' title='image "./thomaesydenhamm00greegoog_0286.png"; bbox 0 0 3825 5759; ppageno 0'>
   <div class='ocr_carea' id='block_1_1' title="bbox 503 671 1292 739">
    <p class='ocr_par' dir='ltr' id='par_1_1' title="bbox 503 671 1292 739">
     <span class='ocr_line' id='line_1_1' title="bbox 503 671 1292 739; baseline -0.005 -1"><span class='ocrx_word' id='word_1_1' title='bbox 503 678 568 739; x_wconf 75' lang='lat'><strong>254</strong></span> <span class='ocrx_word' id='word_1_2' title='bbox 815 673 1009 737; x_wconf 81' lang='grc' dir='ltr'><strong>ΤΗΟΜΑΕ</strong></span> <span class='ocrx_word' id='word_1_3' title='bbox 1035 671 1292 736; x_wconf 84' lang='lat' dir='ltr'><strong>SYDENHAM</strong></span> 
     </span>
    </p>
   </div>
   <div class='ocr_carea' id='block_1_2' title="bbox 347 829 1606 1532">
    <p class='ocr_par' dir='ltr' id='par_1_2' title="bbox 347 829 1605 1428">
     <span class='ocr_line' id='line_1_2' title="bbox 379 829 1605 918; baseline -0.01 -17"><span class='ocrx_word' id='word_1_4' title='bbox 379 840 459 888; x_wconf 73' lang='lat' dir='ltr'><strong>Pan.</strong></span> <span class='ocrx_word' id='word_1_5' title='bbox 501 835 634 900; x_wconf 90' lang='lat' dir='ltr'><strong>brachio</strong></span> <span class='ocrx_word' id='word_1_6' title='bbox 655 836 690 898; x_wconf 92' lang='lat' dir='ltr'><strong>in</strong></span> <span class='ocrx_word' id='word_1_7' title='bbox 711 835 795 898; x_wconf 91' lang='lat' dir='ltr'><strong>lecto</strong></span> <span class='ocrx_word' id='word_1_8' title='bbox 817 834 956 918; x_wconf 86' lang='lat' dir='ltr'><strong>jacentis</strong></span> <span class='ocrx_word' id='word_1_9' title='bbox 977 832 1211 896; x_wconf 79' lang='lat' dir='ltr'><strong>extrahendum</strong></span> <span class='ocrx_word' id='word_1_10' title='bbox 1234 829 1390 915; x_wconf 90' lang='lat' dir='ltr'><strong>praecepi,</strong></span> <span class='ocrx_word' id='word_1_11' title='bbox 1410 849 1470 892; x_wconf 89' lang='lat' dir='ltr'><strong>nec</strong></span> <span class='ocrx_word' id='word_1_12' title='bbox 1492 849 1605 911; x_wconf 88' lang='lat' dir='ltr'><strong>passus</strong></span> 
     </span>
     <span class='ocr_line' id='line_1_3' title="bbox 351 919 1605 1019; baseline -0.01 -16"><span class='ocrx_word' id='word_1_13' title='bbox 351 919 489 1018; x_wconf 48' lang='lat' dir='ltr'><strong>‘isim</strong></span> <span class='ocrx_word' id='word_1_14' title='bbox 503 960 576 1001; x_wconf 83' lang='lat' dir='ltr'><strong>sum</strong></span> <span class='ocrx_word' id='word_1_15' title='bbox 597 944 635 1002; x_wconf 91' lang='lat' dir='ltr'><strong>ut</strong></span> <span class='ocrx_word' id='word_1_16' title='bbox 658 959 697 1002; x_wconf 84' lang='lat' dir='ltr'><strong>ex</strong></span> <span class='ocrx_word' id='word_1_17' title='bbox 721 957 759 1000; x_wconf 91' lang='lat' dir='ltr'><strong>eo</strong></span> <span class='ocrx_word' id='word_1_18' title='bbox 789 944 935 1019; x_wconf 84' lang='lat' dir='ltr'><strong>surgeret</strong></span> <span class='ocrx_word' id='word_1_19' title='bbox 962 937 1004 999; x_wconf 91' lang='lat' dir='ltr'><strong>ad</strong></span> <span class='ocrx_word' id='word_1_20' title='bbox 1026 936 1106 998; x_wconf 88' lang='lat' dir='ltr'><strong>duas</strong></span> <span class='ocrx_word' id='word_1_21' title='bbox 1130 943 1234 998; x_wconf 90' lang='lat' dir='ltr'><strong>tresve</strong></span> <span class='ocrx_word' id='word_1_22' title='bbox 1257 933 1370 1010; x_wconf 83' lang='lat' dir='ltr'><strong>horas3</strong></span> <span class='ocrx_word' id='word_1_23' title='bbox 1403 951 1477 994; x_wconf 87' lang='lat' dir='ltr'><strong>cum</strong></span> <span class='ocrx_word' id='word_1_24' title='bbox 1499 929 1605 993; x_wconf 92' lang='lat' dir='ltr'><strong>omnis</strong></span> 
     </span>
     <span class='ocr_line' id='line_1_4' title="bbox 348 1031 1605 1121; baseline -0.011 -14"><span class='ocrx_word' id='word_1_25' title='bbox 348 1042 487 1121; x_wconf 53' lang='lat' dir='ltr'><strong>sffguis&#39;e</strong></span> <span class='ocrx_word' id='word_1_26' title='bbox 503 1038 670 1120; x_wconf 89' lang='lat' dir='ltr'><strong>sanguinis</strong></span> <span class='ocrx_word' id='word_1_27' title='bbox 691 1037 829 1116; x_wconf 82' lang='lat' dir='ltr'>eductio,</span> <span class='ocrx_word' id='word_1_28' title='bbox 849 1058 930 1120; x_wconf 89' lang='lat' dir='ltr'><strong>quae</strong></span> <span class='ocrx_word' id='word_1_29' title='bbox 951 1039 1133 1100; x_wconf 88' lang='lat' dir='ltr'><strong>universam</strong></span> <span class='ocrx_word' id='word_1_30' title='bbox 1152 1036 1292 1119; x_wconf 87' lang='lat' dir='ltr'><strong>eorporis</strong></span> <span class='ocrx_word' id='word_1_31' title='bbox 1311 1054 1498 1116; x_wconf 74' lang='lat' dir='ltr'><strong>compagem</strong></span> <span class='ocrx_word' id='word_1_32' title='bbox 1517 1031 1605 1094; x_wconf 91' lang='lat' dir='ltr'><strong>lahe-</strong></span> 
     </span>
     <span class='ocr_line' id='line_1_5' title="bbox 347 1125 1604 1249; baseline -0.007 -44"><span class='ocrx_word' id='word_1_33' title='bbox 347 1125 449 1249; x_wconf 47' lang='grc' dir='ltr'><strong>Ξζὲξξὶξζ</strong></span> <span class='ocrx_word' id='word_1_34' title='bbox 502 1141 602 1204; x_wconf 82' lang='lat' dir='ltr'><strong>factat</strong></span> <span class='ocrx_word' id='word_1_35' title='bbox 617 1139 841 1223; x_wconf 87' lang='lat' dir='ltr'><strong>quadantenus</strong></span> <span class='ocrx_word' id='word_1_36' title='bbox 857 1140 1075 1222; x_wconf 90' lang='lat' dir='ltr'><strong>concutitque,</strong></span> <span class='ocrx_word' id='word_1_37' title='bbox 1092 1139 1154 1203; x_wconf 93' lang='lat' dir='ltr'><strong>hoc</strong></span> <span class='ocrx_word' id='word_1_38' title='bbox 1173 1146 1267 1222; x_wconf 89' lang='lat' dir='ltr'><strong>pacto</strong></span> <span class='ocrx_word' id='word_1_39' title='bbox 1282 1137 1407 1200; x_wconf 83' lang='lat' dir='ltr'><strong>facilius</strong></span> <span class='ocrx_word' id='word_1_40' title='bbox 1426 1136 1604 1211; x_wconf 90' lang='lat' dir='ltr'><strong>tolleretur,</strong></span> 
     </span>
     <span class='ocr_line' id='line_1_6' title="bbox 347 1237 1605 1326; baseline -0.009 -17"><span class='ocrx_word' id='word_1_41' title='bbox 347 1251 456 1326; x_wconf 75' lang='lat' dir='ltr'><strong>lectqjs-</strong></span> <span class='ocrx_word' id='word_1_42' title='bbox 502 1244 549 1308; x_wconf 88' lang='lat' dir='ltr'><strong>ita</strong></span> <span class='ocrx_word' id='word_1_43' title='bbox 564 1249 601 1306; x_wconf 92' lang='lat' dir='ltr'><strong>ut</strong></span> <span class='ocrx_word' id='word_1_44' title='bbox 616 1244 728 1306; x_wconf 87' lang='lat' dir='ltr'><strong>mitius</strong></span> <span class='ocrx_word' id='word_1_45' title='bbox 744 1264 819 1307; x_wconf 92' lang='lat' dir='ltr'><strong>cum</strong></span> <span class='ocrx_word' id='word_1_46' title='bbox 840 1264 935 1326; x_wconf 91' lang='lat' dir='ltr'><strong>aegro</strong></span> <span class='ocrx_word' id='word_1_47' title='bbox 951 1250 1077 1325; x_wconf 89' lang='lat' dir='ltr'><strong>agatur,</strong></span> <span class='ocrx_word' id='word_1_48' title='bbox 1093 1264 1168 1306; x_wconf 92' lang='lat' dir='ltr'><strong>cum</strong></span> <span class='ocrx_word' id='word_1_49' title='bbox 1187 1242 1223 1304; x_wconf 92' lang='lat' dir='ltr'><strong>in</strong></span> <span class='ocrx_word' id='word_1_50' title='bbox 1240 1241 1324 1304; x_wconf 89' lang='lat' dir='ltr'><strong>lecto</strong></span> <span class='ocrx_word' id='word_1_51' title='bbox 1342 1238 1475 1303; x_wconf 79' lang='lat' dir='ltr'>cubanti</span> <span class='ocrx_word' id='word_1_52' title='bbox 1490 1237 1605 1300; x_wconf 89' lang='lat' dir='ltr'><strong>unciae</strong></span> 
     </span>
     <span class='ocr_line' id='line_1_7' title="bbox 347 1325 1605 1428; baseline -0.008 -17"><span class='ocrx_word' id='word_1_53' title='bbox 347 1325 613 1428; x_wconf 57' lang='lat' dir='ltr'><strong>{‡J¹1}¹,⁸„{{,decem</strong></span> <span class='ocrx_word' id='word_1_54' title='bbox 633 1347 754 1410; x_wconf 85' lang='lat' dir='ltr'><strong>lherint</strong></span> <span class='ocrx_word' id='word_1_55' title='bbox 770 1347 942 1423; x_wconf 82' lang='lat' dir='ltr'><strong>detractae,</strong></span> <span class='ocrx_word' id='word_1_56' title='bbox 961 1366 1057 1428; x_wconf 91' lang='lat' dir='ltr'><strong>quam</strong></span> <span class='ocrx_word' id='word_1_57' title='bbox 1077 1346 1177 1409; x_wconf 80' lang='lat' dir='ltr'><strong>siser</strong></span> <span class='ocrx_word' id='word_1_58' title='bbox 1195 1349 1356 1428; x_wconf 85' lang='lat' dir='ltr'><strong>septemve</strong></span> <span class='ocrx_word' id='word_1_59' title='bbox 1374 1349 1505 1406; x_wconf 87' lang='lat' dir='ltr'><strong>tantum</strong></span> <span class='ocrx_word' id='word_1_60' title='bbox 1526 1340 1605 1402; x_wconf 89' lang='lat' dir='ltr'><strong>ami-</strong></span> 
     </span>
    </p>

    <p class='ocr_par' dir='ltr' id='par_1_3' title="bbox 503 1442 1606 1532">
     <span class='ocr_line' id='line_1_8' title="bbox 503 1442 1606 1532; baseline -0.006 -19"><span class='ocrx_word' id='word_1_61' title='bbox 503 1449 589 1528; x_wconf 82' lang='lat' dir='ltr'><strong>serit,</strong></span> <span class='ocrx_word' id='word_1_62' title='bbox 608 1455 778 1532; x_wconf 88' lang='lat' dir='ltr'><strong>postquam</strong></span> <span class='ocrx_word' id='word_1_63' title='bbox 799 1470 817 1512; x_wconf 90' lang='lat' dir='ltr'><strong>e</strong></span> <span class='ocrx_word' id='word_1_64' title='bbox 839 1448 939 1513; x_wconf 91' lang='lat' dir='ltr'><strong>cubili</strong></span> <span class='ocrx_word' id='word_1_65' title='bbox 958 1448 1141 1512; x_wconf 79' lang='lat' dir='ltr'><strong>surrexerit.</strong></span> <span class='ocrx_word' id='word_1_66' title='bbox 1188 1448 1251 1510; x_wconf 92' lang='lat' dir='ltr'><strong>Die</strong></span> <span class='ocrx_word' id='word_1_67' title='bbox 1272 1445 1420 1529; x_wconf 84' lang='lat' dir='ltr'><strong>sequenti</strong></span> <span class='ocrx_word' id='word_1_68' title='bbox 1439 1442 1606 1528; x_wconf 90' lang='lat' dir='ltr'><strong>potionem</strong></span> 
     </span>
    </p>
   </div>
   <div class='ocr_carea' id='block_1_3' title="bbox 503 1551 1224 1634">
    <p class='ocr_par' dir='ltr' id='par_1_4' title="bbox 503 1551 1224 1634">
     <span class='ocr_line' id='line_1_9' title="bbox 503 1551 1224 1634; baseline -0.004 -18"><span class='ocrx_word' id='word_1_69' title='bbox 503 1559 691 1634; x_wconf 87' lang='lat' dir='ltr'><strong>sequentem</strong></span> <span class='ocrx_word' id='word_1_70' title='bbox 706 1573 802 1616; x_wconf 89' lang='lat' dir='ltr'><strong>mane</strong></span> <span class='ocrx_word' id='word_1_71' title='bbox 818 1551 1010 1615; x_wconf 86' lang='lat' dir='ltr'><strong>sumendam</strong></span> <span class='ocrx_word' id='word_1_72' title='bbox 1025 1551 1160 1634; x_wconf 88' lang='lat' dir='ltr'><strong>propino</strong></span> <span class='ocrx_word' id='word_1_73' title='bbox 1171 1576 1224 1613; x_wconf 91' lang='lat'><strong>:—</strong></span> 
     </span>
    </p>
   </div>
   <div class='ocr_carea' id='block_1_4' title="bbox 357 1683 1613 3983">
    <p class='ocr_par' dir='ltr' id='par_1_5' title="bbox 504 1683 1262 1766">
     <span class='ocr_line' id='line_1_10' title="bbox 504 1683 1262 1766; baseline -0.003 -27"><span class='ocrx_word' id='word_1_74' title='bbox 504 1686 604 1756; x_wconf 81' lang='lat' dir='ltr'><strong>[Fonn.</strong></span> <span class='ocrx_word' id='word_1_75' title='bbox 618 1686 696 1756; x_wconf 82' lang='lat'>³9.]⁰</span> <span class='ocrx_word' id='word_1_76' title='bbox 721 1683 751 1766; x_wconf 94' lang='grc' dir='ltr'>Κ</span> <span class='ocrx_word' id='word_1_77' title='bbox 775 1688 882 1744; x_wconf 74' lang='lat' dir='ltr'><strong>Cassiae</strong></span> <span class='ocrx_word' id='word_1_78' title='bbox 896 1686 1040 1740; x_wconf 86' lang='lat' dir='ltr'><strong>Extractae</strong></span> <span class='ocrx_word' id='word_1_79' title='bbox 1052 1687 1159 1738; x_wconf 88' lang='lat' dir='ltr'><strong>unciam</strong></span> <span class='ocrx_word' id='word_1_80' title='bbox 1171 1702 1262 1746; x_wconf 87' lang='lat' dir='ltr'><strong>unam,</strong></span> 
     </span>
    </p>

    <p class='ocr_par' dir='ltr' id='par_1_6' title="bbox 773 1771 1201 1844">
     <span class='ocr_line' id='line_1_11' title="bbox 773 1771 1201 1844; baseline -0.007 -18"><span class='ocrx_word' id='word_1_81' title='bbox 773 1773 963 1844; x_wconf 72' lang='lat' dir='ltr'><strong>Glycyrrhizae</strong></span> <span class='ocrx_word' id='word_1_82' title='bbox 976 1771 1113 1824; x_wconf 79' lang='lat' dir='ltr'><strong>drachmas</strong></span> <span class='ocrx_word' id='word_1_83' title='bbox 1126 1771 1201 1831; x_wconf 84' lang='lat' dir='ltr'><strong>duas,</strong></span> 
     </span>
    </p>

    <p class='ocr_par' dir='ltr' id='par_1_7' title="bbox 769 1861 1108 1930">
     <span class='ocr_line' id='line_1_12' title="bbox 769 1861 1108 1930; baseline -0.003 -18"><span class='ocrx_word' id='word_1_84' title='bbox 769 1861 850 1913; x_wconf 89' lang='lat' dir='ltr'><strong>Ficus</strong></span> <span class='ocrx_word' id='word_1_85' title='bbox 861 1861 975 1930; x_wconf 83' lang='lat' dir='ltr'><strong>pingues</strong></span> <span class='ocrx_word' id='word_1_86' title='bbox 986 1869 1108 1928; x_wconf 85' lang='lat' dir='ltr'><strong>quatuor,</strong></span> 
     </span>
    </p>

    <p class='ocr_par' dir='ltr' id='par_1_8' title="bbox 769 1945 1456 2008">
     <span class='ocr_line' id='line_1_13' title="bbox 769 1945 1456 2008; baseline 0 -10"><span class='ocrx_word' id='word_1_87' title='bbox 769 1947 903 2000; x_wconf 89' lang='lat' dir='ltr'><strong>Foliorum</strong></span> <span class='ocrx_word' id='word_1_88' title='bbox 917 1948 1023 1999; x_wconf 86' lang='lat' dir='ltr'><strong>Sennae</strong></span> <span class='ocrx_word' id='word_1_89' title='bbox 1035 1945 1175 1998; x_wconf 78' lang='lat' dir='ltr'><strong>drachmas</strong></span> <span class='ocrx_word' id='word_1_90' title='bbox 1187 1945 1254 1998; x_wconf 89' lang='lat' dir='ltr'><strong>duas</strong></span> <span class='ocrx_word' id='word_1_91' title='bbox 1266 1962 1328 1998; x_wconf 88' lang='lat' dir='ltr'><strong>cum</strong></span> <span class='ocrx_word' id='word_1_92' title='bbox 1340 1946 1456 2008; x_wconf 88' lang='lat' dir='ltr'><strong>semisse,</strong></span> 
     </span>
    </p>

    <p class='ocr_par' dir='ltr' id='par_1_9' title="bbox 646 2031 1608 2282">
     <span class='ocr_line' id='line_1_14' title="bbox 768 2031 1331 2103; baseline -0.004 -17"><span class='ocrx_word' id='word_1_93' title='bbox 768 2034 876 2103; x_wconf 79' lang='lat' dir='ltr'><strong>Agarici</strong></span> <span class='ocrx_word' id='word_1_94' title='bbox 889 2032 1054 2085; x_wconf 85' lang='lat' dir='ltr'><strong>Trochiscati</strong></span> <span class='ocrx_word' id='word_1_95' title='bbox 1067 2031 1220 2085; x_wconf 81' lang='lat' dir='ltr'><strong>drachmam</strong></span> <span class='ocrx_word' id='word_1_96' title='bbox 1232 2049 1331 2094; x_wconf 87' lang='lat' dir='ltr'><strong>unam;</strong></span> 
     </span>
     <span class='ocr_line' id='line_1_15' title="bbox 646 2118 1608 2189; baseline -0.006 -15"><span class='ocrx_word' id='word_1_97' title='bbox 646 2122 739 2189; x_wconf 81' lang='lat' dir='ltr'><strong>Coqua</strong></span> <span class='ocrx_word' id='word_1_98' title='bbox 760 2119 906 2172; x_wconf 83' lang='lat' dir='ltr'><strong>sufficiente</strong></span> <span class='ocrx_word' id='word_1_99' title='bbox 927 2119 1076 2186; x_wconf 84' lang='lat' dir='ltr'><strong>quantitate</strong></span> <span class='ocrx_word' id='word_1_100' title='bbox 1098 2135 1197 2188; x_wconf 86' lang='lat' dir='ltr'><strong>aquae;</strong></span> <span class='ocrx_word' id='word_1_101' title='bbox 1224 2118 1358 2171; x_wconf 84' lang='lat' dir='ltr'><strong>celaturae</strong></span> <span class='ocrx_word' id='word_1_102' title='bbox 1380 2118 1465 2170; x_wconf 88' lang='lat' dir='ltr'><strong>unciis</strong></span> <span class='ocrx_word' id='word_1_103' title='bbox 1484 2127 1608 2185; x_wconf 84' lang='lat' dir='ltr'><strong>quatuor,</strong></span> 
     </span>
     <span class='ocr_line' id='line_1_16' title="bbox 647 2206 886 2282; baseline 0.004 -24"><span class='ocrx_word' id='word_1_104' title='bbox 647 2206 759 2260; x_wconf 79' lang='lat' dir='ltr'><strong>dissolve</strong></span> <span class='ocrx_word' id='word_1_105' title='bbox 878 2265 886 2282; x_wconf 52' lang='lat'><strong>·</strong></span> 
     </span>
    </p>

    <p class='ocr_par' dir='ltr' id='par_1_10' title="bbox 753 2291 1095 2356">
     <span class='ocr_line' id='line_1_17' title="bbox 753 2291 1095 2356; baseline 0.006 -12"><span class='ocrx_word' id='word_1_106' title='bbox 753 2291 872 2347; x_wconf 90' lang='lat' dir='ltr'><strong>Mannae</strong></span> <span class='ocrx_word' id='word_1_107' title='bbox 885 2295 991 2347; x_wconf 87' lang='lat' dir='ltr'><strong>unciam</strong></span> <span class='ocrx_word' id='word_1_108' title='bbox 1004 2310 1095 2356; x_wconf 76' lang='lat' dir='ltr'><strong>anan,</strong></span> 
     </span>
    </p>

    <p class='ocr_par' dir='ltr' id='par_1_11' title="bbox 648 2378 1291 2535">
     <span class='ocr_line' id='line_1_18' title="bbox 754 2378 1291 2449; baseline 0 -18"><span class='ocrx_word' id='word_1_109' title='bbox 754 2378 850 2449; x_wconf 81' lang='lat' dir='ltr'><strong>Syrupi</strong></span> <span class='ocrx_word' id='word_1_110' title='bbox 863 2379 977 2434; x_wconf 87' lang='lat' dir='ltr'><strong>Bosacei</strong></span> <span class='ocrx_word' id='word_1_111' title='bbox 990 2381 1102 2434; x_wconf 85' lang='lat' dir='ltr'><strong>Solutivi</strong></span> <span class='ocrx_word' id='word_1_112' title='bbox 1114 2379 1291 2440; x_wconf 67' lang='lat' dir='ltr'><strong>semunciam</strong></span> 
     </span>
     <span class='ocr_line' id='line_1_19' title="bbox 648 2463 908 2535; baseline 0.004 -18"><span class='ocrx_word' id='word_1_113' title='bbox 648 2463 735 2518; x_wconf 86' lang='lat' dir='ltr'><strong>Misce</strong></span> <span class='ocrx_word' id='word_1_114' title='bbox 746 2485 752 2528; x_wconf 88' lang='lat'>;</span> <span class='ocrx_word' id='word_1_115' title='bbox 771 2465 818 2519; x_wconf 84' lang='lat' dir='ltr'><strong>liat</strong></span> <span class='ocrx_word' id='word_1_116' title='bbox 829 2467 908 2535; x_wconf 79' lang='lat' dir='ltr'><strong>potio,</strong></span> 
     </span>
    </p>

    <p class='ocr_par' dir='ltr' id='par_1_12' title="bbox 507 2568 1611 3161">
     <span class='ocr_line' id='line_1_20' title="bbox 556 2568 1610 2653; baseline -0.001 -22"><span class='ocrx_word' id='word_1_117' title='bbox 556 2569 616 2653; x_wconf 87' lang='lat'>[5.]</span> <span class='ocrx_word' id='word_1_118' title='bbox 645 2568 805 2632; x_wconf 88' lang='lat' dir='ltr'><strong>Postridie</strong></span> <span class='ocrx_word' id='word_1_119' title='bbox 817 2571 1009 2652; x_wconf 89' lang='lat' dir='ltr'><strong>sanguinem</strong></span> <span class='ocrx_word' id='word_1_120' title='bbox 1025 2570 1167 2634; x_wconf 91' lang='lat' dir='ltr'><strong>secunda</strong></span> <span class='ocrx_word' id='word_1_121' title='bbox 1177 2570 1245 2634; x_wconf 91' lang='lat' dir='ltr'><strong>vice</strong></span> <span class='ocrx_word' id='word_1_122' title='bbox 1260 2569 1389 2632; x_wconf 91' lang='lat' dir='ltr'><strong>mittere</strong></span> <span class='ocrx_word' id='word_1_123' title='bbox 1405 2568 1499 2646; x_wconf 91' lang='lat' dir='ltr'><strong>soleo,</strong></span> <span class='ocrx_word' id='word_1_124' title='bbox 1512 2573 1610 2650; x_wconf 90' lang='lat' dir='ltr'><strong>atque</strong></span> 
     </span>
     <span class='ocr_line' id='line_1_21' title="bbox 507 2669 1610 2756; baseline -0.002 -22"><span class='ocrx_word' id='word_1_125' title='bbox 507 2670 678 2756; x_wconf 90' lang='lat' dir='ltr'><strong>interjecto</strong></span> <span class='ocrx_word' id='word_1_126' title='bbox 698 2671 751 2736; x_wconf 89' lang='lat' dir='ltr'><strong>dic</strong></span> <span class='ocrx_word' id='word_1_127' title='bbox 771 2693 837 2736; x_wconf 94' lang='lat' dir='ltr'><strong>uno</strong></span> <span class='ocrx_word' id='word_1_128' title='bbox 854 2672 1020 2756; x_wconf 90' lang='lat' dir='ltr'><strong>potionem</strong></span> <span class='ocrx_word' id='word_1_129' title='bbox 1040 2673 1250 2737; x_wconf 89' lang='lat' dir='ltr'><strong>catharticam</strong></span> <span class='ocrx_word' id='word_1_130' title='bbox 1267 2671 1364 2735; x_wconf 93' lang='lat' dir='ltr'><strong>modo</strong></span> <span class='ocrx_word' id='word_1_131' title='bbox 1381 2669 1610 2754; x_wconf 86' lang='lat' dir='ltr'><strong>praescriptam</strong></span> 
     </span>
     <span class='ocr_line' id='line_1_22' title="bbox 508 2771 1610 2859; baseline -0.002 -21"><span class='ocrx_word' id='word_1_132' title='bbox 508 2776 628 2839; x_wconf 88' lang='lat' dir='ltr'><strong>iterum</strong></span> <span class='ocrx_word' id='word_1_133' title='bbox 655 2775 800 2854; x_wconf 84' lang='lat' dir='ltr'><strong>exhibeo,</strong></span> <span class='ocrx_word' id='word_1_134' title='bbox 827 2775 941 2840; x_wconf 92' lang='lat' dir='ltr'><strong>diebus</strong></span> <span class='ocrx_word' id='word_1_135' title='bbox 967 2776 1101 2840; x_wconf 86' lang='lat' dir='ltr'><strong>alternis</strong></span> <span class='ocrx_word' id='word_1_136' title='bbox 1122 2776 1246 2859; x_wconf 87' lang='lat' dir='ltr'><strong>jugiter</strong></span> <span class='ocrx_word' id='word_1_137' title='bbox 1269 2773 1478 2857; x_wconf 88' lang='lat' dir='ltr'><strong>repetendam</strong></span> <span class='ocrx_word' id='word_1_138' title='bbox 1507 2771 1610 2836; x_wconf 91' lang='lat' dir='ltr'><strong>donec</strong></span> 
     </span>
     <span class='ocr_line' id='line_1_23' title="bbox 508 2875 1609 2963; baseline -0.003 -22"><span class='ocrx_word' id='word_1_139' title='bbox 508 2878 642 2943; x_wconf 89' lang='lat' dir='ltr'><strong>omnino</strong></span> <span class='ocrx_word' id='word_1_140' title='bbox 672 2879 869 2944; x_wconf 88' lang='lat' dir='ltr'><strong>convaluerit</strong></span> <span class='ocrx_word' id='word_1_141' title='bbox 903 2901 1009 2963; x_wconf 88' lang='lat' dir='ltr'><strong>aeger.</strong></span> <span class='ocrx_word' id='word_1_142' title='bbox 1064 2877 1189 2942; x_wconf 92' lang='lat' dir='ltr'><strong>Diebus</strong></span> <span class='ocrx_word' id='word_1_143' title='bbox 1218 2899 1238 2941; x_wconf 91' lang='lat' dir='ltr'><strong>a</strong></span> <span class='ocrx_word' id='word_1_144' title='bbox 1271 2876 1463 2960; x_wconf 90' lang='lat' dir='ltr'><strong>purgatione</strong></span> <span class='ocrx_word' id='word_1_145' title='bbox 1491 2875 1609 2953; x_wconf 89' lang='lat' dir='ltr'><strong>vacuis,</strong></span> 
     </span>
     <span class='ocr_line' id='line_1_24' title="bbox 508 2979 1611 3066; baseline -0.002 -23"><span class='ocrx_word' id='word_1_146' title='bbox 508 2979 639 3044; x_wconf 90' lang='lat' dir='ltr'><strong>decocto</strong></span> <span class='ocrx_word' id='word_1_147' title='bbox 661 2981 824 3064; x_wconf 89' lang='lat' dir='ltr'><strong>pectorali,</strong></span> <span class='ocrx_word' id='word_1_148' title='bbox 840 2982 911 3046; x_wconf 91' lang='lat' dir='ltr'><strong>oleo</strong></span> <span class='ocrx_word' id='word_1_149' title='bbox 934 2981 1178 3066; x_wconf 87' lang='lat' dir='ltr'><strong>amygdalarum</strong></span> <span class='ocrx_word' id='word_1_150' title='bbox 1208 2980 1361 3058; x_wconf 84' lang='lat' dir='ltr'><strong>dulcium,</strong></span> <span class='ocrx_word' id='word_1_151' title='bbox 1384 3001 1422 3043; x_wconf 89' lang='lat' dir='ltr'><strong>ac</strong></span> <span class='ocrx_word' id='word_1_152' title='bbox 1443 2979 1478 3043; x_wconf 95' lang='lat' dir='ltr'><strong>id</strong></span> <span class='ocrx_word' id='word_1_153' title='bbox 1507 3000 1611 3061; x_wconf 90' lang='lat' dir='ltr'><strong>genus</strong></span> 
     </span>
     <span class='ocr_line' id='line_1_25' title="bbox 509 3083 930 3161; baseline 0.005 -15"><span class='ocrx_word' id='word_1_154' title='bbox 509 3083 590 3161; x_wconf 88' lang='lat' dir='ltr'><strong>aliis,</strong></span> <span class='ocrx_word' id='word_1_155' title='bbox 605 3091 644 3147; x_wconf 92' lang='lat' dir='ltr'><strong>ut</strong></span> <span class='ocrx_word' id='word_1_156' title='bbox 659 3090 773 3147; x_wconf 86' lang='lat' dir='ltr'><strong>utatur</strong></span> <span class='ocrx_word' id='word_1_157' title='bbox 788 3085 930 3150; x_wconf 89' lang='lat' dir='ltr'><strong>consulo.</strong></span> 
     </span>
    </p>

    <p class='ocr_par' dir='ltr' id='par_1_13' title="bbox 508 3183 1612 3576">
     <span class='ocr_line' id='line_1_26' title="bbox 552 3183 1612 3271; baseline -0.001 -23"><span class='ocrx_word' id='word_1_158' title='bbox 552 3187 584 3248; x_wconf 90' lang='lat' dir='ltr'><strong>A</strong></span> <span class='ocrx_word' id='word_1_159' title='bbox 606 3185 757 3249; x_wconf 89' lang='lat' dir='ltr'><strong>carnibus</strong></span> <span class='ocrx_word' id='word_1_160' title='bbox 783 3193 816 3250; x_wconf 91' lang='lat' dir='ltr'><strong>et</strong></span> <span class='ocrx_word' id='word_1_161' title='bbox 838 3209 949 3250; x_wconf 90' lang='lat' dir='ltr'><strong>earum</strong></span> <span class='ocrx_word' id='word_1_162' title='bbox 972 3187 1111 3271; x_wconf 87' lang='lat' dir='ltr'><strong>jusculo,</strong></span> <span class='ocrx_word' id='word_1_163' title='bbox 1134 3187 1272 3250; x_wconf 85' lang='lat' dir='ltr'><strong>maxime</strong></span> <span class='ocrx_word' id='word_1_164' title='bbox 1296 3207 1370 3250; x_wconf 90' lang='lat' dir='ltr'><strong>vero</strong></span> <span class='ocrx_word' id='word_1_165' title='bbox 1392 3207 1412 3248; x_wconf 91' lang='lat' dir='ltr'><strong>a</strong></span> <span class='ocrx_word' id='word_1_166' title='bbox 1432 3183 1612 3268; x_wconf 89' lang='lat' dir='ltr'><strong>liquoribus</strong></span> 
     </span>
     <span class='ocr_line' id='line_1_27' title="bbox 509 3285 1611 3372; baseline 0.003 -24"><span class='ocrx_word' id='word_1_167' title='bbox 509 3285 688 3368; x_wconf 89' lang='lat' dir='ltr'><strong>spirituosis</strong></span> <span class='ocrx_word' id='word_1_168' title='bbox 711 3287 967 3372; x_wconf 89' lang='lat' dir='ltr'><strong>quibuscunque,</strong></span> <span class='ocrx_word' id='word_1_169' title='bbox 989 3311 1123 3372; x_wconf 90' lang='lat' dir='ltr'><strong>aegrum</strong></span> <span class='ocrx_word' id='word_1_170' title='bbox 1145 3289 1276 3353; x_wconf 91' lang='lat' dir='ltr'><strong>interim</strong></span> <span class='ocrx_word' id='word_1_171' title='bbox 1297 3289 1447 3367; x_wconf 88' lang='lat' dir='ltr'><strong>inhibeo;</strong></span> <span class='ocrx_word' id='word_1_172' title='bbox 1474 3309 1611 3371; x_wconf 91' lang='lat' dir='ltr'><strong>quorum</strong></span> 
     </span>
     <span class='ocr_line' id='line_1_28' title="bbox 508 3389 1611 3474; baseline 0.002 -24"><span class='ocrx_word' id='word_1_173' title='bbox 508 3389 579 3450; x_wconf 92' lang='lat' dir='ltr'><strong>loco</strong></span> <span class='ocrx_word' id='word_1_174' title='bbox 593 3389 756 3470; x_wconf 86' lang='lat' dir='ltr'><strong>ptisanam</strong></span> <span class='ocrx_word' id='word_1_175' title='bbox 768 3410 807 3452; x_wconf 85' lang='lat' dir='ltr'><strong>ex</strong></span> <span class='ocrx_word' id='word_1_176' title='bbox 823 3389 942 3454; x_wconf 91' lang='lat' dir='ltr'><strong>hordeo</strong></span> <span class='ocrx_word' id='word_1_177' title='bbox 954 3399 987 3454; x_wconf 92' lang='lat' dir='ltr'><strong>et</strong></span> <span class='ocrx_word' id='word_1_178' title='bbox 1002 3392 1158 3474; x_wconf 90' lang='lat' dir='ltr'><strong>liquiritia</strong></span> <span class='ocrx_word' id='word_1_179' title='bbox 1171 3391 1366 3473; x_wconf 81' lang='lat' dir='ltr'><strong>(cerevisiam</strong></span> <span class='ocrx_word' id='word_1_180' title='bbox 1376 3391 1457 3455; x_wconf 91' lang='lat' dir='ltr'><strong>item</strong></span> <span class='ocrx_word' id='word_1_181' title='bbox 1467 3398 1611 3468; x_wconf 89' lang='lat' dir='ltr'><strong>tenuem,</strong></span> 
     </span>
     <span class='ocr_line' id='line_1_29' title="bbox 510 3489 1328 3576; baseline 0.007 -24"><span class='ocrx_word' id='word_1_182' title='bbox 510 3489 537 3552; x_wconf 82' lang='lat' dir='ltr'><strong>si</strong></span> <span class='ocrx_word' id='word_1_183' title='bbox 552 3511 624 3552; x_wconf 90' lang='lat' dir='ltr'><strong>eam</strong></span> <span class='ocrx_word' id='word_1_184' title='bbox 639 3491 815 3574; x_wconf 73' lang='lat' dir='ltr'><strong>efflagitet)</strong></span> <span class='ocrx_word' id='word_1_185' title='bbox 834 3514 891 3575; x_wconf 93' lang='lat' dir='ltr'><strong>pro</strong></span> <span class='ocrx_word' id='word_1_186' title='bbox 907 3501 987 3576; x_wconf 89' lang='lat' dir='ltr'><strong>potu</strong></span> <span class='ocrx_word' id='word_1_187' title='bbox 1001 3495 1164 3558; x_wconf 90' lang='lat' dir='ltr'><strong>ordinario</strong></span> <span class='ocrx_word' id='word_1_188' title='bbox 1179 3493 1328 3558; x_wconf 89' lang='lat' dir='ltr'><strong>concedo.</strong></span> 
     </span>
    </p>

    <p class='ocr_par' dir='ltr' id='par_1_14' title="bbox 509 3591 1613 3782">
     <span class='ocr_line' id='line_1_30' title="bbox 558 3591 1612 3679; baseline 0.006 -26"><span class='ocrx_word' id='word_1_189' title='bbox 558 3591 619 3675; x_wconf 85' lang='grc'><strong>[6.]</strong></span> <span class='ocrx_word' id='word_1_190' title='bbox 647 3593 757 3675; x_wconf 86' lang='lat' dir='ltr'><strong>Atque</strong></span> <span class='ocrx_word' id='word_1_191' title='bbox 771 3594 835 3657; x_wconf 89' lang='lat' dir='ltr'><strong>ista</strong></span> <span class='ocrx_word' id='word_1_192' title='bbox 850 3595 981 3677; x_wconf 89' lang='lat' dir='ltr'><strong>quidem</strong></span> <span class='ocrx_word' id='word_1_193' title='bbox 999 3597 1152 3660; x_wconf 90' lang='lat' dir='ltr'><strong>methodo</strong></span> <span class='ocrx_word' id='word_1_194' title='bbox 1167 3596 1327 3661; x_wconf 91' lang='lat' dir='ltr'><strong>vincenda</strong></span> <span class='ocrx_word' id='word_1_195' title='bbox 1341 3604 1414 3660; x_wconf 76' lang='lat' dir='ltr'><strong>est⁹</strong></span> <span class='ocrx_word' id='word_1_196' title='bbox 1434 3596 1612 3679; x_wconf 90' lang='lat' dir='ltr'><strong>Peripneu-</strong></span> 
     </span>
     <span class='ocr_line' id='line_1_31' title="bbox 509 3693 1613 3782; baseline 0.005 -27"><span class='ocrx_word' id='word_1_197' title='bbox 509 3694 620 3756; x_wconf 88' lang='lat' dir='ltr'><strong>monia</strong></span> <span class='ocrx_word' id='word_1_198' title='bbox 644 3693 724 3758; x_wconf 91' lang='lat' dir='ltr'><strong>haec</strong></span> <span class='ocrx_word' id='word_1_199' title='bbox 746 3696 868 3775; x_wconf 89' lang='lat' dir='ltr'><strong>Notha,</strong></span> <span class='ocrx_word' id='word_1_200' title='bbox 890 3704 962 3761; x_wconf 88' lang='lat' dir='ltr'><strong>orta</strong></span> <span class='ocrx_word' id='word_1_201' title='bbox 983 3697 1023 3762; x_wconf 90' lang='lat' dir='ltr'><strong>ab</strong></span> <span class='ocrx_word' id='word_1_202' title='bbox 1046 3699 1225 3762; x_wconf 81' lang='lat' dir='ltr'><strong>exundanti</strong></span> <span class='ocrx_word' id='word_1_203' title='bbox 1246 3699 1380 3764; x_wconf 91' lang='lat' dir='ltr'><strong>colluvie</strong></span> <span class='ocrx_word' id='word_1_204' title='bbox 1402 3699 1556 3782; x_wconf 90' lang='lat' dir='ltr'><strong>pituitosa</strong></span> <span class='ocrx_word' id='word_1_205' title='bbox 1576 3698 1613 3760; x_wconf 89' lang='lat' dir='ltr'><strong>in</strong></span> 
     </span>
    </p>

    <p class='ocr_par' dir='ltr' id='par_1_15' title="bbox 357 3796 1612 3983">
     <span class='ocr_line' id='line_1_32' title="bbox 357 3796 1611 3885; baseline -0.002 -21"><span class='ocrx_word' id='word_1_206' title='bbox 357 3816 496 3866; x_wconf 76' lang='lat' dir='ltr'><strong>VenPeri-</strong></span> <span class='ocrx_word' id='word_1_207' title='bbox 511 3796 668 3878; x_wconf 79' lang='lat' dir='ltr'><strong>sanguine</strong></span> <span class='ocrx_word' id='word_1_208' title='bbox 689 3805 823 3880; x_wconf 83' lang='lat' dir='ltr'><strong>aggesta</strong></span> <span class='ocrx_word' id='word_1_209' title='bbox 842 3798 883 3862; x_wconf 94' lang='lat' dir='ltr'><strong>ob</strong></span> <span class='ocrx_word' id='word_1_210' title='bbox 904 3799 1028 3883; x_wconf 88' lang='lat' dir='ltr'><strong>hyemis</strong></span> <span class='ocrx_word' id='word_1_211' title='bbox 1050 3801 1241 3884; x_wconf 90' lang='lat' dir='ltr'><strong>analogiam,</strong></span> <span class='ocrx_word' id='word_1_212' title='bbox 1260 3811 1294 3866; x_wconf 91' lang='lat' dir='ltr'><strong>et</strong></span> <span class='ocrx_word' id='word_1_213' title='bbox 1313 3802 1349 3864; x_wconf 91' lang='lat' dir='ltr'><strong>in</strong></span> <span class='ocrx_word' id='word_1_214' title='bbox 1368 3801 1536 3885; x_wconf 90' lang='lat' dir='ltr'><strong>pulmones</strong></span> <span class='ocrx_word' id='word_1_215' title='bbox 1558 3820 1611 3862; x_wconf 82' lang='lat' dir='ltr'><strong>er·</strong></span> 
     </span>
     <span class='ocr_line' id='line_1_33' title="bbox 357 3897 1612 3983; baseline 0.006 -26"><span class='ocrx_word' id='word_1_216' title='bbox 357 3897 475 3957; x_wconf 73' lang='lat' dir='ltr'><strong>Pl⁰¹¹¹¹¹⁰&#39;</strong></span> <span class='ocrx_word' id='word_1_217' title='bbox 512 3899 618 3982; x_wconf 78' lang='lat' dir='ltr'><strong>plosa3</strong></span> <span class='ocrx_word' id='word_1_218' title='bbox 642 3899 679 3964; x_wconf 88' lang='lat' dir='ltr'><strong>in</strong></span> <span class='ocrx_word' id='word_1_219' title='bbox 693 3922 757 3983; x_wconf 92' lang='lat' dir='ltr'><strong>qua</strong></span> <span class='ocrx_word' id='word_1_220' title='bbox 771 3923 839 3965; x_wconf 89' lang='lat' dir='ltr'><strong>non</strong></span> <span class='ocrx_word' id='word_1_221' title='bbox 853 3909 985 3966; x_wconf 90' lang='lat' dir='ltr'><strong>tantum</strong></span> <span class='ocrx_word' id='word_1_222' title='bbox 1000 3903 1119 3967; x_wconf 90' lang='lat' dir='ltr'><strong>iterata</strong></span> <span class='ocrx_word' id='word_1_223' title='bbox 1132 3905 1356 3983; x_wconf 88' lang='lat' dir='ltr'><strong>venae-sectio,</strong></span> <span class='ocrx_word' id='word_1_224' title='bbox 1369 3903 1425 3968; x_wconf 91' lang='lat' dir='ltr'><strong>sed</strong></span> <span class='ocrx_word' id='word_1_225' title='bbox 1439 3912 1472 3967; x_wconf 91' lang='lat' dir='ltr'><strong>et</strong></span> <span class='ocrx_word' id='word_1_226' title='bbox 1486 3900 1612 3964; x_wconf 89' lang='lat' dir='ltr'><strong>cathar-</strong></span> 
     </span>
    </p>
   </div>
   <div class='ocr_carea' id='block_1_5' title="bbox 357 3945 497 4008">
    <p class='ocr_par' dir='ltr' id='par_1_16' title="bbox 357 3945 497 4008">
     <span class='ocr_line' id='line_1_34' title="bbox 357 3945 497 4008; baseline -0.007 -15"><span class='ocrx_word' id='word_1_227' title='bbox 357 3962 398 3993; x_wconf 84' lang='lat' dir='ltr'><strong>rus</strong></span> <span class='ocrx_word' id='word_1_228' title='bbox 407 3963 422 3993; x_wconf 88' lang='lat' dir='ltr'><strong>a</strong></span> <span class='ocrx_word' id='word_1_229' title='bbox 430 3945 497 4008; x_wconf 85' lang='lat' dir='ltr'><strong>pleu-</strong></span> 
     </span>
    </p>
   </div>
   <div class='ocr_carea' id='block_1_6' title="bbox 357 4001 1614 4201">
    <p class='ocr_par' dir='ltr' id='par_1_17' title="bbox 357 4001 1614 4201">
     <span class='ocr_line' id='line_1_35' title="bbox 357 4001 1613 4091; baseline -0.002 -23"><span class='ocrx_word' id='word_1_230' title='bbox 357 4010 500 4084; x_wconf 65' lang='lat' dir='ltr'><strong>ritideinso</strong></span> <span class='ocrx_word' id='word_1_231' title='bbox 513 4001 555 4064; x_wconf 87' lang='lat' dir='ltr'><strong>sis</strong></span> <span class='ocrx_word' id='word_1_232' title='bbox 576 4001 684 4081; x_wconf 92' lang='lat' dir='ltr'><strong>etiam,</strong></span> <span class='ocrx_word' id='word_1_233' title='bbox 705 4002 918 4086; x_wconf 89' lang='lat' dir='ltr'><strong>indicabatur,</strong></span> <span class='ocrx_word' id='word_1_234' title='bbox 939 4027 1031 4069; x_wconf 87' lang='lat' dir='ltr'><strong>secus</strong></span> <span class='ocrx_word' id='word_1_235' title='bbox 1057 4013 1154 4090; x_wconf 90' lang='lat' dir='ltr'><strong>atque</strong></span> <span class='ocrx_word' id='word_1_236' title='bbox 1175 4007 1211 4070; x_wconf 90' lang='lat' dir='ltr'><strong>iu</strong></span> <span class='ocrx_word' id='word_1_237' title='bbox 1233 4029 1308 4071; x_wconf 88' lang='lat' dir='ltr'><strong>vera</strong></span> <span class='ocrx_word' id='word_1_238' title='bbox 1333 4001 1613 4091; x_wconf 88' lang='lat' dir='ltr'><strong>Peripneumouia,</strong></span> 
     </span>
     <span class='ocr_line' id='line_1_36' title="bbox 357 4075 1614 4201; baseline -0.002 -29"><span class='ocrx_word' id='word_1_239' title='bbox 357 4075 501 4201; x_wconf 49' lang='lat' dir='ltr'><strong>{mgis</strong></span> <span class='ocrx_word' id='word_1_240' title='bbox 514 4127 610 4189; x_wconf 91' lang='lat' dir='ltr'><strong>quam</strong></span> <span class='ocrx_word' id='word_1_241' title='bbox 625 4127 685 4189; x_wconf 89' lang='lat' dir='ltr'><strong>ego</strong></span> <span class='ocrx_word' id='word_1_242' title='bbox 700 4107 844 4190; x_wconf 86' lang='lat' dir='ltr'><strong>ejusdem</strong></span> <span class='ocrx_word' id='word_1_243' title='bbox 860 4109 955 4192; x_wconf 85' lang='lat' dir='ltr'><strong>plane</strong></span> <span class='ocrx_word' id='word_1_244' title='bbox 970 4109 1088 4172; x_wconf 90' lang='lat' dir='ltr'><strong>indolis</strong></span> <span class='ocrx_word' id='word_1_245' title='bbox 1106 4130 1181 4173; x_wconf 93' lang='lat' dir='ltr'><strong>cum</strong></span> <span class='ocrx_word' id='word_1_246' title='bbox 1195 4111 1368 4194; x_wconf 90' lang='lat' dir='ltr'><strong>pleuritide</strong></span> <span class='ocrx_word' id='word_1_247' title='bbox 1382 4131 1451 4174; x_wconf 88' lang='lat' dir='ltr'><strong>esse</strong></span> <span class='ocrx_word' id='word_1_248' title='bbox 1466 4107 1614 4184; x_wconf 88' lang='lat' dir='ltr'><strong>arbitror,</strong></span> 
     </span>
    </p>
   </div>
   <div class='ocr_carea' id='block_1_7' title="bbox 358 4203 1615 4315">
    <p class='ocr_par' dir='ltr' id='par_1_18' title="bbox 358 4203 1615 4315">
     <span class='ocr_line' id='line_1_37' title="bbox 358 4203 1615 4315; baseline -0.005 -37"><span class='ocrx_word' id='word_1_249' title='bbox 358 4203 488 4315; x_wconf 49' lang='lat' dir='ltr'><strong>mg?</strong></span> <span class='ocrx_word' id='word_1_250' title='bbox 514 4216 610 4292; x_wconf 90' lang='lat' dir='ltr'><strong>atque</strong></span> <span class='ocrx_word' id='word_1_251' title='bbox 636 4209 676 4273; x_wconf 92' lang='lat' dir='ltr'><strong>ab</strong></span> <span class='ocrx_word' id='word_1_252' title='bbox 703 4209 759 4274; x_wconf 86' lang='lat' dir='ltr'><strong>illa</strong></span> <span class='ocrx_word' id='word_1_253' title='bbox 784 4211 820 4272; x_wconf 92' lang='lat' dir='ltr'><strong>in</strong></span> <span class='ocrx_word' id='word_1_254' title='bbox 845 4231 883 4275; x_wconf 92' lang='lat' dir='ltr'><strong>eo</strong></span> <span class='ocrx_word' id='word_1_255' title='bbox 908 4219 1040 4276; x_wconf 91' lang='lat' dir='ltr'><strong>tantum</strong></span> <span class='ocrx_word' id='word_1_256' title='bbox 1067 4212 1206 4291; x_wconf 86' lang='lat' dir='ltr'><strong>differre,</strong></span> <span class='ocrx_word' id='word_1_257' title='bbox 1230 4213 1316 4296; x_wconf 92' lang='lat' dir='ltr'><strong>quod</strong></span> <span class='ocrx_word' id='word_1_258' title='bbox 1341 4209 1615 4296; x_wconf 88' lang='lat' dir='ltr'><strong>Peripneumonia</strong></span> 
     </span>
    </p>
   </div>
   <div class='ocr_carea' id='block_1_8' title="bbox 359 4312 1616 4399">
    <p class='ocr_par' dir='ltr' id='par_1_19' title="bbox 359 4312 1616 4399">
     <span class='ocr_line' id='line_1_38' title="bbox 359 4312 1616 4399; baseline -0.002 -21"><span class='ocrx_word' id='word_1_259' title='bbox 359 4331 472 4379; x_wconf 74' lang='lat' dir='ltr'><strong>liussffi-</strong></span> <span class='ocrx_word' id='word_1_260' title='bbox 513 4312 681 4393; x_wconf 90' lang='lat' dir='ltr'><strong>pulmones</strong></span> <span class='ocrx_word' id='word_1_261' title='bbox 703 4313 915 4377; x_wconf 88' lang='lat' dir='ltr'><strong>universalius</strong></span> <span class='ocrx_word' id='word_1_262' title='bbox 938 4315 1073 4379; x_wconf 89' lang='lat' dir='ltr'><strong>afficiat:</strong></span> <span class='ocrx_word' id='word_1_263' title='bbox 1101 4316 1181 4398; x_wconf 87' lang='lat' dir='ltr'><strong>quin</strong></span> <span class='ocrx_word' id='word_1_264' title='bbox 1203 4323 1236 4379; x_wconf 93' lang='lat' dir='ltr'><strong>et</strong></span> <span class='ocrx_word' id='word_1_265' title='bbox 1258 4315 1388 4399; x_wconf 88' lang='lat' dir='ltr'><strong>utrique</strong></span> <span class='ocrx_word' id='word_1_266' title='bbox 1410 4314 1524 4379; x_wconf 91' lang='lat' dir='ltr'><strong>morbo</strong></span> <span class='ocrx_word' id='word_1_267' title='bbox 1545 4312 1616 4396; x_wconf 88' lang='lat' dir='ltr'><strong>pari</strong></span> 
     </span>
    </p>
   </div>
   <div class='ocr_carea' id='block_1_9' title="bbox 359 4403 1616 4521">
    <p class='ocr_par' dir='ltr' id='par_1_20' title="bbox 359 4403 1616 4521">
     <span class='ocr_line' id='line_1_39' title="bbox 359 4403 1616 4521; baseline -0.002 -40"><span class='ocrx_word' id='word_1_268' title='bbox 359 4403 444 4521; x_wconf 48' lang='lat' dir='ltr'><strong>ffiha</strong></span> <span class='ocrx_word' id='word_1_269' title='bbox 514 4415 646 4478; x_wconf 92' lang='lat' dir='ltr'><strong>omnino</strong></span> <span class='ocrx_word' id='word_1_270' title='bbox 686 4415 838 4480; x_wconf 89' lang='lat' dir='ltr'><strong>methodo</strong></span> <span class='ocrx_word' id='word_1_271' title='bbox 877 4417 1054 4497; x_wconf 92' lang='lat' dir='ltr'><strong>medemur,</strong></span> <span class='ocrx_word' id='word_1_272' title='bbox 1089 4419 1345 4482; x_wconf 88' lang='lat' dir='ltr'><strong>venae-sectione</strong></span> <span class='ocrx_word' id='word_1_273' title='bbox 1384 4417 1505 4482; x_wconf 76' lang='lat' dir='ltr'><strong>scincet</strong></span> <span class='ocrx_word' id='word_1_274' title='bbox 1539 4437 1616 4501; x_wconf 92' lang='lat' dir='ltr'><strong>prae</strong></span> 
     </span>
    </p>
   </div>
   <div class='ocr_carea' id='block_1_10' title="bbox 359 4517 1617 4713">
    <p class='ocr_par' dir='ltr' id='par_1_21' title="bbox 359 4517 1617 4713">
     <span class='ocr_line' id='line_1_40' title="bbox 359 4517 1255 4614; baseline -0.002 -29"><span class='ocrx_word' id='word_1_275' title='bbox 359 4539 418 4614; x_wconf 66' lang='lat' dir='ltr'><strong>laec</strong></span> <span class='ocrx_word' id='word_1_276' title='bbox 433 4537 476 4583; x_wconf 71' lang='lat' dir='ltr'><strong>re.</strong></span> <span class='ocrx_word' id='word_1_277' title='bbox 514 4517 656 4594; x_wconf 85' lang='lat' dir='ltr'><strong>caeteris,</strong></span> <span class='ocrx_word' id='word_1_278' title='bbox 674 4526 706 4580; x_wconf 91' lang='lat' dir='ltr'><strong>et</strong></span> <span class='ocrx_word' id='word_1_279' title='bbox 722 4519 965 4584; x_wconf 89' lang='lat' dir='ltr'><strong>medicamentis</strong></span> <span class='ocrx_word' id='word_1_280' title='bbox 980 4521 1255 4604; x_wconf 87' lang='lat' dir='ltr'><strong>refrigerantibus.</strong></span> 
     </span>
     <span class='ocr_line' id='line_1_41' title="bbox 359 4617 1617 4713; baseline -0.002 -26"><span class='ocrx_word' id='word_1_281' title='bbox 359 4617 479 4713; x_wconf 37' lang='lat' dir='ltr'><strong>ffiffgb</strong></span> <span class='ocrx_word' id='word_1_282' title='bbox 564 4617 625 4700; x_wconf 88' lang='grc'>[7.]</span> <span class='ocrx_word' id='word_1_283' title='bbox 652 4619 764 4684; x_wconf 93' lang='lat' dir='ltr'><strong>Notha</strong></span> <span class='ocrx_word' id='word_1_284' title='bbox 786 4622 864 4686; x_wconf 89' lang='lat' dir='ltr'><strong>haec</strong></span> <span class='ocrx_word' id='word_1_285' title='bbox 887 4621 1168 4705; x_wconf 90' lang='lat' dir='ltr'><strong>Peripneumouia,</strong></span> <span class='ocrx_word' id='word_1_286' title='bbox 1187 4624 1263 4688; x_wconf 92' lang='lat' dir='ltr'><strong>licet</strong></span> <span class='ocrx_word' id='word_1_287' title='bbox 1283 4623 1324 4687; x_wconf 88' lang='lat' dir='ltr'><strong>ad</strong></span> <span class='ocrx_word' id='word_1_288' title='bbox 1346 4623 1474 4689; x_wconf 83' lang='lat' dir='ltr'><strong>asthma</strong></span> <span class='ocrx_word' id='word_1_289' title='bbox 1495 4623 1617 4687; x_wconf 87' lang='lat' dir='ltr'><strong>siccum</strong></span> 
     </span>
    </p>
   </div>
   <div class='ocr_carea' id='block_1_11' title="bbox 359 4717 1616 4917">
    <p class='ocr_par' dir='ltr' id='par_1_22' title="bbox 359 4717 1616 4917">
     <span class='ocr_line' id='line_1_42' title="bbox 359 4717 1616 4809; baseline 0.009 -30"><span class='ocrx_word' id='word_1_290' title='bbox 359 4731 479 4779; x_wconf 66' lang='lat' dir='ltr'><strong>estuante</strong></span> <span class='ocrx_word' id='word_1_291' title='bbox 515 4717 752 4801; x_wconf 88' lang='lat' dir='ltr'><strong>aliquantulum</strong></span> <span class='ocrx_word' id='word_1_292' title='bbox 787 4723 928 4802; x_wconf 86' lang='lat' dir='ltr'><strong>accedat,</strong></span> <span class='ocrx_word' id='word_1_293' title='bbox 959 4732 1032 4788; x_wconf 93' lang='lat' dir='ltr'><strong>tum</strong></span> <span class='ocrx_word' id='word_1_294' title='bbox 1066 4725 1171 4808; x_wconf 89' lang='lat' dir='ltr'><strong>quoad</strong></span> <span class='ocrx_word' id='word_1_295' title='bbox 1205 4726 1347 4809; x_wconf 87' lang='lat' dir='ltr'><strong>spirandi</strong></span> <span class='ocrx_word' id='word_1_296' title='bbox 1382 4727 1616 4803; x_wconf 85' lang='lat' dir='ltr'><strong>difficultatem,</strong></span> 
     </span>
     <span class='ocr_line' id='line_1_43' title="bbox 579 4847 1549 4917; baseline 0.012 -26"><span class='ocrx_word' id='word_1_297' title='bbox 579 4852 590 4874; x_wconf 84' lang='lat'>⁰</span> <span class='ocrx_word' id='word_1_298' title='bbox 609 4847 646 4896; x_wconf 80' lang='lat' dir='ltr'><strong>Cl.</strong></span> <span class='ocrx_word' id='word_1_299' title='bbox 658 4847 726 4893; x_wconf 80' lang='lat' dir='ltr'><strong>form.</strong></span> <span class='ocrx_word' id='word_1_300' title='bbox 742 4850 793 4896; x_wconf 81' lang='lat' dir='ltr'><strong>los.</strong></span> <span class='ocrx_word' id='word_1_301' title='bbox 1299 4861 1310 4892; x_wconf 68' lang='lat' dir='ltr'><em>P</em></span> <span class='ocrx_word' id='word_1_302' title='bbox 1326 4854 1375 4917; x_wconf 77' lang='lat' dir='ltr'><strong>est]</strong></span> <span class='ocrx_word' id='word_1_303' title='bbox 1387 4863 1438 4902; x_wconf 76' lang='lat' dir='ltr'><strong>crat</strong></span> <span class='ocrx_word' id='word_1_304' title='bbox 1450 4856 1486 4904; x_wconf 84' lang='lat' dir='ltr'><strong>cd.</strong></span> <span class='ocrx_word' id='word_1_305' title='bbox 1499 4855 1549 4904; x_wconf 74' lang='lat'><strong>⁹76.</strong></span> 
     </span>
    </p>
   </div>
   <div class='ocr_carea' id='block_1_12' title="bbox 0 0 1934 5759">
    <p class='ocr_par' dir='ltr' id='par_1_23' title="bbox 0 0 1934 5759">
     <span class='ocr_line' id='line_1_44' title="bbox 0 0 1934 5759; baseline 0 0"><span class='ocrx_word' id='word_1_306' title='bbox 0 0 1934 5759; x_wconf 95' lang='lat' dir='ltr'><strong> </strong></span> 
     </span>
    </p>
   </div>
  </div>
 </body>
</html>
