3825 5759
551 634 797 701 SCHEDULA
818 636 1085 704 MONITORIA
1106 640 1136 705 1.
1328 646 1388 708 511

292 798 376 863 sorte
390 798 537 863 Naturae
553 796 682 861 dotibus
696 796 860 881 praeditus
875 799 1002 883 excipit,
1015 802 1072 884 qni
1085 802 1281 867 sententiam
1294 803 1391 869 istam
1404 823 1543 873 Donovao

294 922 376 985 quae
389 902 437 965 ita
450 900 583 985 pulchre
598 899 740 963 stabilita
756 899 922 965 videbatur
936 904 1095 983 convellit,
1105 910 1138 969 et
1148 905 1282 970 firmiori
1297 928 1391 990 argu-
1404 888 1539 1002 ,fflsffu

293 1012 477 1069 mentorum
491 1002 524 1065 vi
537 1002 619 1065 nihil
632 1002 713 1066 illud
728 1022 796 1066 esse
811 1002 898 1067 aliud
912 1026 1011 1086 quam
1024 1005 1147 1071 cerebri
1161 1015 1391 1089 commentum,
1405 1024 1546 1034 -“

293 1106 383 1190 cujus
410 1106 501 1169 nulla
525 1126 655 1189 prorsus
680 1103 716 1167 in
736 1104 866 1169 Natura
890 1106 1024 1190 vestigia
1047 1110 1263 1193 reperiuntur,
1284 1113 1392 1196 palam

293 1209 444 1274 ostendit.
490 1209 591 1293 cujus
601 1208 671 1291 jam
681 1207 751 1273 loco
765 1208 793 1271 is
807 1230 924 1273 novam
935 1210 1098 1292 quandam
1112 1212 1280 1280 substituit
1290 1216 1392 1301 hypo-

292 1311 409 1390 thesin,
425 1311 539 1395 majori
556 1310 660 1374 adhuc
676 1309 963 1375 verisimilitudinis
983 1313 1086 1395 specie
1102 1313 1257 1395 innixam,
1273 1325 1307 1381 et
1323 1340 1392 1382 ma

293 1414 342 1497 gis
362 1414 482 1477 affabre
504 1412 749 1489 concinnatam
781 1412 867 1495 quod
886 1420 998 1477 tamen
1018 1416 1177 1497 posterius
1198 1419 1392 1501 figmentum

293 1516 362 1598 pari
382 1537 457 1579 cum
477 1514 632 1599 superiori
650 1514 706 1577 illo
725 1514 792 1579 fato
812 1514 978 1597 limgetur,
997 1516 1121 1598 quoties
1142 1519 1258 1583 tertius
1277 1521 1392 1608 aliquis

291 1638 325 1681 ae
354 1618 520 1701 objecerit·
540 1616 596 1701 qui
624 1616 801 1680 secundum
826 1616 926 1680 istum
954 1623 1087 1682 tantum
1114 1619 1246 1702 ingenio
1272 1624 1392 1703 vmcat,

293 1727 452 1803 quantum
466 1720 520 1783 ille
535 1719 596 1783 sibi
612 1718 858 1802 praecedentem
876 1718 1046 1783 devicerat.
1089 1722 1199 1805 Atque
1216 1724 1278 1788 hoc
1294 1726 1391 1790 itera·

292 1822 382 1887 bitur
396 1822 492 1887 toties
507 1822 641 1906 quoties,
653 1820 754 1885 donec
769 1821 902 1885 tandem
917 1821 959 1885 ad
972 1822 1065 1887 illum
1079 1834 1270 1907 perventum
1283 1828 1391 1909 fuerit,

294 1944 390 2007 quem
404 1924 520 1988 ultima
530 1924 666 1987 humani
679 1924 803 2005 ingenii
813 1924 961 2007 potentia
975 1930 1253 1994 consummaverit.
1284 1931 1392 2000 Quam

292 2045 367 2089 vero
387 2024 513 2089 difficile
530 2026 573 2089 sit
587 2026 675 2089 hunc
692 2024 858 2091 hominem
875 2026 1069 2111 investigare
1086 2036 1120 2094 et
1134 2052 1154 2094 a
1171 2034 1305 2097 caeteris
1322 2035 1391 2117 dig-

293 2118 564 2207 noscere,'statim
586 2128 713 2208 sentiet,
734 2130 879 2215 quisquis
898 2152 967 2195 non
985 2154 1088 2216 usque
1109 2134 1189 2200 adeo
1208 2136 1335 2221 desipit,
1353 2147 1393 2204 ut

293 2232 378 2297 hanc
393 2233 453 2298 sibi
466 2234 596 2297 laudem
611 2232 730 2297 delirus
748 2240 886 2317 arroget.
921 2234 1086 2317 Quinimo,
1102 2259 1177 2303 cum
1187 2240 1263 2324 jure
1277 2244 1393 2310 merito

293 2334 447 2419 suspicari
472 2336 575 2414 liceat,
599 2356 667 2399 esse
692 2342 825 2399 nonnos
855 2336 890 2400 in
916 2337 1048 2402 orbibus
1076 2340 1315 2424 illustrioribus,
1337 2367 1395 2430 per

295 2438 445 2503 Universi
467 2460 643 2523 expansum
668 2438 745 2502 hinc
770 2438 859 2501 illinc
881 2440 1008 2523 sparsis,
1030 2462 1113 2525 pene
1134 2443 1289 2524 infinitas,
1313 2468 1395 2530 quae

293 2542 545 2625 praecellentiori
562 2542 659 2624 louge
676 2540 859 2604 intellectus
874 2540 904 2603 vi
923 2542 1047 2623 pollent
1062 2564 1160 2625 quam
1177 2566 1237 2609 nos
1254 2546 1393 2611 homun-

294 2646 420 2723 ciones3
442 2644 531 2709 haud
551 2644 628 2709 satis
647 2643 765 2707 scimus
783 2664 894 2707 annon
911 2644 961 2708 vel
979 2650 1087 2707 totum
1103 2644 1271 2710 hominum
1290 2669 1393 2731 genus

295 2747 460 2811 cerebrum
492 2746 738 2829 (cogitationum
767 2745 949 2828 officinam)
977 2744 1120 2810 habeant
1145 2744 1175 2811 a'
1189 2748 1319 2813 Natura
1346 2752 1394 2814 ita

295 2849 509 2927 efformatum
524 2856 644 2912 utnon
660 2853 730 2911 tam
750 2846 827 2930 quid
845 2846 886 2911 sit
902 2846 1048 2912 absolute
1060 2869 1184 2928 verum,
1200 2871 1297 2934 quam
1315 2850 1394 2936 quid
1526 2903 1531 2911 ,

295 2952 434 3016 maxime
451 2950 644 3015 conveniens
662 2970 699 3014 ac
717 2950 783 3013 suis
798 2948 923 3013 naturis
943 2950 1197 3031 accommodum,
1212 2954 1394 3037 excogitare

295 3060 426 3141 queant.
479 3055 589 3137 Atque
613 3052 693 3117 haec
717 3052 757 3115 iis
780 3050 835 3135 qui
859 3050 895 3113 in
921 3050 1085 3117 Medicina
1114 3046 1262 3119 facienda
1285 3058 1394 3139 potius

295 3158 566 3244 speculationibus
581 3158 679 3235 vanis,
696 3178 792 3241 quam
812 3156 1027 3239 experientiae
1041 3157 1144 3222 solido
1160 3180 1315 3224 sensuum
1329 3168 1393 3225 tes·

295 3262 431 3327 timonio
445 3261 585 3339 innixae,
600 3260 697 3324 fidem
712 3258 877 3337 adhibent,
892 3258 980 3322 dicta
993 3265 1100 3323 sunto.

345 3364 428 3449 [44]
456 3364 552 3430 Quod
566 3364 666 3447 siquis
679 3362 733 3426 hic
746 3368 883 3444 regerat,
900 3362 1052 3426 “Annon
1065 3360 1167 3445 igitur
1180 3362 1221 3428 de
1234 3364 1321 3429 iacto
1340 3387 1393 3430 ex·
1406 3384 1535 3435 Quomodo

296 3467 448 3553 perimor,
470 3466 554 3530 nono
579 3465 716 3531 asaron
737 3464 891 3528 methodo
916 3464 992 3527 horo
1018 3465 1116 3547 qoam
1137 3466 1238 3530 trous
1263 3488 1393 3552 prorsus
1403 3450 1552 3563 53‘233222333

296 3569 457 3634 contraria
466 3588 616 3651 persaepe
625 3567 731 3669 bogari
740 3567 780 3631 l’'
803 3566 990 3650 respondeo,
1000 3572 1064 3630 toto
1076 3568 1174 3651 (quod
1185 3568 1298 3653 aiunt)
1312 3570 1393 3635 coelo
1406 3578 1440 3655 ‘3⁰
1451 3594 1466 3626 o
1477 3595 1547 3627 curs·

296 3670 414 3736 diacre
430 3670 629 3737 curationem
646 3669 751 3734 morbi
766 3690 804 3735 ea
817 3668 971 3733 methodo
991 3670 1044 3733 cui
1059 3670 1127 3734 sola
1140 3671 1228 3753 aegri
1242 3694 1394 3737 nonnun-
1406 3650 1547 3757 {sime

297 3796 394 3858 quam
416 3774 458 3838 ad
479 3773 652 3838 sanitatem
670 3772 833 3837 restitutio
853 3771 1076 3855 adstipulatur,
1092 3780 1125 3838 et
1145 3775 1289 3858 ejusdem
1304 3798 1395 3841 cura·
1407 3786 1522 3884 ΜΟ
1586 3863 1592 3878 x

296 3877 419 3942 tionem
441 3878 505 3941 ista
523 3898 656 3961 praxeos
677 3874 828 3939 methodo
849 3876 901 3938 cui
924 3882 957 3939 et
976 3876 1176 3959 frequentior
1196 3880 1284 3961 aegri
1303 3880 1395 3943 resti·
1408 3900 1539 3962 aliquando

296 3982 391 4059 tutio,
410 3989 506 4064 atque
527 3981 626 4045 etiam
647 3979 870 4063 phaenomena
892 3978 1034 4060 practica
1054 3980 1164 4042 omnia
1186 4002 1268 4062 quae
1289 3980 1324 4044 in
1344 4002 1396 4044 eo·
1409 3966 1443 4016 fib

298 4082 371 4145 dem
386 4084 529 4146 curando
543 4083 703 4159 incidunt,
719 4081 840 4165 pariter
854 4078 1080 4161 astipulantur.
1111 4078 1261 4162 Exempli
1274 4080 1396 4162 gratia:

297 4183 333 4245 in
354 4183 480 4247 vadolis
502 4184 598 4245 multi
620 4204 658 4246 ex
681 4183 720 4244 iis
746 4182 801 4263 qui
823 4180 893 4243 diro
915 4179 1092 4243 calidorum
1117 4187 1150 4243 et
1171 4181 1338 4261 regiminis
1364 4188 1398 4247 et

297 4284 511 4349 remediorum
526 4306 587 4346 usu
605 4283 801 4359 cruciantur,
816 4288 927 4344 tamen
947 4281 1170 4345 convalescent
1178 4307 1189 4359 ;
1212 4302 1252 4345 ex
1266 4281 1399 4347 advmso

298 4394 417 4465 autem,
433 4391 466 4449 et
481 4385 519 4447 iis
538 4384 659 4468 pariter
673 4382 809 4446 feliciter
826 4380 929 4460 cedet,
946 4402 1084 4465 quorum
1103 4382 1226 4447 curatio
1246 4383 1400 4448 methodo

296 4490 392 4573 plane
414 4488 574 4552 contraria
592 4492 748 4551 tentatur.
794 4484 816 4546 J
817 4504 869 4547 am
892 4504 956 4567 quo
975 4491 1069 4567 pacto
1090 4484 1183 4548 litem
1201 4486 1287 4551 hanc
1309 4488 1399 4553 finies

298 4612 381 4669 mus,
391 4590 586 4656 “Quaenam
595 4586 766 4651 methodus
778 4593 826 4651 est
837 4585 1099 4670 praeferendae*
1114 4588 1188 4651 Hoc
1197 4588 1294 4672 plane
1305 4590 1401 4655 modo

297 4692 474 4759 certissime
496 4689 764 4777 dijudicabimus:
799 4709 916 4772 nempe
939 4689 967 4752 ai
989 4688 1026 4752 in
1048 4689 1105 4754 illo
1126 4691 1283 4775 regimine
1304 4690 1403 4775 priori

300 4794 676 4881 exploratum-habuero,
699 4814 762 4872 me,
779 4796 901 4875 quanto
922 4792 1027 4875 magis
1049 4813 1182 4875 aegrum
1204 4793 1403 4873 excalefacio,
