3825 5759
502 628 546 691 68
814 628 1011 698 ΤΗΟΜΑΕ
1035 627 1294 698 SYDENHAM

367 809 472 861 aaran
551 789 614 873 [2.]
641 788 752 855 Primo
772 788 853 869 loco,
869 808 937 872 quo·
948 795 1099 854 naturam
1116 788 1246 853 illarum
1261 793 1358 871 atque
1372 788 1506 871 gminm
1526 808 1605 855 oon·

350 874 490 987 Alzffiu
500 891 627 974 jectnra
653 892 768 954 saltem
795 912 1011 973 assequamur,
1038 891 1271 955 advertendum
1294 897 1344 953 est
1372 890 1461 973 q¹¹⁰d
1487 891 1524 953 5¹¹
1548 912 1605 973 ΡΨ

369 1002 470 1051 ’at-'oa
504 994 660 1077 roxysmis
680 992 832 1059 Febrium
855 994 1151 1057 intermittentium
1171 993 1251 1057 haec
1269 993 1333 1057 tria
1351 999 1497 1075 tempora
1516 1014 1605 1075 spec·

350 1084 381 1133 ¹¹¹
395 1086 477 1133 Feli·
503 1095 604 1159 tanda
618 1102 715 1159 sunt:
742 1099 770 1161 1.
793 1103 921 1178 tempus
944 1096 1238 1175 exhorrescentiae5
1261 1099 1293 1160 2.
1316 1102 1444 1178 tempus
1463 1094 1605 1159 ebulliti-

347 1150 489 1260 lltiitliiler'
503 1196 574 1264 ouis
584 1223 594 1275 ,·
626 1200 657 1261 3.
681 1204 808 1279 tempus
839 1197 1102 1281 despumationis.
1150 1198 1195 1264 Et
1224 1197 1356 1280 quidem
1385 1196 1428 1264 ad
1455 1196 1605 1262 exhorre·

347 1278 470 1403 {Qffis
504 1300 658 1363 scentiam
671 1301 755 1383 quod
767 1300 895 1379 attinet,
909 1303 957 1383 (ut
973 1301 1012 1363 de
1027 1301 1078 1375 his
1092 1300 1188 1365 rebus
1200 1300 1387 1363 summatim
1397 1300 1532 1382 loquar)
1543 1320 1605 1382 ego

348 1406 395 1452 tris
406 1414 468 1453 tem·
502 1400 591 1463 illam
607 1402 722 1465 exinde
740 1403 910 1466 oriundam
933 1402 1081 1481 arbitror,
1098 1402 1184 1485 quod
1205 1401 1341 1465 materia
1360 1401 1505 1479 Febrilis,
1522 1421 1605 1483 quae

347 1484 489 1593 ffiissffi}‚
502 1504 647 1567 nondum
665 1510 852 1587 turgescens
873 1526 893 1567 a
911 1526 1017 1568 massa
1042 1505 1220 1587 sanguinea
1243 1511 1410 1587 utcunque
1430 1502 1607 1567 assimilata

348 1598 474 1719 {33:3ss-
502 1604 616 1683 iuerat,
637 1607 706 1689 jam
735 1606 869 1674 tandem
897 1628 966 1671 non
988 1606 1094 1673 solum
1116 1606 1251 1685 inutilis,
1275 1626 1387 1669 verum
1412 1612 1445 1669 et
1473 1604 1606 1671 inimice

348 1726 469 1773 ebullitio.
502 1707 648 1771 Naturae
662 1709 756 1789 facta,
771 1710 860 1771 illam
875 1709 1017 1791 exagitat
1032 1708 1267 1791 quodammodo
1282 1714 1379 1793 atque
1397 1706 1524 1771 lacessit
1532 1732 1542 1785 ς
1565 1728 1605 1771 ex

347 1790 488 1853 nteeapu.
503 1832 567 1894 quo
589 1813 627 1875 fit
653 1819 690 1876 ut
716 1812 857 1877 naturali
881 1812 1021 1895 quodam
1046 1834 1144 1875 sensu
1165 1812 1301 1890 irritata,
1320 1820 1353 1875 et
1377 1812 1468 1895 quasi
1492 1811 1605 1893 fugam

348 1855 468 1905 metionis.

351 1928 478 1978 Rationa-
503 1914 625 1993 molita,
644 1915 783 1997 rigorem
809 1915 845 1979 in
867 1934 998 1998 corpore
1024 1915 1141 1979 excitet
1163 1922 1261 1999 atque
1283 1914 1459 1993 horrorem,
1481 1934 1604 1978 aversa-

349 2008 489 2107 {ufficff
504 2015 602 2078 tionis
632 2036 708 2079 suae
737 2023 853 2079 testem
884 2022 917 2080 et
946 2017 1106 2081 indicem:
1138 2017 1251 2081 eodem
1280 2017 1376 2101 plane
1404 2016 1510 2095 modo,
1540 2036 1605 2099 quo

348 2127 395 2169 sur.
504 2118 650 2201 potiones
664 2126 841 2200 purgantes
863 2140 883 2183 a
904 2118 1084 2186 delicatulis
1098 2125 1291 2202 assumptae,
1306 2126 1364 2183 aut
1382 2119 1481 2183 etiam
1500 2119 1606 2187 toxica

503 2220 633 2282 incaute
656 2220 824 2303 deglutita,
845 2220 992 2285 horrores
1018 2222 1128 2285 statim
1149 2222 1269 2285 inferre
1289 2222 1403 2298 solent,
1424 2221 1549 2303 aliaque
1570 2221 1605 2285 id

504 2343 606 2404 genus
627 2330 851 2406 symptomata.
903 2324 964 2407 [3.]
991 2324 1120 2388 Natura
1141 2325 1252 2407 itaque
1270 2324 1332 2388 hoo
1352 2330 1448 2407 pacto
1468 2324 1605 2404 irritata,

506 2426 555 2507 (ut
570 2424 611 2487 ad
625 2432 753 2509 tempus
768 2425 965 2490 ebullitionis
976 2428 1046 2510 jam
1059 2428 1283 2510 transeamus,)
1300 2448 1364 2510 quo
1378 2425 1502 2491 facilius
1516 2426 1606 2493 huuc

503 2526 628 2589 hostem
645 2528 744 2591 asuis
760 2528 934 2592 cervicibus
950 2529 1098 2615 depellat,
1112 2530 1392 2592 fermentationem
1407 2528 1604 2611 aggreditur,

503 2629 669 2701 solennem
679 2650 796 2715 nempe
807 2630 1276 2715 machinam,quainFebribus
1287 2638 1321 2695 et
1330 2629 1605 2714 quibusdamaliis

504 2796 530 2829 re
545 2782 627 2840 Junio,
642 2783 681 2833 rel
698 2784 760 2831 Julii
773 2782 864 2844 initia)
877 2785 1034 2842 occurrerint,
1074 2784 1197 2847 praesenti
1218 2782 1355 2831 coronidem
1371 2780 1517 2845 imponam)
1536 2780 1603 2829 ailir·

503 2848 666 2895 venae-sectio
673 2848 780 2897 maximo
785 2848 892 2913 periculo
901 2864 949 2897 nou
956 2856 1035 2898 vacat.
1075 2864 1142 2897 mare
1156 2863 1264 2911 possum,
1276 2846 1414 2909 generalem
1425 2846 1493 2893 illam
1508 2845 1603 2894 metho-

506 2910 536 2959 Id
548 2913 613 2973 quod
629 2913 654 2961 in
672 2922 789 2961 autumno
805 2914 863 2961 anni
877 2914 907 2961 de
920 2913 1034 2975 quoiam
1075 2913 1134 2961 dum
1153 2914 1206 2974 jam
1224 2912 1338 2962 traditam
1356 2910 1487 2973 (quantum
1503 2910 1604 2971 quidem

503 2975 579 3023 locuti
602 2992 689 3025 sumus
711 2978 864 3026 verissimum
887 2994 940 3027 esse
959 2992 1034 3039 expe,
1074 2992 1119 3038 ego
1130 2977 1249 3025 hacteuus
1259 2975 1425 3023 observatione
1441 2981 1534 3023 attenta
1544 2990 1603 3023 eon-

503 3040 589 3088 rientia
599 3048 687 3089 testata
697 3050 748 3089 est:
766 3049 824 3091 tunc
836 3043 901 3090 enim
910 3042 1034 3104 temporis,
1075 3042 1143 3103 aequi
1154 3041 1244 3103 potui,)
1256 3040 1369 3089 Febrium
1378 3040 1489 3087 omnium
1499 3039 1603 3087 curatio-

504 3106 645 3167 praesertim
668 3106 692 3155 in
716 3106 795 3167 primo
816 3115 942 3169 autumno,
963 3105 1032 3167 phle·
1073 3120 1130 3153 uem
1144 3121 1189 3152 auo
1206 3105 1300 3153 ambitu
1317 3104 1444 3151 commode
1460 3103 1519 3149 satis
1535 3118 1602 3151 eom·

503 3168 612 3216 betemia
640 3170 774 3219 maximam
801 3178 894 3232 partem
921 3170 1035 3217 lethifera
1073 3169 1162 3230 plectit
1175 3169 1234 3217 licet
1249 3183 1299 3217 nou
1315 3168 1434 3230 ignorem,
1445 3166 1547 3215 subinde
1560 3182 1603 3215 va·

504 3232 557 3279 visa
568 3240 618 3288 est;
631 3234 678 3280 nisi
689 3234 749 3283 sorte
761 3235 833 3295 aegri,
845 3234 935 3296 inipso
948 3234 1035 3281 aetatis
1073 3234 1121 3281 rias
1138 3234 1196 3283 mni
1217 3240 1381 3294 tempestates,
1399 3239 1473 3293 atque
1494 3231 1603 3293 ipsorum

504 3296 587 3357 vigore
609 3299 742 3355 mnatituti,
765 3298 891 3358 amguiuis
909 3298 1034 3359 iacturam
1074 3312 1192 3344 annorum
1203 3297 1332 3345 varietates
1347 3295 1481 3357 prohibere,
1495 3310 1544 3356 quo
1555 3295 1603 3343 mi·

353 3480 405 3527 'Ct
419 3494 471 3541 sup.

353 3559 374 3592 e.
385 3546 407 3591 2.
420 3548 431 3604 l
445 3544 483 3590 20.

505 3360 684 3420 quodammodo
699 3362 759 3409 terre
776 3368 897 3425 poterantr
916 3376 964 3423 quo
977 3362 1033 3422 qui-

505 3424 560 3471 dem
571 3424 596 3471 in
608 3440 673 3481 casu,
685 3426 781 3473 tametsi
792 3432 894 3472 mortem
906 3440 955 3471 non
966 3426 1032 3473 intu-

504 3486 567 3543 lerit,
579 3489 691 3535 morbum
705 3496 786 3537 tamen
802 3488 912 3551 longum,
924 3504 952 3536 ac
969 3490 1032 3551 peri-

505 3550 555 3599 culi
565 3552 742 3613 plenissimum,
749 3562 822 3615 atque
830 3554 1034 3616 symptomatibus

506 3614 652 3663 saevissimis
663 3616 779 3678 stipatum
792 3623 849 3665 sunt
860 3618 959 3679 experti.
979 3618 1034 3679 Ego

506 3688 570 3727 certe
582 3680 611 3727 ab
623 3680 677 3727 aliis
686 3682 882 3729 evacuatiouibua
893 3682 1032 3745 pariaperi·

507 3743 564 3793 cula
575 3759 626 3791 sese
638 3744 754 3792 obtulisse
767 3760 814 3793 non
826 3746 925 3793 memini
935 3765 941 3800 t
963 3754 1035 3807 atqua

507 3807 632 3869 speciatim
644 3810 674 3855 ab
685 3808 735 3855 illis
746 3824 807 3873 quae
822 3824 864 3871 per
878 3810 981 3857 emetica
991 3810 1034 3857 lle·

507 3872 573 3929 bant,
583 3872 666 3934 quales
677 3873 763 3935 plerrm
782 3889 812 3921 ue
822 3882 875 3921 tum
884 3874 909 3921 in
921 3874 971 3931 illa,
981 3880 1035 3921 tum

507 3936 579 3983 etiarn
591 3938 616 3985 in
629 3936 749 3985 similibus
760 3890 813 3985 siliis
825 3938 1036 3985 constitutionibus

508 4000 630 4062 malignis,
642 4003 735 4049 exitum
750 4003 809 4049 satis
822 4002 932 4049 saelieem
943 4003 1034 4051 habue-

508 4072 571 4115 runt.
605 4066 697 4115 Verum
711 4074 738 4115 ut
750 4074 777 4114 ut
793 4068 851 4115 haee
869 4067 924 4124 sint,
933 4067 1033 4127 jamdu-

508 4129 567 4177 dum
586 4130 666 4187 didici,
684 4138 837 4194 oporterent
856 4130 969 4178 Medicus
990 4132 1036 4179 bac

508 4195 532 4243 iu
544 4210 569 4243 re
583 4196 704 4245 versatilis
715 4196 807 4258 ingenii
819 4196 858 4253 sit,
870 4204 944 4259 atque
958 4210 1001 4259 pro
1011 4211 1037 4244 re

507 4266 565 4307 nata
575 4261 704 4309 consilium
714 4261 801 4323 capiat,
811 4260 856 4308 hoc
868 4268 911 4317 est,
922 4276 965 4323 pro
974 4268 1036 4307 tem·

507 4339 593 4387 porum
605 4334 677 4389 atque
688 4340 814 4387 aegromm
821 4325 936 4387 temperie
952 4324 1039 4387 prarin

508 4404 577 4437 auam
594 4390 696 4439 subinde
712 4389 836 4447 mutando,
849 4390 887 4437 vel
904 4390 985 4451 potius
1004 4388 1039 4435 ls-

508 4454 569 4503 viter
591 4454 717 4511 flectendo,
737 4454 795 4502 huie
822 4468 907 4501 scenae
929 4460 966 4503 tat
988 4452 1037 4500 dia-

508 4517 650 4567 erimiuibua
663 4518 797 4579 variegatae
814 4518 946 4575 commode,
960 4532 1037 4579 quau-

508 4586 560 4627 tum
578 4581 628 4629 lieri
644 4588 730 4643 potest,
750 4582 868 4635 inserviet
913 4580 981 4629 lllud
998 4580 1036 4628 in-

508 4644 579 4691 terim
591 4644 631 4705 (ut
643 4646 882 4711 tandem—aliquande
893 4653 1037 4707 argrmsento

540 4747 551 4779 ¹¹
569 4754 592 4797 ln
603 4753 660 4810 pler.
673 4748 756 4813 reta]
768 4754 805 4799 cel
815 4756 837 4799 in
850 4754 940 4799 cantas
951 4753 1035 4812 molid·

508 4818 543 4863 nir
554 4814 589 4863 ed.
605 4816 651 4862 ’ὅθι

1074 3376 1121 3409 nus
1132 3367 1210 3409 certos
1227 3360 1320 3422 aliquos
1330 3360 1422 3407 limites
1438 3360 1511 3420 ligere
1525 3358 1602 3421 porei-

1074 3440 1138 3480 mm,
1150 3439 1212 3486 quos
1226 3425 1292 3473 ultra
1307 3424 1417 3485 citraque
1430 3422 1549 3486 progredi,
1562 3428 1605 3471 aut

1074 3490 1204 3537 consistere
1212 3504 1262 3539 non
1270 3486 1362 3537 liceat’.
1374 3487 1524 3534 Praestiterit
1532 3492 1603 3544 certe,

1075 3554 1171 3615 quando
1183 3553 1272 3599 Febrea
1284 3552 1389 3615 grassari
1405 3550 1533 3611 incipiunt,
1545 3549 1603 3597 dili-

1074 3626 1159 3679 genter
1172 3617 1271 3665 illornm
1284 3618 1403 3678 impetum
1419 3621 1492 3674 atque
1510 3627 1604 3659 moram

1074 3683 1208 3738 observare,
1228 3682 1318 3741 quibus
1337 3678 1411 3727 etiam
1429 3675 1603 3738 praesidiorum

1074 3746 1204 3808 generibus
1215 3745 1282 3806 aegri
1289 3746 1412 3805 juventur,
1421 3739 1459 3787 vel
1468 3738 1602 3796 laedantur,

1075 3818 1103 3859 ut
1125 3809 1316 3872 quamprimum,
1335 3807 1374 3853 hia
1394 3802 1534 3865 repudiatis,
1552 3801 1603 3851 illia

1075 3880 1181 3924 numer.
1216 3872 1290 3923 Quod
1307 3871 1328 3919 si
1343 3867 1405 3917 illud
1424 3868 1473 3923 fiat,
1491 3866 1604 3915 existimo

1075 3940 1155 4001 reipsa
1171 3936 1310 3999 aliquando,
1325 3935 1389 3981 sacto
1405 3930 1520 3995 periculo,
1535 3945 1603 3979 uom-

1076 4012 1173 4066 pertum
1185 4004 1223 4060 iri,
1235 3999 1347 4049 medendi
1357 3998 1475 4045 rationem
1486 3996 1604 4045 baeteuua

1075 4068 1211 4130 expositam
1236 4080 1311 4127 quam
1337 4062 1469 4113 minimum
1492 4076 1507 4109 a
1533 4075 1605 4135 scopo

1076 4132 1191 4180 aberrare
1226 4131 1268 4177 Ad
1289 4145 1329 4179 me
1346 4134 1411 4175 certe
1428 4125 1493 4187 quod
1510 4131 1604 4182 attinet,

1077 4197 1199 4245 mriasime
1210 4195 1240 4242 ab
1250 4194 1295 4241 illa
1304 4193 1365 4241 mihi
1374 4190 1521 4241 deviandum
1532 4189 1605 4246 sensi,

1077 4261 1103 4309 in
1114 4260 1235 4323 plerisque
1248 4255 1394 4305 Febribuelr
1413 4255 1501 4318 quibus
1512 4253 1607 4327 egregie

1079 4324 1235 4373 accommoda
1253 4330 1297 4378 eat,
1316 4322 1381 4383 quod
1399 4320 1607 4367 lenneutatronem

1079 4389 1185 4437 debitam
1202 4387 1328 4442 ausfiueat,
1347 4386 1478 4447 (optimum
1498 4381 1607 4455 Naturae

1078 4468 1206 4515 organum.
1231 4452 1358 4512 cuiuaope
1370 4463 1467 4497 omnem
1480 4453 1607 4493 matemam

1079 4516 1204 4565 inimicam
1235 4515 1259 4562 in
1277 4514 1397 4575 sanguine
1410 4512 1545 4560 latitantem
1562 4524 1605 4557 ex·

1078 4581 1148 4643 pellit
1157 4588 1231 4642 atque
1242 4579 1380 4627 amolitur.''

1110 4746 1116 4779 ¹
1134 4748 1261 4811 inimicent]
1274 4743 1453 4797 remotam
1467 4742 1513 4789 ¹66.
