3825 5759
441 645 842 713 OBSERVATIONUM
865 647 1152 714 MEDICARUM
1175 658 1207 711 V.
1227 665 1251 712 5.
1338 651 1401 712 231

287 783 409 889 paucos
432 807 504 872 dies
524 809 694 872 restitutus
714 815 773 888 est,
789 816 822 872 et
839 809 1000 875 celebrata
1016 811 1155 875 cathani
1174 811 1306 876 omnino
1326 833 1402 876 con-
1440 826 1540 876 russea

287 907 400 972 oluit
1415 891 1555 1007 titt.

336 1011 446 1094 [11.]ο
469 1011 665 1076 Notandum
691 1021 800 1078 autem
824 1021 882 1093 est,
903 1016 1002 1098 quod,
1029 1017 1159 1080 tametsi
1187 1023 1555 1101 symptomataffi

285 1113 377 1192 haec,
393 1135 484 1197 quse
506 1114 600 1178 'lussi
622 1117 826 1199 supervenire
848 1117 999 1196 solerent,
1014 1139 1052 1181 ea
1072 1140 1171 1202 prope
1191 1126 1298 1184 essent
1321 1140 1402 1202 quae
1414 1108 1501 1222 Tupip
1512 1111 1546 1159 si-

285 1215 372 1280 hano
386 1217 546 1301 hyemem
563 1217 781 1298 funestabant,
797 1227 942 1284 attamen
957 1220 1067 1284 Tussis
1081 1222 1151 1304 ipsa
1164 1222 1235 1286 sine
1252 1222 1315 1286 illis
1334 1223 1403 1286 sola
1415 1188 1446 1222 ne
1467 1191 1480 1222 ε
1498 1190 1530 1224 re,

284 1317 460 1397 invadens,
480 1339 518 1382 ea
539 1325 731 1402 tempestate
751 1322 854 1404 magis
876 1321 1113 1387 dominabatur.
1159 1321 1270 1407 Hujus
1292 1331 1402 1388 autem

283 1424 414 1488 medela
450 1445 556 1508 neque
581 1429 872 1493 venae-sectionem
896 1450 1003 1512 neque
1029 1430 1180 1513 clysteres
1205 1428 1267 1492 sibi
1291 1427 1401 1490 vendi-

283 1527 390 1607 cabat,
409 1527 515 1592 modo
534 1527 633 1593 febris
651 1551 670 1594 a
689 1531 846 1613 regimine
865 1533 917 1595 vel
934 1531 1178 1596 medicamentis
1197 1528 1401 1594 calidioribus

283 1651 351 1696 non
366 1631 573 1696 excitaretur
581 1658 591 1710 ;
614 1653 689 1696 cum
705 1635 781 1698 ratis
797 1642 866 1700 erat
881 1635 923 1699 ad
937 1656 1009 1699 eam
1024 1632 1288 1717 compescendam
1303 1653 1400 1714 aegro

284 1735 452 1801 liberioris
475 1735 557 1799 airis
578 1735 663 1801 foras
683 1759 780 1802 usum
802 1738 986 1817 concedere,
1008 1744 1042 1802 et
1067 1737 1172 1802 carnis
1189 1756 1291 1814 esum,
1305 1742 1344 1798 ut
1366 1743 1400 1798 et

284 1837 400 1902 vinum
418 1837 506 1900 aeid
522 1859 625 1921 genus
641 1840 780 1924 liquores
799 1841 986 1924 spirituosor
1006 1840 1063 1923 qui
1081 1838 1165 1904 febri
1182 1859 1294 1902 ansam
1308 1858 1399 1920 prae·

285 1939 397 2020 beant,
423 1941 557 2005 omnino
578 1941 780 2008 interdicere.
825 1944 926 2008 Porro
947 1943 1082 2008 tabellas
1104 1947 1275 2026 sequentes
1297 1940 1399 2023 saepi-

286 2043 400 2108 moule
420 2043 618 2108 devorandas
633 2045 787 2129 imperavi
795 2071 804 2124 ς
828 2067 910 2130 quae
922 2046 1053 2130 quidem
1065 2045 1106 2110 sd
1116 2045 1233 2108 Tusses
1248 2065 1268 2107 a
1280 2043 1399 2126 frigore

287 2153 458 2231 susceptas
480 2147 670 2212 coercendas
692 2147 842 2212 omnibus
864 2147 943 2226 aliis,
967 2169 1050 2232 quae
1071 2147 1153 2212 mihi
1178 2147 1284 2212 adhuc
1305 2146 1399 2209 inno·

287 2253 433 2328 tesermt,
448 2250 546 2332 longe
561 2251 761 2333 praecellunt
772 2275 825 2315 :—

289 2441 392 2510 [Form.
406 2442 477 2508 m*
496 2439 528 2522 R,
549 2442 673 2496 Saochari
686 2441 774 2496 Caudi
785 2442 866 2496 libras
878 2440 945 2496 duas
957 2459 1019 2496 oum
1031 2443 1152 2504 samiam

434 2531 528 2598 Coqua
548 2529 693 2584 sufficiente
714 2531 863 2599 quantitate
883 2546 970 2599 aquae
994 2530 1142 2582 communis
1162 2543 1246 2596 usque
1266 2525 1330 2579 dum
1351 2525 1398 2578 ad·

432 2615 571 2670 haerescut
582 2615 706 2670 extremis
718 2615 862 2686 digitorum
873 2636 879 2680 ;
896 2623 953 2668 tum
967 2614 1035 2668 adde

541 2701 661 2755 Pulveris
679 2701 845 2771 Liquiritiae,

545 2787 691 2857 [Pulveris]
706 2787 810 2841 Enulae
822 2787 986 2856 Campanae,

541 2873 680 2928 Seminum
692 2875 778 2939 Anisi,

541 2960 680 3014 Seminum
692 2961 845 3031 Argolicae,
857 2975 909 3013 ana
920 2959 1094 3025 semunciam,

541 3046 660 3102 Pulveris
673 3047 761 3114 Iridis,

541 3133 651 3186 Florum
664 3133 812 3204 Sulphuris,
825 3150 876 3186 ana
888 3131 1027 3186 drachmas
1038 3130 1114 3195 duas,

540 3219 600 3274 Olei
612 3220 734 3290 Chymici
747 3221 884 3274 Seminum
897 3220 973 3272 Anisi
985 3219 1121 3289 scrupulos
1132 3218 1214 3280 duos;

435 3305 516 3360 Fiant
535 3305 681 3360 secundum
702 3315 786 3360 artem
807 3306 927 3368 tabellae,
948 3322 1014 3375 quas
1037 3321 1128 3358 seeum
1148 3306 1276 3358 contiuuo
1299 3311 1393 3374 portet,

433 3409 465 3446 ae
478 3409 571 3446 earnm
584 3409 664 3446 unam
678 3393 826 3462 frequenter
838 3399 966 3446 assumet.

340 3567 425 3652 [la]
452 3567 498 3630 At
523 3567 709 3651 priusquam
731 3567 792 3646 his,
813 3587 894 3651 quae
920 3565 961 3630 de
982 3564 1102 3630 morbis
1125 3563 1307 3648 epidemicis
1329 3564 1392 3628 dis-

291 3671 387 3750 serui,
414 3671 563 3734 ultimam
592 3671 756 3754 imponam
785 3691 928 3748 manum,
951 3668 1134 3752 objectioni,
1158 3690 1255 3751 quam
1280 3675 1393 3732 contra

293 3791 404 3837 eorum
433 3773 591 3837 nonnulla
620 3773 825 3838 adferendam
847 3771 1025 3855 praevideo,
1051 3769 1283 3834 occurrendum
1312 3770 1392 3832 mihi

292 3883 360 3955 est3
391 3875 478 3959 quod
501 3897 618 3959 nempe
643 3898 711 3944 non
740 3876 817 3940 satis
842 3895 917 3938 cum
938 3873 1133 3955 malignitate
1155 3872 1219 3936 ista
1247 3894 1392 3955 pugnare

292 3978 463 4044 videantur
488 4000 569 4062 quae
592 3978 738 4062 pluribus
761 3979 877 4042 horum
899 3975 1086 4040 morborum
1108 3974 1269 4039 adhaeret.
1314 3973 1393 4038 Non

291 4079 319 4143 is
341 4101 413 4144 sum
436 4081 491 4164 qui
513 4089 674 4164 receptam
700 4081 816 4145 aviris
842 4078 1033 4143 doctissimis
1055 4075 1120 4140 sive
1141 4074 1239 4158 hujus
1264 4076 1392 4152 saeculi,

292 4185 358 4249 sive
380 4185 625 4268 antiquioribus,
645 4185 686 4248 de
707 4182 908 4266 malignitate
930 4179 1115 4264 opinionem
1137 4175 1313 4240 convellere
1335 4182 1392 4238 aut

292 4287 421 4371 possim,
437 4295 494 4351 aut
509 4287 607 4350 etism
621 4287 726 4365 velim,
742 4307 817 4350 cum
831 4285 895 4348 ista
908 4282 1035 4347 indiciis
1049 4280 1122 4363 plus
1136 4277 1214 4342 satis
1229 4297 1263 4339 se
1277 4275 1392 4359 prodat

292 4391 471 4454 manifestis
485 4390 521 4454 in
535 4389 719 4473 epidemicis
730 4388 898 4472 plerisque.
943 4385 1055 4450 Liceat
1070 4382 1151 4446 mihi
1165 4387 1295 4444 tantum
1310 4401 1391 4462 quae

295 4492 334 4556 de
356 4493 424 4576 ejus
446 4499 564 4557 natura
585 4493 689 4556 sentio
710 4492 746 4555 in
767 4490 910 4555 medium
929 4487 1080 4573 proferre,
1099 4506 1162 4568 quo
1183 4482 1392 4546 haecnostra

294 4595 398 4677 praxis
421 4595 529 4658 minus
551 4596 714 4660 aratione
734 4593 904 4660 abhorrere
927 4591 1091 4666 videatur3
1114 4587 1182 4672 ipse
1204 4585 1302 4664 enim,
1317 4605 1392 4649 cum

294 4697 507 4764 eruditissimo
524 4698 694 4780 scaligero,

360 4831 369 4854 ⁸
387 4825 439 4884 §11
453 4837 500 4871 om.
513 4823 550 4871 ed.
562 4823 610 4874 ’76.
1110 4817 1325 4868 scammata.
