<?xml version="1.0" encoding="UTF-8"?>
<!DOCTYPE html PUBLIC "-//W3C//DTD XHTML 1.0 Transitional//EN"
    "http://www.w3.org/TR/xhtml1/DTD/xhtml1-transitional.dtd">
<html xmlns="http://www.w3.org/1999/xhtml" xml:lang="en" lang="en">
 <head>
  <title>
</title>
<meta http-equiv="Content-Type" content="text/html;charset=utf-8" />
  <meta name='ocr-system' content='tesseract 3.04.00' />
  <meta name='ocr-capabilities' content='ocr_page ocr_carea ocr_par ocr_line ocrx_word'/>
</head>
<body>
  <div class='ocr_page' id='page_1' title='image "./thomaesydenhamm00greegoog_0302.png"; bbox 0 0 3825 5759; ppageno 0'>
   <div class='ocr_carea' id='block_1_1' title="bbox 473 652 1390 720">
    <p class='ocr_par' dir='ltr' id='par_1_1' title="bbox 473 652 1390 720">
     <span class='ocr_line' id='line_1_1' title="bbox 473 652 1390 720; baseline -0.001 -1"><span class='ocrx_word' id='word_1_1' title='bbox 473 655 540 720; x_wconf 77' lang='lat'>270</span> <span class='ocrx_word' id='word_1_2' title='bbox 655 653 760 720; x_wconf 79' lang='grc' dir='ltr'><strong>ΤΗΟ.</strong></span> <span class='ocrx_word' id='word_1_3' title='bbox 785 655 1043 720; x_wconf 85' lang='lat' dir='ltr'>SYDENHAM</span> <span class='ocrx_word' id='word_1_4' title='bbox 1066 655 1254 720; x_wconf 82' lang='lat' dir='ltr'><strong>OBSERV.</strong></span> <span class='ocrx_word' id='word_1_5' title='bbox 1277 652 1390 720; x_wconf 87' lang='lat' dir='ltr'><strong>MED.</strong></span> 
     </span>
    </p>
   </div>
   <div class='ocr_carea' id='block_1_2' title="bbox 321 813 1577 1420">
    <p class='ocr_par' dir='ltr' id='par_1_2' title="bbox 321 813 1577 1314">
     <span class='ocr_line' id='line_1_2' title="bbox 321 813 1577 912; baseline 0.002 -31"><span class='ocrx_word' id='word_1_6' title='bbox 321 825 462 912; x_wconf 62' lang='lat' dir='ltr'><em>Q</em></span> <span class='ocrx_word' id='word_1_7' title='bbox 474 815 612 882; x_wconf 80' lang='lat' dir='ltr'>attulere</span> <span class='ocrx_word' id='word_1_8' title='bbox 627 814 786 902; x_wconf 80' lang='lat' dir='ltr'>speciosae</span> <span class='ocrx_word' id='word_1_9' title='bbox 802 815 884 882; x_wconf 87' lang='lat' dir='ltr'>istae</span> <span class='ocrx_word' id='word_1_10' title='bbox 898 816 1045 882; x_wconf 87' lang='lat' dir='ltr'>methodi</span> <span class='ocrx_word' id='word_1_11' title='bbox 1058 815 1094 881; x_wconf 92' lang='lat' dir='ltr'>in</span> <span class='ocrx_word' id='word_1_12' title='bbox 1108 815 1376 902; x_wconf 86' lang='lat' dir='ltr'>speculativarum</span> <span class='ocrx_word' id='word_1_13' title='bbox 1390 813 1481 882; x_wconf 90' lang='lat' dir='ltr'>libris</span> <span class='ocrx_word' id='word_1_14' title='bbox 1495 817 1577 883; x_wconf 89' lang='lat' dir='ltr'>satis</span> 
     </span>
     <span class='ocr_line' id='line_1_3' title="bbox 472 919 1576 1004; baseline 0.003 -21"><span class='ocrx_word' id='word_1_15' title='bbox 472 919 612 984; x_wconf 85' lang='lat' dir='ltr'>fidenter</span> <span class='ocrx_word' id='word_1_16' title='bbox 626 920 825 1004; x_wconf 64' lang='lat' dir='ltr'>descriptae)</span> <span class='ocrx_word' id='word_1_17' title='bbox 844 919 952 985; x_wconf 90' lang='lat' dir='ltr'>animo</span> <span class='ocrx_word' id='word_1_18' title='bbox 966 941 1040 985; x_wconf 91' lang='lat' dir='ltr'>meo</span> <span class='ocrx_word' id='word_1_19' title='bbox 1057 919 1138 984; x_wconf 88' lang='lat' dir='ltr'>haec</span> <span class='ocrx_word' id='word_1_20' title='bbox 1152 920 1294 1004; x_wconf 90' lang='lat' dir='ltr'>primum</span> <span class='ocrx_word' id='word_1_21' title='bbox 1312 919 1452 1003; x_wconf 75' lang='lat' dir='ltr'>agitanti</span> <span class='ocrx_word' id='word_1_22' title='bbox 1465 921 1576 986; x_wconf 89' lang='lat' dir='ltr'>minus</span> 
     </span>
     <span class='ocr_line' id='line_1_4' title="bbox 473 1021 1575 1107; baseline 0.002 -21"><span class='ocrx_word' id='word_1_23' title='bbox 473 1021 723 1102; x_wconf 75' lang='lat' dir='ltr'>satisfaciebant,</span> <span class='ocrx_word' id='word_1_24' title='bbox 732 1045 807 1088; x_wconf 90' lang='lat' dir='ltr'>cum</span> <span class='ocrx_word' id='word_1_25' title='bbox 817 1045 929 1107; x_wconf 87' lang='lat' dir='ltr'>reapse</span> <span class='ocrx_word' id='word_1_26' title='bbox 944 1045 1118 1102; x_wconf 87' lang='lat' dir='ltr'>cernerem,</span> <span class='ocrx_word' id='word_1_27' title='bbox 1127 1024 1251 1087; x_wconf 88' lang='lat' dir='ltr'>ludicra</span> <span class='ocrx_word' id='word_1_28' title='bbox 1260 1023 1324 1087; x_wconf 91' lang='lat' dir='ltr'>ista</span> <span class='ocrx_word' id='word_1_29' title='bbox 1333 1022 1575 1088; x_wconf 87' lang='lat' dir='ltr'>cerebrosomm</span> 
     </span>
     <span class='ocr_line' id='line_1_5' title="bbox 473 1125 1575 1210; baseline 0.001 -21"><span class='ocrx_word' id='word_1_30' title='bbox 473 1131 657 1190; x_wconf 88' lang='lat' dir='ltr'>commenta</span> <span class='ocrx_word' id='word_1_31' title='bbox 669 1125 718 1190; x_wconf 90' lang='lat' dir='ltr'>ita</span> <span class='ocrx_word' id='word_1_32' title='bbox 731 1147 846 1210; x_wconf 85' lang='lat' dir='ltr'>parum</span> <span class='ocrx_word' id='word_1_33' title='bbox 861 1126 902 1189; x_wconf 89' lang='lat' dir='ltr'>ad</span> <span class='ocrx_word' id='word_1_34' title='bbox 915 1126 1201 1210; x_wconf 86' lang='lat' dir='ltr'>redintegrandam</span> <span class='ocrx_word' id='word_1_35' title='bbox 1215 1147 1386 1209; x_wconf 81' lang='lat' dir='ltr'>aegrorum</span> <span class='ocrx_word' id='word_1_36' title='bbox 1400 1126 1575 1190; x_wconf 86' lang='lat' dir='ltr'>sanitatem</span> 
     </span>
     <span class='ocr_line' id='line_1_6' title="bbox 472 1229 1575 1314; baseline 0.002 -22"><span class='ocrx_word' id='word_1_37' title='bbox 472 1229 627 1307; x_wconf 79' lang='lat' dir='ltr'>conferre,</span> <span class='ocrx_word' id='word_1_38' title='bbox 643 1235 681 1293; x_wconf 92' lang='lat' dir='ltr'>ut</span> <span class='ocrx_word' id='word_1_39' title='bbox 700 1229 755 1312; x_wconf 91' lang='lat' dir='ltr'>qui</span> <span class='ocrx_word' id='word_1_40' title='bbox 769 1229 811 1294; x_wconf 90' lang='lat' dir='ltr'>ad</span> <span class='ocrx_word' id='word_1_41' title='bbox 829 1229 918 1314; x_wconf 87' lang='lat' dir='ltr'>asyla</span> <span class='ocrx_word' id='word_1_42' title='bbox 931 1229 1012 1294; x_wconf 89' lang='lat' dir='ltr'>baec</span> <span class='ocrx_word' id='word_1_43' title='bbox 1029 1229 1252 1312; x_wconf 70' lang='lat' dir='ltr'>confligerant</span> <span class='ocrx_word' id='word_1_44' title='bbox 1270 1229 1434 1313; x_wconf 90' lang='lat' dir='ltr'>(quicquid</span> <span class='ocrx_word' id='word_1_45' title='bbox 1451 1230 1575 1313; x_wconf 89' lang='lat' dir='ltr'>pollici·</span> 
     </span>
    </p>

    <p class='ocr_par' dir='ltr' id='par_1_3' title="bbox 446 1325 1574 1420">
     <span class='ocr_line' id='line_1_7' title="bbox 446 1325 1574 1420; baseline 0.001 -24"><span class='ocrx_word' id='word_1_46' title='bbox 446 1325 455 1344; x_wconf 75' lang='lat'><em>⁶</em></span> <span class='ocrx_word' id='word_1_47' title='bbox 472 1339 622 1397; x_wconf 87' lang='lat' dir='ltr'>tarentur</span> <span class='ocrx_word' id='word_1_48' title='bbox 636 1333 837 1398; x_wconf 77' lang='lat' dir='ltr'>¹Phrcsoncs¹</span> <span class='ocrx_word' id='word_1_49' title='bbox 853 1333 1155 1420; x_wconf 56' lang='lat' dir='ltr'>dogmatici,)2hand</span> <span class='ocrx_word' id='word_1_50' title='bbox 1174 1333 1300 1398; x_wconf 87' lang='lat' dir='ltr'>meliori</span> <span class='ocrx_word' id='word_1_51' title='bbox 1316 1334 1352 1396; x_wconf 91' lang='lat' dir='ltr'>in</span> <span class='ocrx_word' id='word_1_52' title='bbox 1367 1333 1437 1397; x_wconf 90' lang='lat' dir='ltr'>loco</span> <span class='ocrx_word' id='word_1_53' title='bbox 1454 1341 1574 1412; x_wconf 85' lang='lat' dir='ltr'>essent,</span> 
     </span>
    </p>
   </div>
   <div class='ocr_carea' id='block_1_3' title="bbox 470 1434 1574 2530">
    <p class='ocr_par' dir='ltr' id='par_1_4' title="bbox 470 1434 1574 2530">
     <span class='ocr_line' id='line_1_8' title="bbox 473 1434 1574 1520; baseline 0.001 -21"><span class='ocrx_word' id='word_1_54' title='bbox 473 1457 570 1518; x_wconf 88' lang='lat' dir='ltr'>quam</span> <span class='ocrx_word' id='word_1_55' title='bbox 590 1434 655 1519; x_wconf 90' lang='lat' dir='ltr'>qui,</span> <span class='ocrx_word' id='word_1_56' title='bbox 675 1436 824 1520; x_wconf 83' lang='lat' dir='ltr'>neglecta</span> <span class='ocrx_word' id='word_1_57' title='bbox 837 1436 929 1514; x_wconf 87' lang='lat' dir='ltr'>Arte,</span> <span class='ocrx_word' id='word_1_58' title='bbox 951 1457 986 1499; x_wconf 87' lang='lat' dir='ltr'>se</span> <span class='ocrx_word' id='word_1_59' title='bbox 1002 1443 1089 1500; x_wconf 91' lang='lat' dir='ltr'>totos</span> <span class='ocrx_word' id='word_1_60' title='bbox 1106 1437 1254 1501; x_wconf 87' lang='lat' dir='ltr'>Naturae</span> <span class='ocrx_word' id='word_1_61' title='bbox 1267 1436 1491 1520; x_wconf 86' lang='lat' dir='ltr'>permiserant.</span> <span class='ocrx_word' id='word_1_62' title='bbox 1536 1435 1574 1500; x_wconf 85' lang='lat' dir='ltr'>Si</span> 
     </span>
     <span class='ocr_line' id='line_1_9' title="bbox 471 1539 1573 1624; baseline 0.001 -22"><span class='ocrx_word' id='word_1_63' title='bbox 471 1539 550 1622; x_wconf 90' lang='lat' dir='ltr'>quid</span> <span class='ocrx_word' id='word_1_64' title='bbox 571 1560 632 1623; x_wconf 88' lang='lat' dir='ltr'>ego</span> <span class='ocrx_word' id='word_1_65' title='bbox 655 1539 708 1606; x_wconf 92' lang='lat' dir='ltr'>hic</span> <span class='ocrx_word' id='word_1_66' title='bbox 729 1561 834 1624; x_wconf 85' lang='lat' dir='ltr'>egero,</span> <span class='ocrx_word' id='word_1_67' title='bbox 854 1561 918 1624; x_wconf 90' lang='lat' dir='ltr'>quo</span> <span class='ocrx_word' id='word_1_68' title='bbox 939 1539 991 1604; x_wconf 87' lang='lat' dir='ltr'>vel</span> <span class='ocrx_word' id='word_1_69' title='bbox 1011 1539 1155 1623; x_wconf 86' lang='lat' dir='ltr'>periculi,</span> <span class='ocrx_word' id='word_1_70' title='bbox 1170 1539 1221 1603; x_wconf 85' lang='lat' dir='ltr'>vel</span> <span class='ocrx_word' id='word_1_71' title='bbox 1242 1539 1341 1604; x_wconf 85' lang='lat' dir='ltr'>etiam</span> <span class='ocrx_word' id='word_1_72' title='bbox 1363 1539 1573 1618; x_wconf 88' lang='lat' dir='ltr'>difficultatis,</span> 
     </span>
     <span class='ocr_line' id='line_1_10' title="bbox 470 1641 1572 1726; baseline -0.001 -20"><span class='ocrx_word' id='word_1_73' title='bbox 470 1663 552 1726; x_wconf 89' lang='lat' dir='ltr'>quae</span> <span class='ocrx_word' id='word_1_74' title='bbox 572 1641 609 1707; x_wconf 91' lang='lat' dir='ltr'>in</span> <span class='ocrx_word' id='word_1_75' title='bbox 630 1643 680 1707; x_wconf 88' lang='lat' dir='ltr'>his</span> <span class='ocrx_word' id='word_1_76' title='bbox 702 1643 822 1708; x_wconf 87' lang='lat' dir='ltr'>morbis</span> <span class='ocrx_word' id='word_1_77' title='bbox 847 1643 1056 1726; x_wconf 89' lang='lat' dir='ltr'>persanandis</span> <span class='ocrx_word' id='word_1_78' title='bbox 1077 1642 1266 1725; x_wconf 87' lang='lat' dir='ltr'>plerumque</span> <span class='ocrx_word' id='word_1_79' title='bbox 1289 1648 1475 1720; x_wconf 86' lang='lat' dir='ltr'>occurrunt,</span> <span class='ocrx_word' id='word_1_80' title='bbox 1497 1663 1572 1724; x_wconf 89' lang='lat' dir='ltr'>pars</span> 
     </span>
     <span class='ocr_line' id='line_1_11' title="bbox 471 1745 1573 1830; baseline -0.002 -20"><span class='ocrx_word' id='word_1_81' title='bbox 471 1745 578 1828; x_wconf 86' lang='lat' dir='ltr'>aliqua</span> <span class='ocrx_word' id='word_1_82' title='bbox 591 1745 724 1826; x_wconf 88' lang='lat' dir='ltr'>levetur,</span> <span class='ocrx_word' id='word_1_83' title='bbox 739 1746 846 1830; x_wconf 92' lang='lat' dir='ltr'>(quod,</span> <span class='ocrx_word' id='word_1_84' title='bbox 859 1746 945 1810; x_wconf 88' lang='lat' dir='ltr'>salva</span> <span class='ocrx_word' id='word_1_85' title='bbox 958 1745 1160 1824; x_wconf 83' lang='lat' dir='ltr'>verecundia,</span> <span class='ocrx_word' id='word_1_86' title='bbox 1169 1765 1222 1809; x_wconf 91' lang='lat' dir='ltr'>me</span> <span class='ocrx_word' id='word_1_87' title='bbox 1232 1745 1313 1808; x_wconf 92' lang='lat' dir='ltr'>mihi</span> <span class='ocrx_word' id='word_1_88' title='bbox 1327 1745 1470 1828; x_wconf 85' lang='lat' dir='ltr'>polliceri</span> <span class='ocrx_word' id='word_1_89' title='bbox 1479 1758 1573 1828; x_wconf 85' lang='lat' dir='ltr'>posse</span> 
     </span>
     <span class='ocr_line' id='line_1_12' title="bbox 471 1847 1572 1932; baseline -0.001 -20"><span class='ocrx_word' id='word_1_90' title='bbox 471 1849 585 1913; x_wconf 89' lang='lat' dir='ltr'>saltem</span> <span class='ocrx_word' id='word_1_91' title='bbox 597 1851 711 1932; x_wconf 84' lang='lat' dir='ltr'>spero,)</span> <span class='ocrx_word' id='word_1_92' title='bbox 725 1870 856 1932; x_wconf 90' lang='lat' dir='ltr'>scopum</span> <span class='ocrx_word' id='word_1_93' title='bbox 868 1848 1094 1932; x_wconf 82' lang='lat' dir='ltr'>quadantenus</span> <span class='ocrx_word' id='word_1_94' title='bbox 1105 1854 1296 1932; x_wconf 87' lang='lat' dir='ltr'>assequutus</span> <span class='ocrx_word' id='word_1_95' title='bbox 1311 1870 1393 1927; x_wconf 92' lang='lat' dir='ltr'>sum,</span> <span class='ocrx_word' id='word_1_96' title='bbox 1405 1855 1439 1912; x_wconf 91' lang='lat' dir='ltr'>et</span> <span class='ocrx_word' id='word_1_97' title='bbox 1454 1847 1572 1912; x_wconf 84' lang='lat' dir='ltr'>dulcis·</span> 
     </span>
     <span class='ocr_line' id='line_1_13' title="bbox 471 1951 1572 2036; baseline -0.001 -21"><span class='ocrx_word' id='word_1_98' title='bbox 471 1951 589 2015; x_wconf 90' lang='lat' dir='ltr'>simum</span> <span class='ocrx_word' id='word_1_99' title='bbox 603 1951 739 2036; x_wconf 90' lang='lat' dir='ltr'>improbi</span> <span class='ocrx_word' id='word_1_100' title='bbox 755 1951 884 2031; x_wconf 88' lang='lat' dir='ltr'>laboris,</span> <span class='ocrx_word' id='word_1_101' title='bbox 899 1952 935 2014; x_wconf 92' lang='lat' dir='ltr'>in</span> <span class='ocrx_word' id='word_1_102' title='bbox 949 1951 1036 2016; x_wconf 92' lang='lat' dir='ltr'>bono</span> <span class='ocrx_word' id='word_1_103' title='bbox 1049 1952 1187 2035; x_wconf 82' lang='lat' dir='ltr'>proximi</span> <span class='ocrx_word' id='word_1_104' title='bbox 1205 1951 1388 2035; x_wconf 78' lang='lat' dir='ltr'>quaerendo</span> <span class='ocrx_word' id='word_1_105' title='bbox 1404 1958 1492 2016; x_wconf 86' lang='lat' dir='ltr'>recte</span> <span class='ocrx_word' id='word_1_106' title='bbox 1506 1951 1572 2015; x_wconf 86' lang='lat' dir='ltr'>col·</span> 
     </span>
     <span class='ocr_line' id='line_1_14' title="bbox 470 2051 1571 2140; baseline 0.004 -26"><span class='ocrx_word' id='word_1_107' title='bbox 470 2051 577 2132; x_wconf 91' lang='lat' dir='ltr'>locati,</span> <span class='ocrx_word' id='word_1_108' title='bbox 601 2053 744 2117; x_wconf 85' lang='lat' dir='ltr'>fructum</span> <span class='ocrx_word' id='word_1_109' title='bbox 766 2055 844 2118; x_wconf 84' lang='lat' dir='ltr'>fero.</span> <span class='ocrx_word' id='word_1_110' title='bbox 891 2054 983 2119; x_wconf 89' lang='lat' dir='ltr'>Haec</span> <span class='ocrx_word' id='word_1_111' title='bbox 1007 2054 1181 2138; x_wconf 84' lang='lat' dir='ltr'>praecipua</span> <span class='ocrx_word' id='word_1_112' title='bbox 1204 2055 1272 2119; x_wconf 83' lang='lat' dir='ltr'>fere</span> <span class='ocrx_word' id='word_1_113' title='bbox 1295 2061 1373 2118; x_wconf 88' lang='lat' dir='ltr'>sunt</span> <span class='ocrx_word' id='word_1_114' title='bbox 1396 2076 1480 2138; x_wconf 91' lang='lat' dir='ltr'>quae</span> <span class='ocrx_word' id='word_1_115' title='bbox 1501 2055 1571 2140; x_wconf 89' lang='lat' dir='ltr'>jam</span> 
     </span>
     <span class='ocr_line' id='line_1_15' title="bbox 471 2155 1570 2241; baseline 0.004 -23"><span class='ocrx_word' id='word_1_116' title='bbox 471 2155 574 2219; x_wconf 90' lang='lat' dir='ltr'>habeo</span> <span class='ocrx_word' id='word_1_117' title='bbox 589 2163 752 2239; x_wconf 88' lang='lat' dir='ltr'>comperta</span> <span class='ocrx_word' id='word_1_118' title='bbox 765 2157 827 2240; x_wconf 90' lang='lat' dir='ltr'>(vel</span> <span class='ocrx_word' id='word_1_119' title='bbox 841 2157 955 2220; x_wconf 86' lang='lat' dir='ltr'>saltem</span> <span class='ocrx_word' id='word_1_120' title='bbox 970 2156 1012 2220; x_wconf 90' lang='lat' dir='ltr'>ad</span> <span class='ocrx_word' id='word_1_121' title='bbox 1025 2157 1216 2222; x_wconf 89' lang='lat' dir='ltr'>methodum</span> <span class='ocrx_word' id='word_1_122' title='bbox 1231 2159 1372 2241; x_wconf 89' lang='lat' dir='ltr'>aliquam</span> <span class='ocrx_word' id='word_1_123' title='bbox 1386 2158 1462 2222; x_wconf 84' lang='lat' dir='ltr'>novi</span> <span class='ocrx_word' id='word_1_124' title='bbox 1475 2158 1570 2222; x_wconf 89' lang='lat' dir='ltr'>redu-</span> 
     </span>
     <span class='ocr_line' id='line_1_16' title="bbox 471 2258 1569 2345; baseline 0.002 -23"><span class='ocrx_word' id='word_1_125' title='bbox 471 2259 565 2342; x_wconf 90' lang='lat' dir='ltr'>oere,)</span> <span class='ocrx_word' id='word_1_126' title='bbox 583 2258 810 2338; x_wconf 68' lang='lat' dir='ltr'>circa&#39;Febrcs</span> <span class='ocrx_word' id='word_1_127' title='bbox 826 2267 859 2324; x_wconf 91' lang='lat' dir='ltr'>et</span> <span class='ocrx_word' id='word_1_128' title='bbox 877 2267 1093 2344; x_wconf 85' lang='lat' dir='ltr'>symptomata</span> <span class='ocrx_word' id='word_1_129' title='bbox 1107 2283 1189 2345; x_wconf 86' lang='lat' dir='ltr'>quae</span> <span class='ocrx_word' id='word_1_130' title='bbox 1211 2261 1251 2326; x_wconf 93' lang='lat' dir='ltr'>ab</span> <span class='ocrx_word' id='word_1_131' title='bbox 1271 2261 1393 2325; x_wconf 89' lang='lat' dir='ltr'>eisdem</span> <span class='ocrx_word' id='word_1_132' title='bbox 1415 2261 1569 2345; x_wconf 87' lang='lat' dir='ltr'>pendent,</span> 
     </span>
     <span class='ocr_line' id='line_1_17' title="bbox 472 2360 1571 2448; baseline 0.005 -24"><span class='ocrx_word' id='word_1_133' title='bbox 472 2360 624 2425; x_wconf 91' lang='lat' dir='ltr'>adhunc</span> <span class='ocrx_word' id='word_1_134' title='bbox 648 2384 749 2446; x_wconf 90' lang='lat' dir='ltr'>usque</span> <span class='ocrx_word' id='word_1_135' title='bbox 771 2365 815 2428; x_wconf 87' lang='lat'>30</span> <span class='ocrx_word' id='word_1_136' title='bbox 833 2361 1022 2428; x_wconf 86' lang='lat' dir='ltr'>Decembris</span> <span class='ocrx_word' id='word_1_137' title='bbox 1047 2363 1143 2444; x_wconf 88' lang='lat' dir='ltr'>diem,</span> <span class='ocrx_word' id='word_1_138' title='bbox 1169 2385 1256 2428; x_wconf 90' lang='lat' dir='ltr'>anno</span> <span class='ocrx_word' id='word_1_139' title='bbox 1283 2365 1378 2442; x_wconf 87' lang='grc'><strong>1675,</strong></span> <span class='ocrx_word' id='word_1_140' title='bbox 1403 2385 1468 2448; x_wconf 91' lang='lat' dir='ltr'>quo</span> <span class='ocrx_word' id='word_1_141' title='bbox 1490 2364 1571 2428; x_wconf 87' lang='lat' dir='ltr'>baec</span> 
     </span>
     <span class='ocr_line' id='line_1_18' title="bbox 472 2463 649 2530; baseline 0.006 -3"><span class='ocrx_word' id='word_1_142' title='bbox 472 2463 649 2530; x_wconf 83' lang='lat' dir='ltr'>conscribo.</span> 
     </span>
    </p>
   </div>
   <div class='ocr_carea' id='block_1_4' title="bbox 659 2621 1384 2686">
    <p class='ocr_par' dir='ltr' id='par_1_5' title="bbox 659 2621 1384 2686">
     <span class='ocr_line' id='line_1_19' title="bbox 659 2621 1384 2686; baseline 0.003 -17"><span class='ocrx_word' id='word_1_143' title='bbox 659 2627 669 2651; x_wconf 89' lang='lat'><strong>¹</strong></span> <span class='ocrx_word' id='word_1_144' title='bbox 688 2621 784 2680; x_wconf 76' lang='lat' dir='ltr'>Thraso,</span> <span class='ocrx_word' id='word_1_145' title='bbox 794 2636 883 2670; x_wconf 82' lang='lat' dir='ltr'>nomen</span> <span class='ocrx_word' id='word_1_146' title='bbox 894 2621 994 2686; x_wconf 83' lang='lat' dir='ltr'>gloriosi</span> <span class='ocrx_word' id='word_1_147' title='bbox 1005 2621 1091 2671; x_wconf 83' lang='lat' dir='ltr'>militis</span> <span class='ocrx_word' id='word_1_148' title='bbox 1101 2621 1168 2686; x_wconf 88' lang='lat' dir='ltr'>apud</span> <span class='ocrx_word' id='word_1_149' title='bbox 1179 2621 1275 2671; x_wconf 79' lang='lat' dir='ltr'>Terent</span> <span class='ocrx_word' id='word_1_150' title='bbox 1287 2621 1313 2670; x_wconf 87' lang='lat' dir='ltr'>iu</span> <span class='ocrx_word' id='word_1_151' title='bbox 1324 2623 1384 2671; x_wconf 78' lang='lat' dir='ltr'>Eas.</span> 
     </span>
    </p>
   </div>
   <div class='ocr_carea' id='block_1_5' title="bbox 766 2812 1269 3054">
    <p class='ocr_par' dir='ltr' id='par_1_6' title="bbox 766 2812 1269 3054">
     <span class='ocr_line' id='line_1_20' title="bbox 957 2812 1076 2870; baseline 0 0"><span class='ocrx_word' id='word_1_152' title='bbox 957 2812 1076 2870; x_wconf 88' lang='lat' dir='ltr'>FINIS.</span> 
     </span>
     <span class='ocr_line' id='line_1_21' title="bbox 766 2963 1269 3054; baseline -0.004 -22"><span class='ocrx_word' id='word_1_153' title='bbox 766 2965 857 3050; x_wconf 80' lang='grc' dir='ltr'><em>Δόξα</em></span> <span class='ocrx_word' id='word_1_154' title='bbox 871 2965 917 3054; x_wconf 77' lang='grc' dir='ltr'>τῷ</span> <span class='ocrx_word' id='word_1_155' title='bbox 930 2967 965 3032; x_wconf 81' lang='grc' dir='ltr'>ἐν</span> <span class='ocrx_word' id='word_1_156' title='bbox 978 2963 1131 3052; x_wconf 71' lang='grc' dir='ltr'>ὑψίστοις</span> <span class='ocrx_word' id='word_1_157' title='bbox 1147 2965 1269 3031; x_wconf 84' lang='grc' dir='ltr'><strong><em>ΘΕΩι.</em></strong></span> 
     </span>
    </p>
   </div>
   <div class='ocr_carea' id='block_1_6' title="bbox 0 0 1918 5759">
    <p class='ocr_par' dir='ltr' id='par_1_7' title="bbox 0 0 1918 5759">
     <span class='ocr_line' id='line_1_22' title="bbox 0 0 1918 5759; baseline 0 2"><span class='ocrx_word' id='word_1_158' title='bbox 0 0 1918 5759; x_wconf 95' lang='lat' dir='ltr'> </span> 
     </span>
    </p>
   </div>
  </div>
 </body>
</html>
